{
    "2023-03-31": {
        "Tax Effect Of Unusual Items": -317.112282,
        "Tax Rate For Calcs": 0.009327,
        "Normalized EBITDA": 36469000.0,
        "Total Unusual Items": -34000.0,
        "Total Unusual Items Excluding Goodwill": -34000.0,
        "Net Income From Continuing Operation Net Minority Interest": 12182000.0,
        "Reconciled Depreciation": 2598000.0,
        "Reconciled Cost Of Revenue": 37760000.0,
        "EBITDA": 36435000.0,
        "EBIT": 33837000.0,
        "Net Interest Income": -3280000.0,
        "Interest Expense": 3280000.0,
        "Normalized Income": 12215682.887718,
        "Net Income From Continuing And Discontinued Operation": 12182000.0,
        "Total Expenses": 127519000.0,
        "Total Operating Income As Reported": 33510000.0,
        "Diluted Average Shares": 195823982.0,
        "Basic Average Shares": 77410820.0,
        "Diluted EPS": 0.15,
        "Basic EPS": 0.16,
        "Diluted NI Availto Com Stockholders": 29051000.0,
        "Average Dilution Earnings": 16869000.0,
        "Net Income Common Stockholders": 12182000.0,
        "Otherunder Preferred Stock Dividend": NaN,
        "Net Income": 12182000.0,
        "Minority Interests": -18090000.0,
        "Net Income Including Noncontrolling Interests": 30272000.0,
        "Net Income Continuous Operations": 30272000.0,
        "Tax Provision": 285000.0,
        "Pretax Income": 30557000.0,
        "Other Income Expense": 293000.0,
        "Other Non Operating Income Expenses": 327000.0,
        "Special Income Charges": -34000.0,
        "Other Special Charges": NaN,
        "Write Off": NaN,
        "Restructuring And Mergern Acquisition": 34000.0,
        "Net Non Operating Interest Income Expense": -3280000.0,
        "Interest Expense Non Operating": 3280000.0,
        "Operating Income": 33544000.0,
        "Operating Expense": 89759000.0,
        "Other Taxes": 456000.0,
        "Depreciation Amortization Depletion Income Statement": 2598000.0,
        "Depreciation And Amortization In Income Statement": 2598000.0,
        "Selling General And Administration": 86705000.0,
        "Selling And Marketing Expense": 54772000.0,
        "General And Administrative Expense": 31933000.0,
        "Other Gand A": 7242000.0,
        "Salaries And Wages": 24691000.0,
        "Gross Profit": 123303000.0,
        "Cost Of Revenue": 37760000.0,
        "Total Revenue": 161063000.0,
        "Operating Revenue": 161063000.0
    },
    "2022-12-31": {
        "Tax Effect Of Unusual Items": NaN,
        "Tax Rate For Calcs": NaN,
        "Normalized EBITDA": NaN,
        "Total Unusual Items": NaN,
        "Total Unusual Items Excluding Goodwill": NaN,
        "Net Income From Continuing Operation Net Minority Interest": NaN,
        "Reconciled Depreciation": NaN,
        "Reconciled Cost Of Revenue": NaN,
        "EBITDA": NaN,
        "EBIT": NaN,
        "Net Interest Income": NaN,
        "Interest Expense": NaN,
        "Normalized Income": NaN,
        "Net Income From Continuing And Discontinued Operation": NaN,
        "Total Expenses": NaN,
        "Total Operating Income As Reported": NaN,
        "Diluted Average Shares": NaN,
        "Basic Average Shares": NaN,
        "Diluted EPS": NaN,
        "Basic EPS": NaN,
        "Diluted NI Availto Com Stockholders": NaN,
        "Average Dilution Earnings": NaN,
        "Net Income Common Stockholders": NaN,
        "Otherunder Preferred Stock Dividend": 0.0,
        "Net Income": NaN,
        "Minority Interests": NaN,
        "Net Income Including Noncontrolling Interests": NaN,
        "Net Income Continuous Operations": NaN,
        "Tax Provision": NaN,
        "Pretax Income": NaN,
        "Other Income Expense": NaN,
        "Other Non Operating Income Expenses": NaN,
        "Special Income Charges": NaN,
        "Other Special Charges": 0.0,
        "Write Off": -845000.0,
        "Restructuring And Mergern Acquisition": NaN,
        "Net Non Operating Interest Income Expense": NaN,
        "Interest Expense Non Operating": NaN,
        "Operating Income": NaN,
        "Operating Expense": NaN,
        "Other Taxes": NaN,
        "Depreciation Amortization Depletion Income Statement": NaN,
        "Depreciation And Amortization In Income Statement": NaN,
        "Selling General And Administration": NaN,
        "Selling And Marketing Expense": NaN,
        "General And Administrative Expense": NaN,
        "Other Gand A": NaN,
        "Salaries And Wages": NaN,
        "Gross Profit": NaN,
        "Cost Of Revenue": NaN,
        "Total Revenue": NaN,
        "Operating Revenue": NaN
    },
    "2022-09-30": {
        "Tax Effect Of Unusual Items": NaN,
        "Tax Rate For Calcs": NaN,
        "Normalized EBITDA": NaN,
        "Total Unusual Items": NaN,
        "Total Unusual Items Excluding Goodwill": NaN,
        "Net Income From Continuing Operation Net Minority Interest": NaN,
        "Reconciled Depreciation": NaN,
        "Reconciled Cost Of Revenue": NaN,
        "EBITDA": NaN,
        "EBIT": NaN,
        "Net Interest Income": NaN,
        "Interest Expense": NaN,
        "Normalized Income": NaN,
        "Net Income From Continuing And Discontinued Operation": NaN,
        "Total Expenses": NaN,
        "Total Operating Income As Reported": NaN,
        "Diluted Average Shares": NaN,
        "Basic Average Shares": NaN,
        "Diluted EPS": NaN,
        "Basic EPS": NaN,
        "Diluted NI Availto Com Stockholders": NaN,
        "Average Dilution Earnings": NaN,
        "Net Income Common Stockholders": NaN,
        "Otherunder Preferred Stock Dividend": 0.0,
        "Net Income": NaN,
        "Minority Interests": NaN,
        "Net Income Including Noncontrolling Interests": NaN,
        "Net Income Continuous Operations": NaN,
        "Tax Provision": NaN,
        "Pretax Income": NaN,
        "Other Income Expense": NaN,
        "Other Non Operating Income Expenses": NaN,
        "Special Income Charges": NaN,
        "Other Special Charges": NaN,
        "Write Off": -1220000.0,
        "Restructuring And Mergern Acquisition": NaN,
        "Net Non Operating Interest Income Expense": NaN,
        "Interest Expense Non Operating": NaN,
        "Operating Income": NaN,
        "Operating Expense": NaN,
        "Other Taxes": NaN,
        "Depreciation Amortization Depletion Income Statement": NaN,
        "Depreciation And Amortization In Income Statement": NaN,
        "Selling General And Administration": NaN,
        "Selling And Marketing Expense": NaN,
        "General And Administrative Expense": NaN,
        "Other Gand A": NaN,
        "Salaries And Wages": NaN,
        "Gross Profit": NaN,
        "Cost Of Revenue": NaN,
        "Total Revenue": NaN,
        "Operating Revenue": NaN
    },
    "2022-06-30": {
        "Tax Effect Of Unusual Items": 0.0,
        "Tax Rate For Calcs": 0.0,
        "Normalized EBITDA": 28485000.0,
        "Total Unusual Items": 0.0,
        "Total Unusual Items Excluding Goodwill": 0.0,
        "Net Income From Continuing Operation Net Minority Interest": 9655000.0,
        "Reconciled Depreciation": 1726000.0,
        "Reconciled Cost Of Revenue": 32422000.0,
        "EBITDA": 28485000.0,
        "EBIT": 26759000.0,
        "Net Interest Income": -2699000.0,
        "Interest Expense": 2699000.0,
        "Normalized Income": 9655000.0,
        "Net Income From Continuing And Discontinued Operation": 9655000.0,
        "Total Expenses": 129767000.0,
        "Total Operating Income As Reported": 17927000.0,
        "Diluted Average Shares": 79259017.0,
        "Basic Average Shares": 79256354.0,
        "Diluted EPS": 0.12,
        "Basic EPS": 0.12,
        "Diluted NI Availto Com Stockholders": 9655000.0,
        "Average Dilution Earnings": 0.0,
        "Net Income Common Stockholders": 9655000.0,
        "Otherunder Preferred Stock Dividend": 0.0,
        "Net Income": 9655000.0,
        "Minority Interests": -14405000.0,
        "Net Income Including Noncontrolling Interests": 24060000.0,
        "Net Income Continuous Operations": 24060000.0,
        "Tax Provision": 0.0,
        "Pretax Income": 24060000.0,
        "Other Income Expense": 8832000.0,
        "Other Non Operating Income Expenses": 8832000.0,
        "Special Income Charges": 0.0,
        "Other Special Charges": NaN,
        "Write Off": NaN,
        "Restructuring And Mergern Acquisition": NaN,
        "Net Non Operating Interest Income Expense": -2699000.0,
        "Interest Expense Non Operating": 2699000.0,
        "Operating Income": 17927000.0,
        "Operating Expense": 97345000.0,
        "Other Taxes": 2443000.0,
        "Depreciation Amortization Depletion Income Statement": 1726000.0,
        "Depreciation And Amortization In Income Statement": 1726000.0,
        "Selling General And Administration": 93176000.0,
        "Selling And Marketing Expense": 59412000.0,
        "General And Administrative Expense": 33764000.0,
        "Other Gand A": 11068000.0,
        "Salaries And Wages": 22696000.0,
        "Gross Profit": 115272000.0,
        "Cost Of Revenue": 32422000.0,
        "Total Revenue": 147694000.0,
        "Operating Revenue": 147694000.0
    },
    "2022-03-31": {
        "Diluted EPS": 0.02,
        "Total Revenue": 131,
        "Gross Profit": 99,
        "Operating Income": 14,
        "EBIT": 16,
        "Net Income": 1
    },
    "2021-12-31": {
        "Diluted EPS": -0.27,
        "Total Revenue": 164,
        "Gross Profit": 128,
        "Operating Income": 46,
        "EBIT": 47,
        "Net Income": 17
    },
    "2021-09-30": {
        "Diluted EPS": 0.23,
        "Total Revenue": 140,
        "Gross Profit": 109,
        "Operating Income": 15,
        "EBIT": 18,
        "Net Income": NaN
    },
    "2021-06-30": {
        "Diluted EPS": 0.0,
        "Total Revenue": 115,
        "Gross Profit": 96,
        "Operating Income": 19,
        "EBIT": 21,
        "Net Income": NaN
    },
    "2021-03-31": {
        "Diluted EPS": 0.0,
        "Total Revenue": 24,
        "Gross Profit": 20,
        "Operating Income": -4,
        "EBIT": -2,
        "Net Income": -20
    },
    "2020-12-31": {
        "Diluted EPS": 0.0,
        "Total Revenue": NaN,
        "Gross Profit": NaN,
        "Operating Income": NaN,
        "EBIT": NaN,
        "Net Income": NaN
    },
    "2020-09-30": {
        "Diluted EPS": NaN,
        "Total Revenue": -7,
        "Gross Profit": -7,
        "Operating Income": -22,
        "EBIT": -22,
        "Net Income": -43
    },
    "2019-12-31": {
        "Diluted EPS": 0.0,
        "Total Revenue": NaN,
        "Gross Profit": NaN,
        "Operating Income": NaN,
        "EBIT": NaN,
        "Net Income": NaN
    },
    "2023-06-30": {
        "Tax Effect Of Unusual Items": 220920.0,
        "Tax Rate For Calcs": 0.21,
        "Normalized EBITDA": 18265000.0,
        "Total Unusual Items": 1052000.0,
        "Total Unusual Items Excluding Goodwill": 1052000.0,
        "Net Income From Continuing Operation Net Minority Interest": 30712000.0,
        "Reconciled Depreciation": 2704000.0,
        "Reconciled Cost Of Revenue": 42616000.0,
        "EBITDA": 19317000.0,
        "EBIT": 16613000.0,
        "Net Interest Income": -2772000.0,
        "Interest Expense": 2772000.0,
        "Normalized Income": 29880920.0,
        "Net Income From Continuing And Discontinued Operation": 30712000.0,
        "Total Expenses": 148819000.0,
        "Total Operating Income As Reported": 17613000.0,
        "Diluted Average Shares": 96320308.0,
        "Basic Average Shares": 96320308.0,
        "Diluted EPS": 0.318853,
        "Basic EPS": 0.318853,
        "Diluted NI Availto Com Stockholders": 39495000.0,
        "Average Dilution Earnings": 8783000.0,
        "Net Income Common Stockholders": 30712000.0,
        "Net Income": 30712000.0,
        "Minority Interests": -7614000.0,
        "Net Income Including Noncontrolling Interests": 38326000.0,
        "Net Income Continuous Operations": 38326000.0,
        "Tax Provision": -24485000.0,
        "Pretax Income": 13841000.0,
        "Other Income Expense": 52000.0,
        "Other Non Operating Income Expenses": -1000000.0,
        "Special Income Charges": 1052000.0,
        "Restructuring And Mergern Acquisition": -1052000.0,
        "Net Non Operating Interest Income Expense": -2772000.0,
        "Interest Expense Non Operating": 2772000.0,
        "Operating Income": 16561000.0,
        "Operating Expense": 106203000.0,
        "Other Taxes": 498000.0,
        "Depreciation Amortization Depletion Income Statement": 2704000.0,
        "Depreciation And Amortization In Income Statement": 2704000.0,
        "Selling General And Administration": 103001000.0,
        "Selling And Marketing Expense": 65192000.0,
        "General And Administrative Expense": 37809000.0,
        "Other Gand A": 11449000.0,
        "Salaries And Wages": 26360000.0,
        "Gross Profit": 122764000.0,
        "Cost Of Revenue": 42616000.0,
        "Total Revenue": 165380000.0,
        "Operating Revenue": 165380000.0
    },
    "2023-09-30": {
        "Tax Effect Of Unusual Items": -2788.373717,
        "Tax Rate For Calcs": 0.139419,
        "Normalized EBITDA": 24478000.0,
        "Total Unusual Items": -20000.0,
        "Total Unusual Items Excluding Goodwill": -20000.0,
        "Net Income From Continuing Operation Net Minority Interest": 6677000.0,
        "Reconciled Depreciation": 3301000.0,
        "Reconciled Cost Of Revenue": 50462000.0,
        "EBITDA": 24458000.0,
        "EBIT": 21157000.0,
        "Net Interest Income": -2544000.0,
        "Interest Expense": 2544000.0,
        "Normalized Income": 6694211.626283,
        "Net Income From Continuing And Discontinued Operation": 6677000.0,
        "Total Expenses": 167994000.0,
        "Total Operating Income As Reported": 20119000.0,
        "Diluted Average Shares": 96862899.0,
        "Basic Average Shares": 96407327.0,
        "Diluted EPS": 0.07,
        "Basic EPS": 0.07,
        "Diluted NI Availto Com Stockholders": 6692000.0,
        "Average Dilution Earnings": 15000.0,
        "Net Income Common Stockholders": 6677000.0,
        "Net Income": 6677000.0,
        "Minority Interests": -9341000.0,
        "Net Income Including Noncontrolling Interests": 16018000.0,
        "Net Income Continuous Operations": 16018000.0,
        "Tax Provision": 2595000.0,
        "Pretax Income": 18613000.0,
        "Other Income Expense": 1018000.0,
        "Other Non Operating Income Expenses": 1038000.0,
        "Special Income Charges": -20000.0,
        "Restructuring And Mergern Acquisition": 20000.0,
        "Net Non Operating Interest Income Expense": -2544000.0,
        "Interest Expense Non Operating": 2544000.0,
        "Operating Income": 20139000.0,
        "Operating Expense": 117532000.0,
        "Other Taxes": 472000.0,
        "Depreciation Amortization Depletion Income Statement": 3301000.0,
        "Depreciation And Amortization In Income Statement": 3301000.0,
        "Selling General And Administration": 113759000.0,
        "Selling And Marketing Expense": 77006000.0,
        "General And Administrative Expense": 36753000.0,
        "Other Gand A": 9013000.0,
        "Salaries And Wages": 27740000.0,
        "Gross Profit": 137671000.0,
        "Cost Of Revenue": 50462000.0,
        "Total Revenue": 188133000.0,
        "Operating Revenue": 188133000.0
    },
    "2023-12-31": {
        "Tax Effect Of Unusual Items": NaN,
        "Tax Rate For Calcs": NaN,
        "Normalized EBITDA": NaN,
        "Total Unusual Items": NaN,
        "Total Unusual Items Excluding Goodwill": NaN,
        "Net Income From Continuing Operation Net Minority Interest": NaN,
        "Reconciled Depreciation": NaN,
        "Reconciled Cost Of Revenue": NaN,
        "EBITDA": NaN,
        "EBIT": NaN,
        "Net Interest Income": NaN,
        "Interest Expense": NaN,
        "Normalized Income": NaN,
        "Net Income From Continuing And Discontinued Operation": NaN,
        "Total Expenses": NaN,
        "Total Operating Income As Reported": NaN,
        "Diluted Average Shares": NaN,
        "Basic Average Shares": NaN,
        "Diluted EPS": NaN,
        "Basic EPS": NaN,
        "Diluted NI Availto Com Stockholders": NaN,
        "Average Dilution Earnings": NaN,
        "Net Income Common Stockholders": NaN,
        "Net Income": NaN,
        "Minority Interests": NaN,
        "Net Income Including Noncontrolling Interests": NaN,
        "Net Income Continuous Operations": NaN,
        "Tax Provision": NaN,
        "Pretax Income": NaN,
        "Other Income Expense": NaN,
        "Other Non Operating Income Expenses": NaN,
        "Special Income Charges": NaN,
        "Other Special Charges": NaN,
        "Write Off": NaN,
        "Restructuring And Mergern Acquisition": 0.0,
        "Net Non Operating Interest Income Expense": NaN,
        "Interest Expense Non Operating": NaN,
        "Operating Income": NaN,
        "Operating Expense": NaN,
        "Other Taxes": NaN,
        "Depreciation Amortization Depletion Income Statement": NaN,
        "Depreciation And Amortization In Income Statement": NaN,
        "Selling General And Administration": NaN,
        "Selling And Marketing Expense": NaN,
        "General And Administrative Expense": NaN,
        "Other Gand A": NaN,
        "Salaries And Wages": NaN,
        "Gross Profit": NaN,
        "Cost Of Revenue": NaN,
        "Total Revenue": NaN,
        "Operating Revenue": NaN
    },
    "2024-03-31": {
        "Tax Effect Of Unusual Items": NaN,
        "Tax Rate For Calcs": NaN,
        "Normalized EBITDA": NaN,
        "Total Unusual Items": NaN,
        "Total Unusual Items Excluding Goodwill": NaN,
        "Net Income From Continuing Operation Net Minority Interest": NaN,
        "Reconciled Depreciation": NaN,
        "Reconciled Cost Of Revenue": NaN,
        "EBITDA": NaN,
        "EBIT": NaN,
        "Net Interest Income": NaN,
        "Interest Expense": NaN,
        "Normalized Income": NaN,
        "Net Income From Continuing And Discontinued Operation": NaN,
        "Total Expenses": NaN,
        "Total Operating Income As Reported": NaN,
        "Diluted Average Shares": NaN,
        "Basic Average Shares": NaN,
        "Diluted EPS": NaN,
        "Basic EPS": NaN,
        "Diluted NI Availto Com Stockholders": NaN,
        "Average Dilution Earnings": NaN,
        "Net Income Common Stockholders": NaN,
        "Net Income": NaN,
        "Minority Interests": NaN,
        "Net Income Including Noncontrolling Interests": NaN,
        "Net Income Continuous Operations": NaN,
        "Tax Provision": NaN,
        "Pretax Income": NaN,
        "Other Income Expense": NaN,
        "Other Non Operating Income Expenses": NaN,
        "Special Income Charges": NaN,
        "Other Special Charges": NaN,
        "Write Off": NaN,
        "Restructuring And Mergern Acquisition": 0.0,
        "Net Non Operating Interest Income Expense": NaN,
        "Interest Expense Non Operating": NaN,
        "Operating Income": NaN,
        "Operating Expense": NaN,
        "Other Taxes": NaN,
        "Depreciation Amortization Depletion Income Statement": NaN,
        "Depreciation And Amortization In Income Statement": NaN,
        "Selling General And Administration": NaN,
        "Selling And Marketing Expense": NaN,
        "General And Administrative Expense": NaN,
        "Other Gand A": NaN,
        "Salaries And Wages": NaN,
        "Gross Profit": NaN,
        "Cost Of Revenue": NaN,
        "Total Revenue": NaN,
        "Operating Revenue": NaN
    },
    "2024-06-30": {
        "Tax Effect Of Unusual Items": 0.0,
        "Tax Rate For Calcs": 0.21,
        "Normalized EBITDA": 15182000.0,
        "Total Unusual Items": 0.0,
        "Total Unusual Items Excluding Goodwill": 0.0,
        "Net Income From Continuing Operation Net Minority Interest": -1061000.0,
        "Reconciled Depreciation": 10502000.0,
        "Reconciled Cost Of Revenue": 48765000.0,
        "EBITDA": 15182000.0,
        "EBIT": 4680000.0,
        "Net Interest Income": -5324000.0,
        "Interest Expense": 5324000.0,
        "Normalized Income": -1061000.0,
        "Net Income From Continuing And Discontinued Operation": -1061000.0,
        "Total Expenses": 190434000.0,
        "Total Operating Income As Reported": 7882000.0,
        "Diluted Average Shares": 6590227.0,
        "Basic Average Shares": 6590227.0,
        "Diluted EPS": -0.160996,
        "Basic EPS": -0.160996,
        "Diluted NI Availto Com Stockholders": -1875000.0,
        "Average Dilution Earnings": -814000.0,
        "Net Income Common Stockholders": -1061000.0,
        "Net Income": -1061000.0,
        "Minority Interests": 160000.0,
        "Net Income Including Noncontrolling Interests": -1221000.0,
        "Net Income Continuous Operations": -1221000.0,
        "Tax Provision": 577000.0,
        "Pretax Income": -644000.0,
        "Other Income Expense": -3202000.0,
        "Other Non Operating Income Expenses": -3202000.0,
        "Special Income Charges": 0.0,
        "Other Special Charges": NaN,
        "Write Off": 0.0,
        "Restructuring And Mergern Acquisition": 0.0,
        "Net Non Operating Interest Income Expense": -5324000.0,
        "Interest Expense Non Operating": 5324000.0,
        "Operating Income": 7882000.0,
        "Operating Expense": 141669000.0,
        "Other Taxes": 5522000.0,
        "Depreciation Amortization Depletion Income Statement": 10502000.0,
        "Depreciation And Amortization In Income Statement": 10502000.0,
        "Selling General And Administration": 125645000.0,
        "Selling And Marketing Expense": 70114000.0,
        "General And Administrative Expense": 55531000.0,
        "Other Gand A": 12443000.0,
        "Salaries And Wages": 43088000.0,
        "Gross Profit": 149551000.0,
        "Cost Of Revenue": 48765000.0,
        "Total Revenue": 198316000.0,
        "Operating Revenue": 198316000.0
    },
    "2024-09-30": {
        "Tax Effect Of Unusual Items": 0.0,
        "Tax Rate For Calcs": 0.318108,
        "Normalized EBITDA": 30455000.0,
        "Total Unusual Items": 0.0,
        "Total Unusual Items Excluding Goodwill": 0.0,
        "Net Income From Continuing Operation Net Minority Interest": 5296000.0,
        "Reconciled Depreciation": 10669000.0,
        "Reconciled Cost Of Revenue": 51029000.0,
        "EBITDA": 30455000.0,
        "EBIT": 19786000.0,
        "Net Interest Income": -6300000.0,
        "Interest Expense": 6300000.0,
        "Normalized Income": 5296000.0,
        "Net Income From Continuing And Discontinued Operation": 5296000.0,
        "Total Expenses": 175839000.0,
        "Total Operating Income As Reported": 10766000.0,
        "Diluted Average Shares": 6571643.0,
        "Basic Average Shares": 6571643.0,
        "Diluted EPS": 0.805887,
        "Basic EPS": 0.805887,
        "Diluted NI Availto Com Stockholders": 5298000.0,
        "Average Dilution Earnings": 2000.0,
        "Net Income Common Stockholders": 5296000.0,
        "Net Income": 5296000.0,
        "Minority Interests": -3900000.0,
        "Net Income Including Noncontrolling Interests": 9196000.0,
        "Net Income Continuous Operations": 9196000.0,
        "Tax Provision": 4290000.0,
        "Pretax Income": 13486000.0,
        "Other Income Expense": 9020000.0,
        "Other Non Operating Income Expenses": 9020000.0,
        "Special Income Charges": 0.0,
        "Other Special Charges": NaN,
        "Write Off": NaN,
        "Restructuring And Mergern Acquisition": 0.0,
        "Net Non Operating Interest Income Expense": -6300000.0,
        "Interest Expense Non Operating": 6300000.0,
        "Operating Income": 10766000.0,
        "Operating Expense": 124810000.0,
        "Other Taxes": 750000.0,
        "Depreciation Amortization Depletion Income Statement": 10669000.0,
        "Depreciation And Amortization In Income Statement": 10669000.0,
        "Selling General And Administration": 113391000.0,
        "Selling And Marketing Expense": 67835000.0,
        "General And Administrative Expense": 45556000.0,
        "Other Gand A": 13399000.0,
        "Salaries And Wages": 32157000.0,
        "Gross Profit": 135576000.0,
        "Cost Of Revenue": 51029000.0,
        "Total Revenue": 186605000.0,
        "Operating Revenue": 186605000.0
    },
    "2024-12-31": {
        "Tax Effect Of Unusual Items": 0.0,
        "Tax Rate For Calcs": 0.21,
        "Normalized EBITDA": 17614000.0,
        "Total Unusual Items": 0.0,
        "Total Unusual Items Excluding Goodwill": 0.0,
        "Net Income From Continuing Operation Net Minority Interest": -886000.0,
        "Reconciled Depreciation": 14281000.0,
        "Reconciled Cost Of Revenue": 50780000.0,
        "EBITDA": 17614000.0,
        "EBIT": 3333000.0,
        "Net Interest Income": -6466000.0,
        "Interest Expense": 6466000.0,
        "Normalized Income": -886000.0,
        "Net Income From Continuing And Discontinued Operation": -886000.0,
        "Total Expenses": 196910000.0,
        "Total Operating Income As Reported": 2903000.0,
        "Diluted Average Shares": 6619287.0,
        "Basic Average Shares": 6619287.0,
        "Diluted EPS": -0.134002,
        "Basic EPS": -0.134002,
        "Diluted NI Availto Com Stockholders": 1424000.0,
        "Average Dilution Earnings": 2310000.0,
        "Net Income Common Stockholders": -886000.0,
        "Net Income": -886000.0,
        "Minority Interests": 3528000.0,
        "Net Income Including Noncontrolling Interests": -4414000.0,
        "Net Income Continuous Operations": -4414000.0,
        "Tax Provision": 1281000.0,
        "Pretax Income": -3133000.0,
        "Other Income Expense": 430000.0,
        "Other Non Operating Income Expenses": 430000.0,
        "Special Income Charges": 0.0,
        "Other Special Charges": NaN,
        "Write Off": NaN,
        "Restructuring And Mergern Acquisition": 0.0,
        "Net Non Operating Interest Income Expense": -6466000.0,
        "Interest Expense Non Operating": 6466000.0,
        "Operating Income": 2903000.0,
        "Operating Expense": 144433000.0,
        "Other Taxes": 3550000.0,
        "Depreciation Amortization Depletion Income Statement": 12584000.0,
        "Depreciation And Amortization In Income Statement": 12584000.0,
        "Selling General And Administration": 128299000.0,
        "Selling And Marketing Expense": 79451000.0,
        "General And Administrative Expense": 48848000.0,
        "Other Gand A": 14502000.0,
        "Salaries And Wages": 34346000.0,
        "Gross Profit": 147336000.0,
        "Cost Of Revenue": 52477000.0,
        "Total Revenue": 199813000.0,
        "Operating Revenue": 199813000.0
    },
    "2025-03-31": {
        "Tax Effect Of Unusual Items": -168210.0,
        "Tax Rate For Calcs": 0.21,
        "Normalized EBITDA": 11458000.0,
        "Total Unusual Items": -801000.0,
        "Total Unusual Items Excluding Goodwill": -801000.0,
        "Net Income From Continuing Operation Net Minority Interest": -5942000.0,
        "Reconciled Depreciation": 11625000.0,
        "Reconciled Cost Of Revenue": 44525000.0,
        "EBITDA": 10657000.0,
        "EBIT": -968000.0,
        "Net Interest Income": -5665000.0,
        "Interest Expense": 5665000.0,
        "Normalized Income": -5309210.0,
        "Net Income From Continuing And Discontinued Operation": -5942000.0,
        "Total Expenses": 168344000.0,
        "Total Operating Income As Reported": -4321000.0,
        "Diluted Average Shares": 10456261.0,
        "Basic Average Shares": 6645011.0,
        "Diluted EPS": -1.0,
        "Basic EPS": -0.8,
        "Diluted NI Availto Com Stockholders": -9858000.0,
        "Average Dilution Earnings": -3916000.0,
        "Net Income Common Stockholders": -5942000.0,
        "Net Income": -5942000.0,
        "Minority Interests": 3846000.0,
        "Net Income Including Noncontrolling Interests": -9788000.0,
        "Net Income Continuous Operations": -9788000.0,
        "Tax Provision": 3155000.0,
        "Pretax Income": -6633000.0,
        "Other Income Expense": 3353000.0,
        "Other Non Operating Income Expenses": 4154000.0,
        "Special Income Charges": -801000.0,
        "Other Special Charges": 801000.0,
        "Write Off": NaN,
        "Restructuring And Mergern Acquisition": NaN,
        "Net Non Operating Interest Income Expense": -5665000.0,
        "Interest Expense Non Operating": 5665000.0,
        "Operating Income": -4321000.0,
        "Operating Expense": 123819000.0,
        "Other Taxes": -1438000.0,
        "Depreciation Amortization Depletion Income Statement": 11625000.0,
        "Depreciation And Amortization In Income Statement": 11625000.0,
        "Selling General And Administration": 113632000.0,
        "Selling And Marketing Expense": 64112000.0,
        "General And Administrative Expense": 49520000.0,
        "Other Gand A": 16245000.0,
        "Salaries And Wages": 33275000.0,
        "Gross Profit": 119498000.0,
        "Cost Of Revenue": 44525000.0,
        "Total Revenue": 164023000.0,
        "Operating Revenue": 164023000.0
    },
    "2025-06-30": {
        "Tax Effect Of Unusual Items": -67294290.0,
        "Tax Rate For Calcs": 0.21,
        "Normalized EBITDA": 151262000.0,
        "Total Unusual Items": -320449000.0,
        "Total Unusual Items Excluding Goodwill": -320449000.0,
        "Net Income From Continuing Operation Net Minority Interest": -139675000.0,
        "Reconciled Depreciation": 12341000.0,
        "Reconciled Cost Of Revenue": 42429000.0,
        "EBITDA": -169187000.0,
        "EBIT": -181528000.0,
        "Net Interest Income": -5634000.0,
        "Interest Expense": 5634000.0,
        "Normalized Income": 113479710.0,
        "Net Income From Continuing And Discontinued Operation": -139675000.0,
        "Total Expenses": 154842000.0,
        "Total Operating Income As Reported": -331725000.0,
        "Diluted Average Shares": 10348131.0,
        "Basic Average Shares": 6526898.0,
        "Diluted EPS": -25.4,
        "Basic EPS": -21.4,
        "Diluted NI Availto Com Stockholders": -263526000.0,
        "Average Dilution Earnings": -123851000.0,
        "Net Income Common Stockholders": -139675000.0,
        "Net Income": -139675000.0,
        "Minority Interests": 123652000.0,
        "Net Income Including Noncontrolling Interests": -263327000.0,
        "Net Income Continuous Operations": -263327000.0,
        "Tax Provision": 76165000.0,
        "Pretax Income": -187162000.0,
        "Other Income Expense": -170252000.0,
        "Other Non Operating Income Expenses": 150197000.0,
        "Special Income Charges": -320449000.0,
        "Other Special Charges": NaN,
        "Write Off": 320449000.0,
        "Restructuring And Mergern Acquisition": NaN,
        "Net Non Operating Interest Income Expense": -5634000.0,
        "Interest Expense Non Operating": 5634000.0,
        "Operating Income": -11276000.0,
        "Operating Expense": 112413000.0,
        "Other Taxes": 975000.0,
        "Depreciation Amortization Depletion Income Statement": 12341000.0,
        "Depreciation And Amortization In Income Statement": 12341000.0,
        "Selling General And Administration": 99097000.0,
        "Selling And Marketing Expense": 53800000.0,
        "General And Administrative Expense": 45297000.0,
        "Other Gand A": 11241000.0,
        "Salaries And Wages": 34056000.0,
        "Gross Profit": 101137000.0,
        "Cost Of Revenue": 42429000.0,
        "Total Revenue": 143566000.0,
        "Operating Revenue": 143566000.0
    }
}