{
    "2024-03-31": {
        "Tax Effect Of Unusual Items": NaN,
        "Tax Rate For Calcs": NaN,
        "Normalized EBITDA": NaN,
        "Total Unusual Items": NaN,
        "Total Unusual Items Excluding Goodwill": NaN,
        "Net Income From Continuing Operation Net Minority Interest": NaN,
        "Reconciled Depreciation": NaN,
        "Reconciled Cost Of Revenue": NaN,
        "EBITDA": NaN,
        "EBIT": NaN,
        "Net Interest Income": NaN,
        "Interest Expense": NaN,
        "Interest Income": NaN,
        "Normalized Income": NaN,
        "Net Income From Continuing And Discontinued Operation": NaN,
        "Total Expenses": NaN,
        "Total Operating Income As Reported": NaN,
        "Diluted Average Shares": 971055.0,
        "Basic Average Shares": 971055.0,
        "Diluted EPS": 22.66,
        "Basic EPS": 22.66,
        "Diluted NI Availto Com Stockholders": NaN,
        "Net Income Common Stockholders": NaN,
        "Net Income": NaN,
        "Minority Interests": NaN,
        "Net Income Including Noncontrolling Interests": NaN,
        "Net Income Continuous Operations": NaN,
        "Tax Provision": NaN,
        "Pretax Income": NaN,
        "Other Income Expense": NaN,
        "Other Non Operating Income Expenses": NaN,
        "Earnings From Equity Interest": NaN,
        "Gain On Sale Of Security": NaN,
        "Net Non Operating Interest Income Expense": NaN,
        "Interest Expense Non Operating": NaN,
        "Interest Income Non Operating": NaN,
        "Operating Income": NaN,
        "Operating Expense": NaN,
        "Selling General And Administration": NaN,
        "Gross Profit": NaN,
        "Cost Of Revenue": NaN,
        "Total Revenue": NaN,
        "Operating Revenue": NaN
    },
    "2023-12-31": {
        "Tax Effect Of Unusual Items": NaN,
        "Tax Rate For Calcs": NaN,
        "Normalized EBITDA": NaN,
        "Total Unusual Items": NaN,
        "Total Unusual Items Excluding Goodwill": NaN,
        "Net Income From Continuing Operation Net Minority Interest": NaN,
        "Reconciled Depreciation": NaN,
        "Reconciled Cost Of Revenue": NaN,
        "EBITDA": NaN,
        "EBIT": NaN,
        "Net Interest Income": NaN,
        "Interest Expense": NaN,
        "Interest Income": NaN,
        "Normalized Income": NaN,
        "Net Income From Continuing And Discontinued Operation": NaN,
        "Total Expenses": NaN,
        "Total Operating Income As Reported": NaN,
        "Diluted Average Shares": NaN,
        "Basic Average Shares": NaN,
        "Diluted EPS": NaN,
        "Basic EPS": NaN,
        "Diluted NI Availto Com Stockholders": NaN,
        "Net Income Common Stockholders": NaN,
        "Net Income": NaN,
        "Minority Interests": NaN,
        "Net Income Including Noncontrolling Interests": NaN,
        "Net Income Continuous Operations": NaN,
        "Tax Provision": NaN,
        "Pretax Income": NaN,
        "Other Income Expense": NaN,
        "Other Non Operating Income Expenses": 0.0,
        "Earnings From Equity Interest": NaN,
        "Gain On Sale Of Security": NaN,
        "Net Non Operating Interest Income Expense": NaN,
        "Interest Expense Non Operating": NaN,
        "Interest Income Non Operating": NaN,
        "Operating Income": NaN,
        "Operating Expense": NaN,
        "Selling General And Administration": NaN,
        "Gross Profit": NaN,
        "Cost Of Revenue": NaN,
        "Total Revenue": NaN,
        "Operating Revenue": NaN
    },
    "2023-09-30": {
        "Tax Effect Of Unusual Items": NaN,
        "Tax Rate For Calcs": NaN,
        "Normalized EBITDA": NaN,
        "Total Unusual Items": NaN,
        "Total Unusual Items Excluding Goodwill": NaN,
        "Net Income From Continuing Operation Net Minority Interest": NaN,
        "Reconciled Depreciation": NaN,
        "Reconciled Cost Of Revenue": NaN,
        "EBITDA": NaN,
        "EBIT": NaN,
        "Net Interest Income": NaN,
        "Interest Expense": NaN,
        "Interest Income": NaN,
        "Normalized Income": NaN,
        "Net Income From Continuing And Discontinued Operation": NaN,
        "Total Expenses": NaN,
        "Total Operating Income As Reported": NaN,
        "Diluted Average Shares": 1160779.0,
        "Basic Average Shares": 1160779.0,
        "Diluted EPS": 108.55,
        "Basic EPS": 108.55,
        "Diluted NI Availto Com Stockholders": NaN,
        "Net Income Common Stockholders": NaN,
        "Net Income": NaN,
        "Minority Interests": NaN,
        "Net Income Including Noncontrolling Interests": NaN,
        "Net Income Continuous Operations": NaN,
        "Tax Provision": NaN,
        "Pretax Income": NaN,
        "Other Income Expense": NaN,
        "Other Non Operating Income Expenses": 1000000.0,
        "Earnings From Equity Interest": NaN,
        "Gain On Sale Of Security": NaN,
        "Net Non Operating Interest Income Expense": NaN,
        "Interest Expense Non Operating": NaN,
        "Interest Income Non Operating": NaN,
        "Operating Income": NaN,
        "Operating Expense": NaN,
        "Selling General And Administration": NaN,
        "Gross Profit": NaN,
        "Cost Of Revenue": NaN,
        "Total Revenue": NaN,
        "Operating Revenue": NaN
    },
    "2023-06-30": {
        "Tax Effect Of Unusual Items": NaN,
        "Tax Rate For Calcs": NaN,
        "Normalized EBITDA": NaN,
        "Total Unusual Items": NaN,
        "Total Unusual Items Excluding Goodwill": NaN,
        "Net Income From Continuing Operation Net Minority Interest": NaN,
        "Reconciled Depreciation": NaN,
        "Reconciled Cost Of Revenue": NaN,
        "EBITDA": NaN,
        "EBIT": NaN,
        "Net Interest Income": NaN,
        "Interest Expense": NaN,
        "Interest Income": NaN,
        "Normalized Income": NaN,
        "Net Income From Continuing And Discontinued Operation": NaN,
        "Total Expenses": NaN,
        "Total Operating Income As Reported": NaN,
        "Diluted Average Shares": 1160779.0,
        "Basic Average Shares": 1160779.0,
        "Diluted EPS": 44.8,
        "Basic EPS": 44.8,
        "Diluted NI Availto Com Stockholders": NaN,
        "Net Income Common Stockholders": NaN,
        "Net Income": NaN,
        "Minority Interests": NaN,
        "Net Income Including Noncontrolling Interests": NaN,
        "Net Income Continuous Operations": NaN,
        "Tax Provision": NaN,
        "Pretax Income": NaN,
        "Other Income Expense": NaN,
        "Other Non Operating Income Expenses": 3000000.0,
        "Earnings From Equity Interest": NaN,
        "Gain On Sale Of Security": NaN,
        "Net Non Operating Interest Income Expense": NaN,
        "Interest Expense Non Operating": NaN,
        "Interest Income Non Operating": NaN,
        "Operating Income": NaN,
        "Operating Expense": NaN,
        "Selling General And Administration": NaN,
        "Gross Profit": NaN,
        "Cost Of Revenue": NaN,
        "Total Revenue": NaN,
        "Operating Revenue": NaN
    },
    "2023-03-31": {
        "Tax Effect Of Unusual Items": NaN,
        "Tax Rate For Calcs": NaN,
        "Normalized EBITDA": NaN,
        "Total Unusual Items": NaN,
        "Total Unusual Items Excluding Goodwill": NaN,
        "Net Income From Continuing Operation Net Minority Interest": NaN,
        "Reconciled Depreciation": NaN,
        "Reconciled Cost Of Revenue": NaN,
        "EBITDA": NaN,
        "EBIT": NaN,
        "Net Interest Income": NaN,
        "Interest Expense": NaN,
        "Interest Income": NaN,
        "Normalized Income": NaN,
        "Net Income From Continuing And Discontinued Operation": NaN,
        "Total Expenses": NaN,
        "Total Operating Income As Reported": NaN,
        "Diluted Average Shares": 1160779.0,
        "Basic Average Shares": 1160779.0,
        "Diluted EPS": -13.78,
        "Basic EPS": -13.78,
        "Diluted NI Availto Com Stockholders": NaN,
        "Net Income Common Stockholders": NaN,
        "Net Income": NaN,
        "Minority Interests": NaN,
        "Net Income Including Noncontrolling Interests": NaN,
        "Net Income Continuous Operations": NaN,
        "Tax Provision": NaN,
        "Pretax Income": NaN,
        "Other Income Expense": NaN,
        "Other Non Operating Income Expenses": NaN,
        "Earnings From Equity Interest": NaN,
        "Gain On Sale Of Security": NaN,
        "Net Non Operating Interest Income Expense": NaN,
        "Interest Expense Non Operating": NaN,
        "Interest Income Non Operating": NaN,
        "Operating Income": NaN,
        "Operating Expense": NaN,
        "Selling General And Administration": NaN,
        "Gross Profit": NaN,
        "Cost Of Revenue": NaN,
        "Total Revenue": NaN,
        "Operating Revenue": NaN
    },
    "2022-12-31": {
        "Tax Effect Of Unusual Items": NaN,
        "Tax Rate For Calcs": NaN,
        "Normalized EBITDA": NaN,
        "Total Unusual Items": NaN,
        "Total Unusual Items Excluding Goodwill": NaN,
        "Net Income From Continuing Operation Net Minority Interest": NaN,
        "Reconciled Depreciation": NaN,
        "Reconciled Cost Of Revenue": NaN,
        "EBITDA": NaN,
        "EBIT": NaN,
        "Net Interest Income": NaN,
        "Interest Expense": NaN,
        "Interest Income": NaN,
        "Normalized Income": NaN,
        "Net Income From Continuing And Discontinued Operation": NaN,
        "Total Expenses": NaN,
        "Total Operating Income As Reported": NaN,
        "Diluted Average Shares": NaN,
        "Basic Average Shares": NaN,
        "Diluted EPS": NaN,
        "Basic EPS": NaN,
        "Diluted NI Availto Com Stockholders": NaN,
        "Net Income Common Stockholders": NaN,
        "Net Income": NaN,
        "Minority Interests": NaN,
        "Net Income Including Noncontrolling Interests": NaN,
        "Net Income Continuous Operations": NaN,
        "Tax Provision": NaN,
        "Pretax Income": NaN,
        "Other Income Expense": NaN,
        "Other Non Operating Income Expenses": 1000000.0,
        "Earnings From Equity Interest": NaN,
        "Gain On Sale Of Security": NaN,
        "Net Non Operating Interest Income Expense": NaN,
        "Interest Expense Non Operating": NaN,
        "Interest Income Non Operating": NaN,
        "Operating Income": NaN,
        "Operating Expense": NaN,
        "Selling General And Administration": NaN,
        "Gross Profit": NaN,
        "Cost Of Revenue": NaN,
        "Total Revenue": NaN,
        "Operating Revenue": NaN
    },
    "2022-09-30": {
        "Tax Effect Of Unusual Items": NaN,
        "Tax Rate For Calcs": NaN,
        "Normalized EBITDA": NaN,
        "Total Unusual Items": NaN,
        "Total Unusual Items Excluding Goodwill": NaN,
        "Net Income From Continuing Operation Net Minority Interest": NaN,
        "Reconciled Depreciation": NaN,
        "Reconciled Cost Of Revenue": NaN,
        "EBITDA": NaN,
        "EBIT": NaN,
        "Net Interest Income": NaN,
        "Interest Expense": NaN,
        "Interest Income": NaN,
        "Normalized Income": NaN,
        "Net Income From Continuing And Discontinued Operation": NaN,
        "Total Expenses": NaN,
        "Total Operating Income As Reported": NaN,
        "Diluted Average Shares": 1160779.0,
        "Basic Average Shares": 1160779.0,
        "Diluted EPS": 125.78,
        "Basic EPS": 125.78,
        "Diluted NI Availto Com Stockholders": NaN,
        "Net Income Common Stockholders": NaN,
        "Net Income": NaN,
        "Minority Interests": NaN,
        "Net Income Including Noncontrolling Interests": NaN,
        "Net Income Continuous Operations": NaN,
        "Tax Provision": NaN,
        "Pretax Income": NaN,
        "Other Income Expense": NaN,
        "Other Non Operating Income Expenses": 1000000.0,
        "Earnings From Equity Interest": NaN,
        "Gain On Sale Of Security": NaN,
        "Net Non Operating Interest Income Expense": NaN,
        "Interest Expense Non Operating": NaN,
        "Interest Income Non Operating": NaN,
        "Operating Income": NaN,
        "Operating Expense": NaN,
        "Selling General And Administration": NaN,
        "Gross Profit": NaN,
        "Cost Of Revenue": NaN,
        "Total Revenue": NaN,
        "Operating Revenue": NaN
    },
    "2024-06-30": {
        "Tax Effect Of Unusual Items": NaN,
        "Tax Rate For Calcs": NaN,
        "Normalized EBITDA": NaN,
        "Total Unusual Items": -6000000.0,
        "Total Unusual Items Excluding Goodwill": -6000000.0,
        "Net Income From Continuing Operation Net Minority Interest": NaN,
        "Reconciled Depreciation": NaN,
        "Reconciled Cost Of Revenue": NaN,
        "EBITDA": NaN,
        "EBIT": NaN,
        "Net Interest Income": NaN,
        "Interest Expense": NaN,
        "Interest Income": 17000000.0,
        "Normalized Income": NaN,
        "Net Income From Continuing And Discontinued Operation": NaN,
        "Total Expenses": NaN,
        "Total Operating Income As Reported": NaN,
        "Diluted Average Shares": 971055.0,
        "Basic Average Shares": 971055.0,
        "Diluted EPS": 62.82,
        "Basic EPS": 62.82,
        "Diluted NI Availto Com Stockholders": NaN,
        "Net Income Common Stockholders": NaN,
        "Net Income": NaN,
        "Minority Interests": NaN,
        "Net Income Including Noncontrolling Interests": NaN,
        "Net Income Continuous Operations": NaN,
        "Tax Provision": NaN,
        "Pretax Income": NaN,
        "Other Income Expense": NaN,
        "Other Non Operating Income Expenses": -1000000.0,
        "Earnings From Equity Interest": NaN,
        "Gain On Sale Of Security": -6000000.0,
        "Net Non Operating Interest Income Expense": NaN,
        "Interest Expense Non Operating": NaN,
        "Interest Income Non Operating": 17000000.0,
        "Operating Income": NaN,
        "Operating Expense": NaN,
        "Selling General And Administration": NaN,
        "Gross Profit": NaN,
        "Cost Of Revenue": NaN,
        "Total Revenue": NaN,
        "Operating Revenue": NaN
    },
    "2024-09-30": {
        "Tax Effect Of Unusual Items": 0.0,
        "Tax Rate For Calcs": 0.21,
        "Normalized EBITDA": 135000000.0,
        "Total Unusual Items": -3000000.0,
        "Total Unusual Items Excluding Goodwill": -3000000.0,
        "Net Income From Continuing Operation Net Minority Interest": -149000000.0,
        "Reconciled Depreciation": 73000000.0,
        "Reconciled Cost Of Revenue": 2081000000.0,
        "EBITDA": 135000000.0,
        "EBIT": 62000000.0,
        "Net Interest Income": -21000000.0,
        "Interest Expense": 21000000.0,
        "Interest Income": 16000000.0,
        "Normalized Income": -149000000.0,
        "Net Income From Continuing And Discontinued Operation": -149000000.0,
        "Total Expenses": 2186000000.0,
        "Total Operating Income As Reported": 32000000.0,
        "Diluted Average Shares": 971055.0,
        "Basic Average Shares": 971055.0,
        "Diluted EPS": -153.44,
        "Basic EPS": -153.44,
        "Diluted NI Availto Com Stockholders": -149000000.0,
        "Net Income Common Stockholders": -149000000.0,
        "Net Income": -149000000.0,
        "Minority Interests": 0.0,
        "Net Income Including Noncontrolling Interests": -149000000.0,
        "Net Income Continuous Operations": -149000000.0,
        "Tax Provision": 190000000.0,
        "Pretax Income": 41000000.0,
        "Other Income Expense": 30000000.0,
        "Other Non Operating Income Expenses": NaN,
        "Earnings From Equity Interest": 17000000.0,
        "Gain On Sale Of Security": -3000000.0,
        "Net Non Operating Interest Income Expense": -21000000.0,
        "Interest Expense Non Operating": 21000000.0,
        "Interest Income Non Operating": 16000000.0,
        "Operating Income": 32000000.0,
        "Operating Expense": 105000000.0,
        "Selling General And Administration": 105000000.0,
        "Gross Profit": 137000000.0,
        "Cost Of Revenue": 2081000000.0,
        "Total Revenue": 2218000000.0,
        "Operating Revenue": 2149000000.0
    },
    "2024-12-31": {
        "Tax Effect Of Unusual Items": 420000.0,
        "Tax Rate For Calcs": 0.21,
        "Normalized EBITDA": 252000000.0,
        "Total Unusual Items": 2000000.0,
        "Total Unusual Items Excluding Goodwill": 2000000.0,
        "Net Income From Continuing Operation Net Minority Interest": 154000000.0,
        "Reconciled Depreciation": 96000000.0,
        "Reconciled Cost Of Revenue": 2259000000.0,
        "EBITDA": 254000000.0,
        "EBIT": 158000000.0,
        "Net Interest Income": -6000000.0,
        "Interest Expense": 22000000.0,
        "Interest Income": 16000000.0,
        "Normalized Income": 152420000.0,
        "Net Income From Continuing And Discontinued Operation": 154000000.0,
        "Total Expenses": 2368000000.0,
        "Total Operating Income As Reported": 114000000.0,
        "Diluted Average Shares": NaN,
        "Basic Average Shares": NaN,
        "Diluted EPS": NaN,
        "Basic EPS": NaN,
        "Diluted NI Availto Com Stockholders": 154000000.0,
        "Net Income Common Stockholders": 154000000.0,
        "Net Income": 154000000.0,
        "Minority Interests": -2000000.0,
        "Net Income Including Noncontrolling Interests": 156000000.0,
        "Net Income Continuous Operations": 156000000.0,
        "Tax Provision": -20000000.0,
        "Pretax Income": 136000000.0,
        "Other Income Expense": 28000000.0,
        "Other Non Operating Income Expenses": 0.0,
        "Earnings From Equity Interest": 26000000.0,
        "Gain On Sale Of Security": 2000000.0,
        "Net Non Operating Interest Income Expense": -6000000.0,
        "Interest Expense Non Operating": 22000000.0,
        "Interest Income Non Operating": 16000000.0,
        "Operating Income": 114000000.0,
        "Operating Expense": 109000000.0,
        "Selling General And Administration": 109000000.0,
        "Gross Profit": 223000000.0,
        "Cost Of Revenue": 2259000000.0,
        "Total Revenue": 2482000000.0,
        "Operating Revenue": 2413000000.0
    },
    "2025-03-31": {
        "Tax Effect Of Unusual Items": -3800000.0,
        "Tax Rate For Calcs": 0.2,
        "Normalized EBITDA": 147000000.0,
        "Total Unusual Items": -19000000.0,
        "Total Unusual Items Excluding Goodwill": -19000000.0,
        "Net Income From Continuing Operation Net Minority Interest": 32000000.0,
        "Reconciled Depreciation": 78000000.0,
        "Reconciled Cost Of Revenue": 2174000000.0,
        "EBITDA": 128000000.0,
        "EBIT": 50000000.0,
        "Net Interest Income": 8000000.0,
        "Interest Expense": 10000000.0,
        "Interest Income": 18000000.0,
        "Normalized Income": 47200000.0,
        "Net Income From Continuing And Discontinued Operation": 32000000.0,
        "Total Expenses": 2278000000.0,
        "Total Operating Income As Reported": 38000000.0,
        "Diluted Average Shares": 971055.0,
        "Basic Average Shares": 971055.0,
        "Diluted EPS": 32.95,
        "Basic EPS": 32.95,
        "Diluted NI Availto Com Stockholders": 32000000.0,
        "Net Income Common Stockholders": 32000000.0,
        "Net Income": 32000000.0,
        "Minority Interests": 0.0,
        "Net Income Including Noncontrolling Interests": 32000000.0,
        "Net Income Continuous Operations": 32000000.0,
        "Tax Provision": 8000000.0,
        "Pretax Income": 40000000.0,
        "Other Income Expense": -6000000.0,
        "Other Non Operating Income Expenses": NaN,
        "Earnings From Equity Interest": 13000000.0,
        "Gain On Sale Of Security": -19000000.0,
        "Net Non Operating Interest Income Expense": 8000000.0,
        "Interest Expense Non Operating": 10000000.0,
        "Interest Income Non Operating": 18000000.0,
        "Operating Income": 38000000.0,
        "Operating Expense": 104000000.0,
        "Selling General And Administration": 104000000.0,
        "Gross Profit": 142000000.0,
        "Cost Of Revenue": 2174000000.0,
        "Total Revenue": 2316000000.0,
        "Operating Revenue": 2263000000.0
    },
    "2025-06-30": {
        "Tax Effect Of Unusual Items": 2571428.571429,
        "Tax Rate For Calcs": 0.071429,
        "Normalized EBITDA": 174000000.0,
        "Total Unusual Items": 36000000.0,
        "Total Unusual Items Excluding Goodwill": 36000000.0,
        "Net Income From Continuing Operation Net Minority Interest": 102000000.0,
        "Reconciled Depreciation": 80000000.0,
        "Reconciled Cost Of Revenue": 2318000000.0,
        "EBITDA": 210000000.0,
        "EBIT": 130000000.0,
        "Net Interest Income": -4000000.0,
        "Interest Expense": 18000000.0,
        "Interest Income": 14000000.0,
        "Normalized Income": 68571428.571429,
        "Net Income From Continuing And Discontinued Operation": 102000000.0,
        "Total Expenses": 2428000000.0,
        "Total Operating Income As Reported": 52000000.0,
        "Diluted Average Shares": 969427.0,
        "Basic Average Shares": 969427.0,
        "Diluted EPS": 105.22,
        "Basic EPS": 105.22,
        "Diluted NI Availto Com Stockholders": 102000000.0,
        "Net Income Common Stockholders": 102000000.0,
        "Net Income": 102000000.0,
        "Minority Interests": -2000000.0,
        "Net Income Including Noncontrolling Interests": 104000000.0,
        "Net Income Continuous Operations": 104000000.0,
        "Tax Provision": 8000000.0,
        "Pretax Income": 112000000.0,
        "Other Income Expense": 64000000.0,
        "Other Non Operating Income Expenses": -1000000.0,
        "Earnings From Equity Interest": 29000000.0,
        "Gain On Sale Of Security": 36000000.0,
        "Net Non Operating Interest Income Expense": -4000000.0,
        "Interest Expense Non Operating": 18000000.0,
        "Interest Income Non Operating": 14000000.0,
        "Operating Income": 52000000.0,
        "Operating Expense": 110000000.0,
        "Selling General And Administration": 110000000.0,
        "Gross Profit": 162000000.0,
        "Cost Of Revenue": 2318000000.0,
        "Total Revenue": 2480000000.0,
        "Operating Revenue": 2426000000.0
    },
    "2025-09-30": {
        "Tax Effect Of Unusual Items": 0.0,
        "Tax Rate For Calcs": 0.12,
        "Normalized EBITDA": 224000000.0,
        "Total Unusual Items": NaN,
        "Total Unusual Items Excluding Goodwill": NaN,
        "Net Income From Continuing Operation Net Minority Interest": 109000000.0,
        "Reconciled Depreciation": 78000000.0,
        "Reconciled Cost Of Revenue": 2342000000.0,
        "EBITDA": 224000000.0,
        "EBIT": 146000000.0,
        "Net Interest Income": -21000000.0,
        "Interest Expense": 21000000.0,
        "Interest Income": NaN,
        "Normalized Income": 109000000.0,
        "Net Income From Continuing And Discontinued Operation": 109000000.0,
        "Total Expenses": 2456000000.0,
        "Total Operating Income As Reported": 84000000.0,
        "Diluted Average Shares": 958618.0,
        "Basic Average Shares": 958618.0,
        "Diluted EPS": 113.71,
        "Basic EPS": 113.71,
        "Diluted NI Availto Com Stockholders": 109000000.0,
        "Net Income Common Stockholders": 109000000.0,
        "Net Income": 109000000.0,
        "Minority Interests": -1000000.0,
        "Net Income Including Noncontrolling Interests": 110000000.0,
        "Net Income Continuous Operations": 110000000.0,
        "Tax Provision": 15000000.0,
        "Pretax Income": 125000000.0,
        "Other Income Expense": 62000000.0,
        "Other Non Operating Income Expenses": 23000000.0,
        "Earnings From Equity Interest": 39000000.0,
        "Gain On Sale Of Security": NaN,
        "Net Non Operating Interest Income Expense": -21000000.0,
        "Interest Expense Non Operating": 21000000.0,
        "Interest Income Non Operating": NaN,
        "Operating Income": 84000000.0,
        "Operating Expense": 114000000.0,
        "Selling General And Administration": 114000000.0,
        "Gross Profit": 198000000.0,
        "Cost Of Revenue": 2342000000.0,
        "Total Revenue": 2540000000.0,
        "Operating Revenue": 2467000000.0
    }
}