{
    "2023-03-31": {
        "Tax Effect Of Unusual Items": NaN,
        "Tax Rate For Calcs": NaN,
        "Normalized EBITDA": NaN,
        "Total Unusual Items": NaN,
        "Total Unusual Items Excluding Goodwill": NaN,
        "Net Income From Continuing Operation Net Minority Interest": NaN,
        "Reconciled Depreciation": NaN,
        "Reconciled Cost Of Revenue": NaN,
        "EBITDA": NaN,
        "EBIT": NaN,
        "Net Interest Income": NaN,
        "Interest Expense": NaN,
        "Interest Income": NaN,
        "Normalized Income": NaN,
        "Net Income From Continuing And Discontinued Operation": NaN,
        "Total Expenses": NaN,
        "Total Operating Income As Reported": NaN,
        "Diluted Average Shares": NaN,
        "Basic Average Shares": NaN,
        "Diluted EPS": NaN,
        "Basic EPS": NaN,
        "Diluted NI Availto Com Stockholders": NaN,
        "Net Income Common Stockholders": NaN,
        "Otherunder Preferred Stock Dividend": NaN,
        "Net Income": NaN,
        "Net Income Including Noncontrolling Interests": NaN,
        "Net Income Discontinuous Operations": NaN,
        "Net Income Continuous Operations": NaN,
        "Tax Provision": NaN,
        "Pretax Income": NaN,
        "Other Income Expense": NaN,
        "Other Non Operating Income Expenses": NaN,
        "Special Income Charges": NaN,
        "Gain On Sale Of Business": NaN,
        "Other Special Charges": 4900000.0,
        "Write Off": 0.0,
        "Restructuring And Mergern Acquisition": NaN,
        "Gain On Sale Of Security": NaN,
        "Net Non Operating Interest Income Expense": NaN,
        "Total Other Finance Cost": NaN,
        "Interest Expense Non Operating": NaN,
        "Interest Income Non Operating": NaN,
        "Operating Income": NaN,
        "Operating Expense": NaN,
        "Depreciation Amortization Depletion Income Statement": NaN,
        "Depreciation And Amortization In Income Statement": NaN,
        "Amortization": NaN,
        "Amortization Of Intangibles Income Statement": NaN,
        "Selling General And Administration": NaN,
        "General And Administrative Expense": 223700000.0,
        "Other Gand A": 221600000.0,
        "Salaries And Wages": 2100000.0,
        "Gross Profit": NaN,
        "Cost Of Revenue": NaN,
        "Total Revenue": NaN,
        "Operating Revenue": NaN
    },
    "2022-12-31": {
        "Tax Effect Of Unusual Items": NaN,
        "Tax Rate For Calcs": NaN,
        "Normalized EBITDA": NaN,
        "Total Unusual Items": NaN,
        "Total Unusual Items Excluding Goodwill": NaN,
        "Net Income From Continuing Operation Net Minority Interest": NaN,
        "Reconciled Depreciation": NaN,
        "Reconciled Cost Of Revenue": NaN,
        "EBITDA": NaN,
        "EBIT": NaN,
        "Net Interest Income": NaN,
        "Interest Expense": NaN,
        "Interest Income": 2300000.0,
        "Normalized Income": NaN,
        "Net Income From Continuing And Discontinued Operation": NaN,
        "Total Expenses": NaN,
        "Total Operating Income As Reported": NaN,
        "Diluted Average Shares": NaN,
        "Basic Average Shares": NaN,
        "Diluted EPS": NaN,
        "Basic EPS": NaN,
        "Diluted NI Availto Com Stockholders": NaN,
        "Net Income Common Stockholders": NaN,
        "Otherunder Preferred Stock Dividend": 0.0,
        "Net Income": NaN,
        "Net Income Including Noncontrolling Interests": NaN,
        "Net Income Discontinuous Operations": NaN,
        "Net Income Continuous Operations": NaN,
        "Tax Provision": NaN,
        "Pretax Income": NaN,
        "Other Income Expense": NaN,
        "Other Non Operating Income Expenses": NaN,
        "Special Income Charges": NaN,
        "Gain On Sale Of Business": NaN,
        "Other Special Charges": 0.0,
        "Write Off": NaN,
        "Restructuring And Mergern Acquisition": NaN,
        "Gain On Sale Of Security": NaN,
        "Net Non Operating Interest Income Expense": NaN,
        "Total Other Finance Cost": NaN,
        "Interest Expense Non Operating": NaN,
        "Interest Income Non Operating": 2300000.0,
        "Operating Income": NaN,
        "Operating Expense": NaN,
        "Depreciation Amortization Depletion Income Statement": NaN,
        "Depreciation And Amortization In Income Statement": NaN,
        "Amortization": NaN,
        "Amortization Of Intangibles Income Statement": NaN,
        "Selling General And Administration": NaN,
        "General And Administrative Expense": NaN,
        "Other Gand A": NaN,
        "Salaries And Wages": NaN,
        "Gross Profit": NaN,
        "Cost Of Revenue": NaN,
        "Total Revenue": NaN,
        "Operating Revenue": NaN
    },
    "2022-09-30": {
        "Tax Effect Of Unusual Items": NaN,
        "Tax Rate For Calcs": NaN,
        "Normalized EBITDA": NaN,
        "Total Unusual Items": NaN,
        "Total Unusual Items Excluding Goodwill": NaN,
        "Net Income From Continuing Operation Net Minority Interest": NaN,
        "Reconciled Depreciation": NaN,
        "Reconciled Cost Of Revenue": NaN,
        "EBITDA": NaN,
        "EBIT": NaN,
        "Net Interest Income": NaN,
        "Interest Expense": NaN,
        "Interest Income": 1800000.0,
        "Normalized Income": NaN,
        "Net Income From Continuing And Discontinued Operation": NaN,
        "Total Expenses": NaN,
        "Total Operating Income As Reported": NaN,
        "Diluted Average Shares": NaN,
        "Basic Average Shares": NaN,
        "Diluted EPS": NaN,
        "Basic EPS": NaN,
        "Diluted NI Availto Com Stockholders": NaN,
        "Net Income Common Stockholders": NaN,
        "Otherunder Preferred Stock Dividend": 0.0,
        "Net Income": NaN,
        "Net Income Including Noncontrolling Interests": NaN,
        "Net Income Discontinuous Operations": NaN,
        "Net Income Continuous Operations": NaN,
        "Tax Provision": NaN,
        "Pretax Income": NaN,
        "Other Income Expense": NaN,
        "Other Non Operating Income Expenses": NaN,
        "Special Income Charges": NaN,
        "Gain On Sale Of Business": -300000.0,
        "Other Special Charges": NaN,
        "Write Off": NaN,
        "Restructuring And Mergern Acquisition": NaN,
        "Gain On Sale Of Security": NaN,
        "Net Non Operating Interest Income Expense": NaN,
        "Total Other Finance Cost": NaN,
        "Interest Expense Non Operating": NaN,
        "Interest Income Non Operating": 1800000.0,
        "Operating Income": NaN,
        "Operating Expense": NaN,
        "Depreciation Amortization Depletion Income Statement": NaN,
        "Depreciation And Amortization In Income Statement": NaN,
        "Amortization": NaN,
        "Amortization Of Intangibles Income Statement": NaN,
        "Selling General And Administration": NaN,
        "General And Administrative Expense": NaN,
        "Other Gand A": NaN,
        "Salaries And Wages": NaN,
        "Gross Profit": NaN,
        "Cost Of Revenue": NaN,
        "Total Revenue": NaN,
        "Operating Revenue": NaN
    },
    "2022-06-30": {
        "Tax Effect Of Unusual Items": -952000.0,
        "Tax Rate For Calcs": 0.272,
        "Normalized EBITDA": 209000000.0,
        "Total Unusual Items": -3500000.0,
        "Total Unusual Items Excluding Goodwill": -3500000.0,
        "Net Income From Continuing Operation Net Minority Interest": 114400000.0,
        "Reconciled Depreciation": 8900000.0,
        "Reconciled Cost Of Revenue": 979700000.0,
        "EBITDA": 205500000.0,
        "EBIT": 196600000.0,
        "Net Interest Income": -39500000.0,
        "Interest Expense": 39500000.0,
        "Interest Income": 1700000.0,
        "Normalized Income": 116948000.0,
        "Net Income From Continuing And Discontinued Operation": 113900000.0,
        "Total Expenses": 1187800000.0,
        "Total Operating Income As Reported": 226700000.0,
        "Diluted Average Shares": 147500000.0,
        "Basic Average Shares": 146000000.0,
        "Diluted EPS": 0.77,
        "Basic EPS": 0.78,
        "Diluted NI Availto Com Stockholders": 113900000.0,
        "Net Income Common Stockholders": 113900000.0,
        "Otherunder Preferred Stock Dividend": NaN,
        "Net Income": 113900000.0,
        "Net Income Including Noncontrolling Interests": 113900000.0,
        "Net Income Discontinuous Operations": -500000.0,
        "Net Income Continuous Operations": 114400000.0,
        "Tax Provision": 42700000.0,
        "Pretax Income": 157100000.0,
        "Other Income Expense": -33600000.0,
        "Other Non Operating Income Expenses": -30100000.0,
        "Special Income Charges": -3500000.0,
        "Gain On Sale Of Business": NaN,
        "Other Special Charges": 10500000.0,
        "Write Off": 16100000.0,
        "Restructuring And Mergern Acquisition": 3500000.0,
        "Gain On Sale Of Security": -2700000.0,
        "Net Non Operating Interest Income Expense": -39500000.0,
        "Total Other Finance Cost": 1500000.0,
        "Interest Expense Non Operating": 39500000.0,
        "Interest Income Non Operating": 1700000.0,
        "Operating Income": 230200000.0,
        "Operating Expense": 208100000.0,
        "Depreciation Amortization Depletion Income Statement": 8900000.0,
        "Depreciation And Amortization In Income Statement": 8900000.0,
        "Amortization": 8900000.0,
        "Amortization Of Intangibles Income Statement": 8900000.0,
        "Selling General And Administration": 199200000.0,
        "Gross Profit": 438300000.0,
        "Cost Of Revenue": 979700000.0,
        "Total Revenue": 1418000000.0,
        "Operating Revenue": 1418000000.0
    },
    "2022-03-31": {
        "Diluted EPS": 1.0,
        "Total Revenue": NaN,
        "Gross Profit": 477,
        "Operating Income": 262,
        "EBIT": 307,
        "Net Income": 149
    },
    "2021-12-31": {
        "Diluted EPS": 1.19,
        "Total Revenue": NaN,
        "Gross Profit": 475,
        "Operating Income": 300,
        "EBIT": 351,
        "Net Income": 181
    },
    "2021-09-30": {
        "Diluted EPS": 0.71,
        "Total Revenue": NaN,
        "Gross Profit": 404,
        "Operating Income": 201,
        "EBIT": 246,
        "Net Income": 108
    },
    "2021-06-30": {
        "Diluted EPS": 0.71,
        "Total Revenue": NaN,
        "Gross Profit": 401,
        "Operating Income": 197,
        "EBIT": 243,
        "Net Income": 108
    },
    "2021-03-31": {
        "Diluted EPS": 0.71,
        "Total Revenue": NaN,
        "Gross Profit": 401,
        "Operating Income": 203,
        "EBIT": 248,
        "Net Income": 110
    },
    "2020-12-31": {
        "Diluted EPS": 0.9,
        "Total Revenue": NaN,
        "Gross Profit": 424,
        "Operating Income": 221,
        "EBIT": 265,
        "Net Income": 142
    },
    "2020-09-30": {
        "Diluted EPS": 0.86,
        "Total Revenue": NaN,
        "Gross Profit": 405,
        "Operating Income": 195,
        "EBIT": 238,
        "Net Income": 134
    },
    "2020-06-30": {
        "Diluted EPS": 0.64,
        "Total Revenue": NaN,
        "Gross Profit": 390,
        "Operating Income": 186,
        "EBIT": 229,
        "Net Income": 100
    },
    "2020-03-31": {
        "Diluted EPS": 0.82,
        "Total Revenue": NaN,
        "Gross Profit": 391,
        "Operating Income": 187,
        "EBIT": 230,
        "Net Income": 127
    },
    "2019-12-31": {
        "Diluted EPS": 0.67,
        "Total Revenue": NaN,
        "Gross Profit": 429,
        "Operating Income": 205,
        "EBIT": 249,
        "Net Income": 104
    },
    "2019-09-30": {
        "Diluted EPS": 0.44,
        "Total Revenue": NaN,
        "Gross Profit": 392,
        "Operating Income": 154,
        "EBIT": 195,
        "Net Income": 68
    },
    "2019-06-30": {
        "Diluted EPS": 0.21,
        "Total Revenue": NaN,
        "Gross Profit": 378,
        "Operating Income": 78,
        "EBIT": 112,
        "Net Income": 33
    },
    "2019-03-31": {
        "Diluted EPS": 0.37,
        "Total Revenue": NaN,
        "Gross Profit": 365,
        "Operating Income": 141,
        "EBIT": 174,
        "Net Income": 58
    },
    "2018-12-31": {
        "Diluted EPS": 1.2,
        "Total Revenue": NaN,
        "Gross Profit": 399,
        "Operating Income": 165,
        "EBIT": 198,
        "Net Income": 200
    },
    "2018-09-30": {
        "Diluted EPS": 0.5,
        "Total Revenue": NaN,
        "Gross Profit": 366,
        "Operating Income": 163,
        "EBIT": 196,
        "Net Income": 79
    },
    "2018-06-30": {
        "Diluted EPS": 0.71,
        "Total Revenue": NaN,
        "Gross Profit": 364,
        "Operating Income": 160,
        "EBIT": 193,
        "Net Income": 114
    },
    "2018-03-31": {
        "Diluted EPS": -1.21,
        "Total Revenue": NaN,
        "Gross Profit": 374,
        "Operating Income": 168,
        "EBIT": 200,
        "Net Income": -201
    },
    "2017-12-31": {
        "Diluted EPS": -0.16,
        "Total Revenue": NaN,
        "Gross Profit": 373,
        "Operating Income": 158,
        "EBIT": 193,
        "Net Income": -34
    },
    "2017-09-30": {
        "Diluted EPS": 4.15,
        "Total Revenue": NaN,
        "Gross Profit": 361,
        "Operating Income": 144,
        "EBIT": 175,
        "Net Income": 788
    },
    "2017-06-30": {
        "Diluted EPS": 0.52,
        "Total Revenue": NaN,
        "Gross Profit": 344,
        "Operating Income": 138,
        "EBIT": 168,
        "Net Income": 104
    },
    "2017-03-31": {
        "Diluted EPS": -0.22,
        "Total Revenue": NaN,
        "Gross Profit": 335,
        "Operating Income": 131,
        "EBIT": 184,
        "Net Income": -43
    },
    "2016-12-31": {
        "Diluted EPS": 0.87,
        "Total Revenue": NaN,
        "Gross Profit": 359,
        "Operating Income": 166,
        "EBIT": 219,
        "Net Income": 171
    },
    "2016-09-30": {
        "Diluted EPS": 0.83,
        "Total Revenue": NaN,
        "Gross Profit": 357,
        "Operating Income": 167,
        "EBIT": 222,
        "Net Income": 163
    },
    "2016-06-30": {
        "Diluted EPS": 0.25,
        "Total Revenue": NaN,
        "Gross Profit": 350,
        "Operating Income": 148,
        "EBIT": 205,
        "Net Income": 50
    },
    "2016-03-31": {
        "Diluted EPS": 0.51,
        "Total Revenue": NaN,
        "Gross Profit": 336,
        "Operating Income": 148,
        "EBIT": 197,
        "Net Income": 102
    },
    "2015-12-31": {
        "Diluted EPS": 0.61,
        "Total Revenue": -867,
        "Gross Profit": -495,
        "Operating Income": 51,
        "EBIT": 102,
        "Net Income": 124
    },
    "2015-09-30": {
        "Diluted EPS": 0.42,
        "Total Revenue": NaN,
        "Gross Profit": 637,
        "Operating Income": 176,
        "EBIT": 229,
        "Net Income": 87
    },
    "2015-06-30": {
        "Diluted EPS": 0.13,
        "Total Revenue": NaN,
        "Gross Profit": 664,
        "Operating Income": 207,
        "EBIT": 261,
        "Net Income": 28
    },
    "2015-03-31": {
        "Diluted EPS": 0.46,
        "Total Revenue": NaN,
        "Gross Profit": 650,
        "Operating Income": 184,
        "EBIT": 238,
        "Net Income": 97
    },
    "2014-12-31": {
        "Diluted EPS": 0.31,
        "Total Revenue": NaN,
        "Gross Profit": 672,
        "Operating Income": 144,
        "EBIT": 205,
        "Net Income": 66
    },
    "2014-09-30": {
        "Diluted EPS": 0.28,
        "Total Revenue": NaN,
        "Gross Profit": 696,
        "Operating Income": 185,
        "EBIT": 247,
        "Net Income": 61
    },
    "2014-06-30": {
        "Diluted EPS": 0.28,
        "Total Revenue": NaN,
        "Gross Profit": 680,
        "Operating Income": 172,
        "EBIT": 243,
        "Net Income": 60
    },
    "2014-03-31": {
        "Diluted EPS": 0.33,
        "Total Revenue": NaN,
        "Gross Profit": 640,
        "Operating Income": 154,
        "EBIT": 224,
        "Net Income": 71
    },
    "2013-12-31": {
        "Diluted EPS": 0.13,
        "Total Revenue": NaN,
        "Gross Profit": 669,
        "Operating Income": 175,
        "EBIT": 233,
        "Net Income": 29
    },
    "2013-09-30": {
        "Diluted EPS": 0.18,
        "Total Revenue": NaN,
        "Gross Profit": 650,
        "Operating Income": 136,
        "EBIT": 206,
        "Net Income": 38
    },
    "2013-06-30": {
        "Diluted EPS": 0.26,
        "Total Revenue": NaN,
        "Gross Profit": 659,
        "Operating Income": 166,
        "EBIT": 246,
        "Net Income": 56
    },
    "2013-03-31": {
        "Diluted EPS": 0.01,
        "Total Revenue": NaN,
        "Gross Profit": 612,
        "Operating Income": 127,
        "EBIT": 204,
        "Net Income": 3
    },
    "2012-12-31": {
        "Diluted EPS": -0.84,
        "Total Revenue": NaN,
        "Gross Profit": 628,
        "Operating Income": -430,
        "EBIT": 198,
        "Net Income": -159
    },
    "2012-09-30": {
        "Diluted EPS": -6.38,
        "Total Revenue": NaN,
        "Gross Profit": 644,
        "Operating Income": NaN,
        "EBIT": 223,
        "Net Income": NaN
    },
    "2012-06-30": {
        "Diluted EPS": -0.07,
        "Total Revenue": NaN,
        "Gross Profit": 628,
        "Operating Income": 108,
        "EBIT": 191,
        "Net Income": -14
    },
    "2012-03-31": {
        "Diluted EPS": -0.03,
        "Total Revenue": NaN,
        "Gross Profit": 621,
        "Operating Income": 83,
        "EBIT": 167,
        "Net Income": -6
    },
    "2011-12-31": {
        "Diluted EPS": -0.32,
        "Total Revenue": NaN,
        "Gross Profit": 612,
        "Operating Income": 39,
        "EBIT": 116,
        "Net Income": -49
    },
    "2011-09-30": {
        "Diluted EPS": 0.41,
        "Total Revenue": NaN,
        "Gross Profit": 336,
        "Operating Income": 130,
        "EBIT": 167,
        "Net Income": 74
    },
    "2011-06-30": {
        "Diluted EPS": 0.37,
        "Total Revenue": NaN,
        "Gross Profit": 324,
        "Operating Income": 129,
        "EBIT": 166,
        "Net Income": 65
    },
    "2011-03-31": {
        "Diluted EPS": 0.34,
        "Total Revenue": NaN,
        "Gross Profit": 309,
        "Operating Income": 123,
        "EBIT": 159,
        "Net Income": 60
    },
    "2010-12-31": {
        "Diluted EPS": 0.28,
        "Total Revenue": NaN,
        "Gross Profit": 332,
        "Operating Income": 135,
        "EBIT": 176,
        "Net Income": -30
    },
    "2010-09-30": {
        "Diluted EPS": 0.43,
        "Total Revenue": NaN,
        "Gross Profit": 321,
        "Operating Income": 147,
        "EBIT": 185,
        "Net Income": 77
    },
    "2010-06-30": {
        "Diluted EPS": 0.38,
        "Total Revenue": NaN,
        "Gross Profit": 301,
        "Operating Income": 129,
        "EBIT": 167,
        "Net Income": 67
    },
    "2010-03-31": {
        "Diluted EPS": 0.35,
        "Total Revenue": NaN,
        "Gross Profit": 300,
        "Operating Income": 124,
        "EBIT": 164,
        "Net Income": 61
    },
    "2009-12-31": {
        "Diluted EPS": 0.36,
        "Total Revenue": NaN,
        "Gross Profit": 334,
        "Operating Income": 124,
        "EBIT": 164,
        "Net Income": 65
    },
    "2009-09-30": {
        "Diluted EPS": 0.34,
        "Total Revenue": NaN,
        "Gross Profit": 311,
        "Operating Income": 130,
        "EBIT": 171,
        "Net Income": 61
    },
    "2009-06-30": {
        "Diluted EPS": 0.33,
        "Total Revenue": NaN,
        "Gross Profit": 288,
        "Operating Income": 118,
        "EBIT": 154,
        "Net Income": 61
    },
    "2009-03-31": {
        "Diluted EPS": 0.32,
        "Total Revenue": 989,
        "Gross Profit": 286,
        "Operating Income": 120,
        "EBIT": 159,
        "Net Income": 58
    },
    "2023-06-30": {
        "Tax Effect Of Unusual Items": NaN,
        "Tax Rate For Calcs": NaN,
        "Normalized EBITDA": NaN,
        "Total Unusual Items": NaN,
        "Total Unusual Items Excluding Goodwill": NaN,
        "Net Income From Continuing Operation Net Minority Interest": NaN,
        "Reconciled Depreciation": NaN,
        "Reconciled Cost Of Revenue": NaN,
        "EBITDA": NaN,
        "EBIT": NaN,
        "Net Interest Income": NaN,
        "Interest Expense": NaN,
        "Interest Income": 3100000.0,
        "Normalized Income": NaN,
        "Net Income From Continuing And Discontinued Operation": NaN,
        "Total Expenses": NaN,
        "Total Operating Income As Reported": NaN,
        "Diluted Average Shares": NaN,
        "Basic Average Shares": NaN,
        "Diluted EPS": NaN,
        "Basic EPS": NaN,
        "Diluted NI Availto Com Stockholders": NaN,
        "Net Income Common Stockholders": NaN,
        "Otherunder Preferred Stock Dividend": 0.0,
        "Net Income": NaN,
        "Net Income Including Noncontrolling Interests": NaN,
        "Net Income Discontinuous Operations": NaN,
        "Net Income Continuous Operations": NaN,
        "Tax Provision": NaN,
        "Pretax Income": NaN,
        "Other Income Expense": NaN,
        "Other Non Operating Income Expenses": NaN,
        "Special Income Charges": NaN,
        "Gain On Sale Of Business": NaN,
        "Other Special Charges": NaN,
        "Restructuring And Mergern Acquisition": NaN,
        "Gain On Sale Of Security": NaN,
        "Net Non Operating Interest Income Expense": NaN,
        "Total Other Finance Cost": NaN,
        "Interest Expense Non Operating": NaN,
        "Interest Income Non Operating": 3100000.0,
        "Operating Income": NaN,
        "Operating Expense": NaN,
        "Depreciation Amortization Depletion Income Statement": NaN,
        "Depreciation And Amortization In Income Statement": NaN,
        "Amortization": NaN,
        "Amortization Of Intangibles Income Statement": NaN,
        "Selling General And Administration": NaN,
        "General And Administrative Expense": 187600000.0,
        "Other Gand A": 185700000.0,
        "Salaries And Wages": 1900000.0,
        "Gross Profit": NaN,
        "Cost Of Revenue": NaN,
        "Total Revenue": NaN,
        "Operating Revenue": NaN
    },
    "2023-09-30": {
        "Tax Effect Of Unusual Items": NaN,
        "Tax Rate For Calcs": NaN,
        "Normalized EBITDA": NaN,
        "Total Unusual Items": NaN,
        "Total Unusual Items Excluding Goodwill": NaN,
        "Net Income From Continuing Operation Net Minority Interest": NaN,
        "Reconciled Depreciation": NaN,
        "Reconciled Cost Of Revenue": NaN,
        "EBITDA": NaN,
        "EBIT": NaN,
        "Net Interest Income": NaN,
        "Interest Expense": NaN,
        "Interest Income": NaN,
        "Normalized Income": NaN,
        "Net Income From Continuing And Discontinued Operation": NaN,
        "Total Expenses": NaN,
        "Total Operating Income As Reported": NaN,
        "Diluted Average Shares": 144900000.0,
        "Basic Average Shares": 144500000.0,
        "Diluted EPS": 0.39,
        "Basic EPS": 0.39,
        "Diluted NI Availto Com Stockholders": NaN,
        "Net Income Common Stockholders": NaN,
        "Otherunder Preferred Stock Dividend": 0.0,
        "Net Income": NaN,
        "Net Income Including Noncontrolling Interests": NaN,
        "Net Income Discontinuous Operations": NaN,
        "Net Income Continuous Operations": NaN,
        "Tax Provision": NaN,
        "Pretax Income": NaN,
        "Other Income Expense": NaN,
        "Other Non Operating Income Expenses": NaN,
        "Special Income Charges": NaN,
        "Gain On Sale Of Business": -48700000.0,
        "Other Special Charges": NaN,
        "Restructuring And Mergern Acquisition": NaN,
        "Gain On Sale Of Security": NaN,
        "Net Non Operating Interest Income Expense": NaN,
        "Total Other Finance Cost": NaN,
        "Interest Expense Non Operating": NaN,
        "Interest Income Non Operating": NaN,
        "Operating Income": NaN,
        "Operating Expense": NaN,
        "Depreciation Amortization Depletion Income Statement": NaN,
        "Depreciation And Amortization In Income Statement": NaN,
        "Amortization": NaN,
        "Amortization Of Intangibles Income Statement": NaN,
        "Selling General And Administration": NaN,
        "General And Administrative Expense": NaN,
        "Other Gand A": NaN,
        "Salaries And Wages": NaN,
        "Gross Profit": NaN,
        "Cost Of Revenue": NaN,
        "Total Revenue": NaN,
        "Operating Revenue": NaN
    },
    "2023-12-31": {
        "Tax Effect Of Unusual Items": -5628000.0,
        "Tax Rate For Calcs": 0.21,
        "Normalized EBITDA": 282300000.0,
        "Total Unusual Items": -26800000.0,
        "Total Unusual Items Excluding Goodwill": -26800000.0,
        "Net Income From Continuing Operation Net Minority Interest": 124900000.0,
        "Reconciled Depreciation": 58700000.0,
        "Reconciled Cost Of Revenue": 930600000.0,
        "EBITDA": 255500000.0,
        "EBIT": 196800000.0,
        "Net Interest Income": -68000000.0,
        "Interest Expense": 80900000.0,
        "Interest Income": NaN,
        "Normalized Income": 146072000.0,
        "Net Income From Continuing And Discontinued Operation": 124000000.0,
        "Total Expenses": 1165800000.0,
        "Total Operating Income As Reported": 211200000.0,
        "Diluted Average Shares": 144900000.0,
        "Basic Average Shares": 144500000.0,
        "Diluted EPS": 0.86,
        "Basic EPS": 0.86,
        "Diluted NI Availto Com Stockholders": 124000000.0,
        "Net Income Common Stockholders": 124000000.0,
        "Otherunder Preferred Stock Dividend": 0.0,
        "Net Income": 124000000.0,
        "Net Income Including Noncontrolling Interests": 124000000.0,
        "Net Income Discontinuous Operations": -900000.0,
        "Net Income Continuous Operations": 124900000.0,
        "Tax Provision": -9000000.0,
        "Pretax Income": 115900000.0,
        "Other Income Expense": -27800000.0,
        "Other Non Operating Income Expenses": -1000000.0,
        "Special Income Charges": -8800000.0,
        "Gain On Sale Of Business": 5900000.0,
        "Other Special Charges": 8300000.0,
        "Restructuring And Mergern Acquisition": 6400000.0,
        "Gain On Sale Of Security": -18000000.0,
        "Net Non Operating Interest Income Expense": -68000000.0,
        "Total Other Finance Cost": 1600000.0,
        "Interest Expense Non Operating": 80900000.0,
        "Interest Income Non Operating": NaN,
        "Operating Income": 211700000.0,
        "Operating Expense": 193200000.0,
        "Depreciation Amortization Depletion Income Statement": 16700000.0,
        "Depreciation And Amortization In Income Statement": 16700000.0,
        "Amortization": 16700000.0,
        "Amortization Of Intangibles Income Statement": 16700000.0,
        "Selling General And Administration": 176500000.0,
        "General And Administrative Expense": NaN,
        "Other Gand A": NaN,
        "Salaries And Wages": NaN,
        "Gross Profit": 404900000.0,
        "Cost Of Revenue": 972600000.0,
        "Total Revenue": 1377500000.0,
        "Operating Revenue": 1377500000.0
    },
    "2024-03-31": {
        "Tax Effect Of Unusual Items": -5760000.0,
        "Tax Rate For Calcs": 0.3,
        "Normalized EBITDA": 263100000.0,
        "Total Unusual Items": -19200000.0,
        "Total Unusual Items Excluding Goodwill": -19200000.0,
        "Net Income From Continuing Operation Net Minority Interest": 83400000.0,
        "Reconciled Depreciation": 59700000.0,
        "Reconciled Cost Of Revenue": 883900000.0,
        "EBITDA": 243900000.0,
        "EBIT": 184200000.0,
        "Net Interest Income": -66100000.0,
        "Interest Expense": 65100000.0,
        "Interest Income": NaN,
        "Normalized Income": 96840000.0,
        "Net Income From Continuing And Discontinued Operation": 82000000.0,
        "Total Expenses": 1130900000.0,
        "Total Operating Income As Reported": 185000000.0,
        "Diluted Average Shares": 145400000.0,
        "Basic Average Shares": 144900000.0,
        "Diluted EPS": 0.56,
        "Basic EPS": 0.57,
        "Diluted NI Availto Com Stockholders": 82000000.0,
        "Net Income Common Stockholders": 82000000.0,
        "Otherunder Preferred Stock Dividend": NaN,
        "Net Income": 82000000.0,
        "Net Income Including Noncontrolling Interests": 82000000.0,
        "Net Income Discontinuous Operations": -1400000.0,
        "Net Income Continuous Operations": 83400000.0,
        "Tax Provision": 35700000.0,
        "Pretax Income": 119100000.0,
        "Other Income Expense": -13500000.0,
        "Other Non Operating Income Expenses": 5700000.0,
        "Special Income Charges": -15500000.0,
        "Gain On Sale Of Business": NaN,
        "Other Special Charges": NaN,
        "Restructuring And Mergern Acquisition": 15500000.0,
        "Gain On Sale Of Security": -3700000.0,
        "Net Non Operating Interest Income Expense": -66100000.0,
        "Total Other Finance Cost": 1000000.0,
        "Interest Expense Non Operating": 65100000.0,
        "Interest Income Non Operating": NaN,
        "Operating Income": 198700000.0,
        "Operating Expense": 202100000.0,
        "Depreciation Amortization Depletion Income Statement": 14800000.0,
        "Depreciation And Amortization In Income Statement": 14800000.0,
        "Amortization": 14800000.0,
        "Amortization Of Intangibles Income Statement": 14800000.0,
        "Selling General And Administration": 187300000.0,
        "General And Administrative Expense": 187300000.0,
        "Other Gand A": 185500000.0,
        "Salaries And Wages": 1800000.0,
        "Gross Profit": 400800000.0,
        "Cost Of Revenue": 928800000.0,
        "Total Revenue": 1329600000.0,
        "Operating Revenue": 1329600000.0
    },
    "2024-06-30": {
        "Tax Effect Of Unusual Items": -2140600.0,
        "Tax Rate For Calcs": 0.278,
        "Normalized EBITDA": 267000000.0,
        "Total Unusual Items": -7700000.0,
        "Total Unusual Items Excluding Goodwill": -7700000.0,
        "Net Income From Continuing Operation Net Minority Interest": 97800000.0,
        "Reconciled Depreciation": 60500000.0,
        "Reconciled Cost Of Revenue": 884900000.0,
        "EBITDA": 259300000.0,
        "EBIT": 198800000.0,
        "Net Interest Income": -64700000.0,
        "Interest Expense": 63300000.0,
        "Interest Income": NaN,
        "Normalized Income": 103359400.0,
        "Net Income From Continuing And Discontinued Operation": 98300000.0,
        "Total Expenses": 1138400000.0,
        "Total Operating Income As Reported": 205600000.0,
        "Diluted Average Shares": 146000000.0,
        "Basic Average Shares": 145700000.0,
        "Diluted EPS": 0.67,
        "Basic EPS": 0.67,
        "Diluted NI Availto Com Stockholders": 98300000.0,
        "Net Income Common Stockholders": 98300000.0,
        "Otherunder Preferred Stock Dividend": NaN,
        "Net Income": 98300000.0,
        "Net Income Including Noncontrolling Interests": 98300000.0,
        "Net Income Discontinuous Operations": 500000.0,
        "Net Income Continuous Operations": 97800000.0,
        "Tax Provision": 37700000.0,
        "Pretax Income": 135500000.0,
        "Other Income Expense": -6500000.0,
        "Other Non Operating Income Expenses": 1200000.0,
        "Special Income Charges": -9300000.0,
        "Gain On Sale Of Business": NaN,
        "Other Special Charges": 6800000.0,
        "Restructuring And Mergern Acquisition": 2500000.0,
        "Gain On Sale Of Security": 1600000.0,
        "Net Non Operating Interest Income Expense": -64700000.0,
        "Total Other Finance Cost": 1400000.0,
        "Interest Expense Non Operating": 63300000.0,
        "Interest Income Non Operating": NaN,
        "Operating Income": 206700000.0,
        "Operating Expense": 209300000.0,
        "Depreciation Amortization Depletion Income Statement": 16300000.0,
        "Depreciation And Amortization In Income Statement": 16300000.0,
        "Amortization": 16300000.0,
        "Amortization Of Intangibles Income Statement": 16300000.0,
        "Selling General And Administration": 193000000.0,
        "General And Administrative Expense": 193000000.0,
        "Other Gand A": 191600000.0,
        "Salaries And Wages": 1400000.0,
        "Gross Profit": 416000000.0,
        "Cost Of Revenue": 929100000.0,
        "Total Revenue": 1345100000.0,
        "Operating Revenue": 1345100000.0
    },
    "2024-09-30": {
        "Tax Effect Of Unusual Items": -4060600.0,
        "Tax Rate For Calcs": 0.257,
        "Normalized EBITDA": 258000000.0,
        "Total Unusual Items": -15800000.0,
        "Total Unusual Items Excluding Goodwill": -15800000.0,
        "Net Income From Continuing Operation Net Minority Interest": 88700000.0,
        "Reconciled Depreciation": 62300000.0,
        "Reconciled Cost Of Revenue": 897200000.0,
        "EBITDA": 242200000.0,
        "EBIT": 179900000.0,
        "Net Interest Income": -61600000.0,
        "Interest Expense": 60500000.0,
        "Interest Income": NaN,
        "Normalized Income": 100439400.0,
        "Net Income From Continuing And Discontinued Operation": 91700000.0,
        "Total Expenses": 1146600000.0,
        "Total Operating Income As Reported": 186300000.0,
        "Diluted Average Shares": 146100000.0,
        "Basic Average Shares": 145800000.0,
        "Diluted EPS": 0.63,
        "Basic EPS": 0.63,
        "Diluted NI Availto Com Stockholders": 91700000.0,
        "Net Income Common Stockholders": 91700000.0,
        "Otherunder Preferred Stock Dividend": 0.0,
        "Net Income": 91700000.0,
        "Net Income Including Noncontrolling Interests": 91700000.0,
        "Net Income Discontinuous Operations": 3000000.0,
        "Net Income Continuous Operations": 88700000.0,
        "Tax Provision": 30700000.0,
        "Pretax Income": 119400000.0,
        "Other Income Expense": -17500000.0,
        "Other Non Operating Income Expenses": -1700000.0,
        "Special Income Charges": -12200000.0,
        "Gain On Sale Of Business": -5400000.0,
        "Other Special Charges": NaN,
        "Restructuring And Mergern Acquisition": 6800000.0,
        "Gain On Sale Of Security": -3600000.0,
        "Net Non Operating Interest Income Expense": -61600000.0,
        "Total Other Finance Cost": 1100000.0,
        "Interest Expense Non Operating": 60500000.0,
        "Interest Income Non Operating": NaN,
        "Operating Income": 198500000.0,
        "Operating Expense": 203000000.0,
        "Depreciation Amortization Depletion Income Statement": 15900000.0,
        "Depreciation And Amortization In Income Statement": 15900000.0,
        "Amortization": 15900000.0,
        "Amortization Of Intangibles Income Statement": 15900000.0,
        "Selling General And Administration": 187100000.0,
        "General And Administrative Expense": NaN,
        "Other Gand A": NaN,
        "Salaries And Wages": NaN,
        "Gross Profit": 401500000.0,
        "Cost Of Revenue": 943600000.0,
        "Total Revenue": 1345100000.0,
        "Operating Revenue": 1345100000.0
    },
    "2024-12-31": {
        "Tax Effect Of Unusual Items": -11487000.0,
        "Tax Rate For Calcs": 0.21,
        "Normalized EBITDA": 296600000.0,
        "Total Unusual Items": -54700000.0,
        "Total Unusual Items Excluding Goodwill": -54700000.0,
        "Net Income From Continuing Operation Net Minority Interest": -400000.0,
        "Reconciled Depreciation": 58400000.0,
        "Reconciled Cost Of Revenue": 923200000.0,
        "EBITDA": 241900000.0,
        "EBIT": 183500000.0,
        "Net Interest Income": -60000000.0,
        "Interest Expense": 99100000.0,
        "Interest Income": NaN,
        "Normalized Income": 42813000.0,
        "Net Income From Continuing And Discontinued Operation": -7300000.0,
        "Total Expenses": 1170400000.0,
        "Total Operating Income As Reported": 159000000.0,
        "Diluted Average Shares": NaN,
        "Basic Average Shares": NaN,
        "Diluted EPS": NaN,
        "Basic EPS": NaN,
        "Diluted NI Availto Com Stockholders": -7300000.0,
        "Net Income Common Stockholders": -7300000.0,
        "Otherunder Preferred Stock Dividend": 0.0,
        "Net Income": -7300000.0,
        "Net Income Including Noncontrolling Interests": -7300000.0,
        "Net Income Discontinuous Operations": -6900000.0,
        "Net Income Continuous Operations": -400000.0,
        "Tax Provision": 84800000.0,
        "Pretax Income": 84400000.0,
        "Other Income Expense": -58000000.0,
        "Other Non Operating Income Expenses": -3300000.0,
        "Special Income Charges": -51900000.0,
        "Gain On Sale Of Business": -10400000.0,
        "Other Special Charges": 0.0,
        "Restructuring And Mergern Acquisition": 33000000.0,
        "Gain On Sale Of Security": -2800000.0,
        "Net Non Operating Interest Income Expense": -60000000.0,
        "Total Other Finance Cost": 1300000.0,
        "Interest Expense Non Operating": 99100000.0,
        "Interest Income Non Operating": NaN,
        "Operating Income": 202400000.0,
        "Operating Expense": 204400000.0,
        "Depreciation Amortization Depletion Income Statement": 15600000.0,
        "Depreciation And Amortization In Income Statement": 15600000.0,
        "Amortization": 15600000.0,
        "Amortization Of Intangibles Income Statement": 15600000.0,
        "Selling General And Administration": 188800000.0,
        "General And Administrative Expense": NaN,
        "Other Gand A": NaN,
        "Salaries And Wages": NaN,
        "Gross Profit": 406800000.0,
        "Cost Of Revenue": 966000000.0,
        "Total Revenue": 1372800000.0,
        "Operating Revenue": 1372800000.0
    }
}