{
    "2023-03-31": {
        "Tax Effect Of Unusual Items": NaN,
        "Tax Rate For Calcs": NaN,
        "Normalized EBITDA": NaN,
        "Total Unusual Items": NaN,
        "Total Unusual Items Excluding Goodwill": NaN,
        "Net Income From Continuing Operation Net Minority Interest": NaN,
        "Reconciled Depreciation": NaN,
        "EBITDA": NaN,
        "EBIT": NaN,
        "Net Interest Income": NaN,
        "Interest Expense": NaN,
        "Interest Income": NaN,
        "Normalized Income": NaN,
        "Net Income From Continuing And Discontinued Operation": NaN,
        "Total Expenses": NaN,
        "Total Operating Income As Reported": NaN,
        "Diluted Average Shares": 468933.0,
        "Basic Average Shares": 468933.0,
        "Diluted EPS": -28.64,
        "Basic EPS": -28.64,
        "Diluted NI Availto Com Stockholders": NaN,
        "Average Dilution Earnings": NaN,
        "Net Income Common Stockholders": NaN,
        "Net Income": NaN,
        "Net Income Including Noncontrolling Interests": NaN,
        "Net Income Continuous Operations": NaN,
        "Pretax Income": NaN,
        "Other Income Expense": NaN,
        "Other Non Operating Income Expenses": 66000.0,
        "Special Income Charges": NaN,
        "Other Special Charges": 13000.0,
        "Gain On Sale Of Security": NaN,
        "Net Non Operating Interest Income Expense": NaN,
        "Interest Expense Non Operating": NaN,
        "Interest Income Non Operating": NaN,
        "Operating Income": NaN,
        "Operating Expense": NaN,
        "Other Operating Expenses": NaN,
        "Research And Development": NaN,
        "Selling General And Administration": NaN,
        "General And Administrative Expense": NaN,
        "Other Gand A": NaN,
        "Total Revenue": NaN,
        "Operating Revenue": NaN
    },
    "2022-12-31": {
        "Tax Effect Of Unusual Items": 0.0,
        "Tax Rate For Calcs": 0.0,
        "Normalized EBITDA": -18757000.0,
        "Total Unusual Items": 100000.0,
        "Total Unusual Items Excluding Goodwill": 100000.0,
        "Net Income From Continuing Operation Net Minority Interest": -18657000.0,
        "Reconciled Depreciation": NaN,
        "EBITDA": -18657000.0,
        "EBIT": -18657000.0,
        "Net Interest Income": 40000.0,
        "Interest Expense": 0.0,
        "Interest Income": 40000.0,
        "Normalized Income": -18757000.0,
        "Net Income From Continuing And Discontinued Operation": -18657000.0,
        "Total Expenses": 18257000.0,
        "Total Operating Income As Reported": -18257000.0,
        "Diluted Average Shares": NaN,
        "Basic Average Shares": NaN,
        "Diluted EPS": NaN,
        "Basic EPS": NaN,
        "Diluted NI Availto Com Stockholders": -18657000.0,
        "Average Dilution Earnings": NaN,
        "Net Income Common Stockholders": -18657000.0,
        "Net Income": -18657000.0,
        "Net Income Including Noncontrolling Interests": -18657000.0,
        "Net Income Continuous Operations": -18657000.0,
        "Pretax Income": -18657000.0,
        "Other Income Expense": -440000.0,
        "Other Non Operating Income Expenses": -540000.0,
        "Special Income Charges": 0.0,
        "Other Special Charges": NaN,
        "Gain On Sale Of Security": 100000.0,
        "Net Non Operating Interest Income Expense": 40000.0,
        "Interest Expense Non Operating": 0.0,
        "Interest Income Non Operating": 40000.0,
        "Operating Income": -18257000.0,
        "Operating Expense": 18257000.0,
        "Other Operating Expenses": NaN,
        "Research And Development": 15505000.0,
        "Selling General And Administration": 2752000.0,
        "General And Administrative Expense": 2752000.0,
        "Other Gand A": 2752000.0,
        "Total Revenue": 0.0,
        "Operating Revenue": 0.0
    },
    "2022-09-30": {
        "Tax Effect Of Unusual Items": NaN,
        "Tax Rate For Calcs": NaN,
        "Normalized EBITDA": NaN,
        "Total Unusual Items": NaN,
        "Total Unusual Items Excluding Goodwill": NaN,
        "Net Income From Continuing Operation Net Minority Interest": NaN,
        "Reconciled Depreciation": NaN,
        "EBITDA": NaN,
        "EBIT": NaN,
        "Net Interest Income": NaN,
        "Interest Expense": NaN,
        "Interest Income": NaN,
        "Normalized Income": NaN,
        "Net Income From Continuing And Discontinued Operation": NaN,
        "Total Expenses": NaN,
        "Total Operating Income As Reported": NaN,
        "Diluted Average Shares": 444541.0,
        "Basic Average Shares": 444541.0,
        "Diluted EPS": -43.2,
        "Basic EPS": -43.2,
        "Diluted NI Availto Com Stockholders": NaN,
        "Average Dilution Earnings": 0.0,
        "Net Income Common Stockholders": NaN,
        "Net Income": NaN,
        "Net Income Including Noncontrolling Interests": NaN,
        "Net Income Continuous Operations": NaN,
        "Pretax Income": NaN,
        "Other Income Expense": NaN,
        "Other Non Operating Income Expenses": NaN,
        "Special Income Charges": NaN,
        "Other Special Charges": NaN,
        "Gain On Sale Of Security": NaN,
        "Net Non Operating Interest Income Expense": NaN,
        "Interest Expense Non Operating": NaN,
        "Interest Income Non Operating": NaN,
        "Operating Income": NaN,
        "Operating Expense": NaN,
        "Other Operating Expenses": NaN,
        "Research And Development": NaN,
        "Selling General And Administration": NaN,
        "General And Administrative Expense": NaN,
        "Other Gand A": NaN,
        "Total Revenue": NaN,
        "Operating Revenue": NaN
    },
    "2022-06-30": {
        "Tax Effect Of Unusual Items": 0.0,
        "Tax Rate For Calcs": 0.0,
        "Normalized EBITDA": -21316000.0,
        "Total Unusual Items": 49000.0,
        "Total Unusual Items Excluding Goodwill": 49000.0,
        "Net Income From Continuing Operation Net Minority Interest": -21272000.0,
        "Reconciled Depreciation": NaN,
        "EBITDA": -21267000.0,
        "EBIT": -21267000.0,
        "Net Interest Income": 14000.0,
        "Interest Expense": 5000.0,
        "Interest Income": 19000.0,
        "Normalized Income": -21321000.0,
        "Net Income From Continuing And Discontinued Operation": -21272000.0,
        "Total Expenses": 21239000.0,
        "Total Operating Income As Reported": -21239000.0,
        "Diluted Average Shares": 106068795.0,
        "Basic Average Shares": 106068795.0,
        "Diluted EPS": -0.2,
        "Basic EPS": -0.2,
        "Diluted NI Availto Com Stockholders": -21272000.0,
        "Net Income Common Stockholders": -21272000.0,
        "Net Income": -21272000.0,
        "Net Income Including Noncontrolling Interests": -21272000.0,
        "Net Income Continuous Operations": -21272000.0,
        "Pretax Income": -21272000.0,
        "Other Income Expense": -47000.0,
        "Other Non Operating Income Expenses": -96000.0,
        "Special Income Charges": 0.0,
        "Other Special Charges": NaN,
        "Gain On Sale Of Security": 49000.0,
        "Net Non Operating Interest Income Expense": 14000.0,
        "Interest Expense Non Operating": 5000.0,
        "Interest Income Non Operating": 19000.0,
        "Operating Income": -21239000.0,
        "Operating Expense": 21239000.0,
        "Other Operating Expenses": NaN,
        "Research And Development": 18356000.0,
        "Selling General And Administration": 2883000.0,
        "General And Administrative Expense": 2883000.0,
        "Other Gand A": 2883000.0,
        "Total Revenue": 0.0,
        "Operating Revenue": 0.0
    },
    "2022-03-31": {
        "Diluted EPS": -0.13,
        "Total Revenue": NaN,
        "Gross Profit": NaN,
        "Operating Income": -14,
        "EBIT": -14,
        "Net Income": -14
    },
    "2021-12-31": {
        "Diluted EPS": -0.24,
        "Total Revenue": NaN,
        "Gross Profit": NaN,
        "Operating Income": -27,
        "EBIT": -22,
        "Net Income": -27
    },
    "2021-09-30": {
        "Diluted EPS": -0.11,
        "Total Revenue": NaN,
        "Gross Profit": NaN,
        "Operating Income": -11,
        "EBIT": -11,
        "Net Income": -11
    },
    "2021-06-30": {
        "Diluted EPS": -0.1,
        "Total Revenue": NaN,
        "Gross Profit": NaN,
        "Operating Income": -7,
        "EBIT": -6,
        "Net Income": -9
    },
    "2021-03-31": {
        "Diluted EPS": -0.28,
        "Total Revenue": NaN,
        "Gross Profit": NaN,
        "Operating Income": -17,
        "EBIT": -16,
        "Net Income": -19
    },
    "2020-12-31": {
        "Diluted EPS": -0.12,
        "Total Revenue": NaN,
        "Gross Profit": NaN,
        "Operating Income": -6,
        "EBIT": -6,
        "Net Income": -6
    },
    "2020-09-30": {
        "Diluted EPS": -0.09,
        "Total Revenue": NaN,
        "Gross Profit": NaN,
        "Operating Income": -4,
        "EBIT": -4,
        "Net Income": -4
    },
    "2020-06-30": {
        "Diluted EPS": -0.08,
        "Total Revenue": NaN,
        "Gross Profit": NaN,
        "Operating Income": -3,
        "EBIT": -3,
        "Net Income": -4
    },
    "2020-03-31": {
        "Diluted EPS": -0.14,
        "Total Revenue": NaN,
        "Gross Profit": NaN,
        "Operating Income": -6,
        "EBIT": -6,
        "Net Income": -5
    },
    "2019-12-31": {
        "Diluted EPS": 1.68,
        "Total Revenue": NaN,
        "Gross Profit": NaN,
        "Operating Income": -10,
        "EBIT": -10,
        "Net Income": -11
    },
    "2019-09-30": {
        "Diluted EPS": -0.13,
        "Total Revenue": 0,
        "Gross Profit": 0,
        "Operating Income": -4,
        "EBIT": -4,
        "Net Income": -3
    },
    "2019-06-30": {
        "Diluted EPS": -0.09,
        "Total Revenue": NaN,
        "Gross Profit": NaN,
        "Operating Income": -3,
        "EBIT": -3,
        "Net Income": -2
    },
    "2019-03-31": {
        "Diluted EPS": -3.98,
        "Total Revenue": NaN,
        "Gross Profit": NaN,
        "Operating Income": -12,
        "EBIT": -12,
        "Net Income": -36
    },
    "2018-12-31": {
        "Diluted EPS": -0.4,
        "Total Revenue": NaN,
        "Gross Profit": NaN,
        "Operating Income": -1,
        "EBIT": -1,
        "Net Income": -1
    },
    "2018-09-30": {
        "Diluted EPS": -0.36,
        "Total Revenue": NaN,
        "Gross Profit": NaN,
        "Operating Income": -1,
        "EBIT": -1,
        "Net Income": -1
    },
    "2018-06-30": {
        "Diluted EPS": -0.16,
        "Total Revenue": NaN,
        "Gross Profit": NaN,
        "Operating Income": 0,
        "EBIT": 0,
        "Net Income": 0
    },
    "2018-03-31": {
        "Diluted EPS": -0.21,
        "Total Revenue": NaN,
        "Gross Profit": NaN,
        "Operating Income": -1,
        "EBIT": -1,
        "Net Income": -1
    },
    "2017-12-31": {
        "Diluted EPS": -17.81,
        "Total Revenue": NaN,
        "Gross Profit": NaN,
        "Operating Income": -3,
        "EBIT": -3,
        "Net Income": -2
    },
    "2017-09-30": {
        "Diluted EPS": -8.71,
        "Total Revenue": NaN,
        "Gross Profit": NaN,
        "Operating Income": -4,
        "EBIT": -4,
        "Net Income": -4
    },
    "2017-06-30": {
        "Diluted EPS": -3.9,
        "Total Revenue": NaN,
        "Gross Profit": NaN,
        "Operating Income": -2,
        "EBIT": -2,
        "Net Income": -1
    },
    "2017-03-31": {
        "Diluted EPS": 31.23,
        "Total Revenue": NaN,
        "Gross Profit": NaN,
        "Operating Income": -2,
        "EBIT": -2,
        "Net Income": 8
    },
    "2016-12-31": {
        "Diluted EPS": 15.92,
        "Total Revenue": NaN,
        "Gross Profit": NaN,
        "Operating Income": -3,
        "EBIT": -3,
        "Net Income": 0
    },
    "2016-09-30": {
        "Diluted EPS": -5.71,
        "Total Revenue": NaN,
        "Gross Profit": NaN,
        "Operating Income": -2,
        "EBIT": -2,
        "Net Income": -1
    },
    "2016-06-30": {
        "Diluted EPS": -16.22,
        "Total Revenue": NaN,
        "Gross Profit": NaN,
        "Operating Income": -5,
        "EBIT": -5,
        "Net Income": -3
    },
    "2016-03-31": {
        "Diluted EPS": -28.53,
        "Total Revenue": NaN,
        "Gross Profit": NaN,
        "Operating Income": -5,
        "EBIT": -5,
        "Net Income": -3
    },
    "2015-12-31": {
        "Diluted EPS": -15.92,
        "Total Revenue": 3,
        "Gross Profit": 3,
        "Operating Income": -4,
        "EBIT": -3,
        "Net Income": -2
    },
    "2015-09-30": {
        "Diluted EPS": -30.03,
        "Total Revenue": 1,
        "Gross Profit": 1,
        "Operating Income": -6,
        "EBIT": -6,
        "Net Income": -5
    },
    "2015-06-30": {
        "Diluted EPS": -30.03,
        "Total Revenue": 0,
        "Gross Profit": 0,
        "Operating Income": -6,
        "EBIT": -6,
        "Net Income": -5
    },
    "2015-03-31": {
        "Diluted EPS": -39.04,
        "Total Revenue": 0,
        "Gross Profit": 0,
        "Operating Income": -6,
        "EBIT": -6,
        "Net Income": -6
    },
    "2014-12-31": {
        "Diluted EPS": -129.13,
        "Total Revenue": 2,
        "Gross Profit": 2,
        "Operating Income": -17,
        "EBIT": -17,
        "Net Income": -17
    },
    "2014-09-30": {
        "Diluted EPS": -24.02,
        "Total Revenue": 2,
        "Gross Profit": 1,
        "Operating Income": -3,
        "EBIT": -3,
        "Net Income": -3
    },
    "2014-06-30": {
        "Diluted EPS": 15.02,
        "Total Revenue": 5,
        "Gross Profit": 5,
        "Operating Income": 1,
        "EBIT": 1,
        "Net Income": 2
    },
    "2014-03-31": {
        "Diluted EPS": -27.03,
        "Total Revenue": NaN,
        "Gross Profit": NaN,
        "Operating Income": -4,
        "EBIT": -4,
        "Net Income": -3
    },
    "2013-12-31": {
        "Diluted EPS": -12.01,
        "Total Revenue": 0,
        "Gross Profit": 0,
        "Operating Income": -4,
        "EBIT": -4,
        "Net Income": -1
    },
    "2013-09-30": {
        "Diluted EPS": -24.02,
        "Total Revenue": 0,
        "Gross Profit": 0,
        "Operating Income": -3,
        "EBIT": -3,
        "Net Income": -3
    },
    "2013-06-30": {
        "Diluted EPS": -36.04,
        "Total Revenue": 1,
        "Gross Profit": 0,
        "Operating Income": -4,
        "EBIT": -4,
        "Net Income": -4
    },
    "2013-03-31": {
        "Diluted EPS": -87.09,
        "Total Revenue": 1,
        "Gross Profit": -1,
        "Operating Income": -6,
        "EBIT": -6,
        "Net Income": -9
    },
    "2012-12-31": {
        "Diluted EPS": -198.2,
        "Total Revenue": 2,
        "Gross Profit": 0,
        "Operating Income": -15,
        "EBIT": -7,
        "Net Income": -20
    },
    "2012-09-30": {
        "Diluted EPS": -27.03,
        "Total Revenue": 5,
        "Gross Profit": 3,
        "Operating Income": -2,
        "EBIT": -2,
        "Net Income": -2
    },
    "2012-06-30": {
        "Diluted EPS": -57.06,
        "Total Revenue": 0,
        "Gross Profit": 0,
        "Operating Income": -4,
        "EBIT": -4,
        "Net Income": -5
    },
    "2012-03-31": {
        "Diluted EPS": -60.06,
        "Total Revenue": 1,
        "Gross Profit": 1,
        "Operating Income": -4,
        "EBIT": -4,
        "Net Income": -5
    },
    "2011-12-31": {
        "Diluted EPS": -66.07,
        "Total Revenue": 0,
        "Gross Profit": 0,
        "Operating Income": -4,
        "EBIT": -4,
        "Net Income": -5
    },
    "2011-09-30": {
        "Diluted EPS": -33.03,
        "Total Revenue": 1,
        "Gross Profit": 1,
        "Operating Income": -2,
        "EBIT": -2,
        "Net Income": -2
    },
    "2011-06-30": {
        "Diluted EPS": -117.12,
        "Total Revenue": 2,
        "Gross Profit": 1,
        "Operating Income": -8,
        "EBIT": -8,
        "Net Income": -8
    },
    "2011-03-31": {
        "Diluted EPS": -54.05,
        "Total Revenue": 2,
        "Gross Profit": 1,
        "Operating Income": -3,
        "EBIT": -3,
        "Net Income": -3
    },
    "2010-12-31": {
        "Diluted EPS": -222.22,
        "Total Revenue": 1,
        "Gross Profit": -1,
        "Operating Income": -18,
        "EBIT": -18,
        "Net Income": -13
    },
    "2010-09-30": {
        "Diluted EPS": -60.06,
        "Total Revenue": 1,
        "Gross Profit": 1,
        "Operating Income": 1,
        "EBIT": 1,
        "Net Income": -3
    },
    "2010-06-30": {
        "Diluted EPS": -141.14,
        "Total Revenue": 1,
        "Gross Profit": 0,
        "Operating Income": -3,
        "EBIT": -2,
        "Net Income": -4
    },
    "2010-03-31": {
        "Diluted EPS": -360.18,
        "Total Revenue": 1,
        "Gross Profit": 0,
        "Operating Income": -2,
        "EBIT": -2,
        "Net Income": -9
    },
    "2009-12-31": {
        "Diluted EPS": -102.1,
        "Total Revenue": 0,
        "Gross Profit": 0,
        "Operating Income": -2,
        "EBIT": 27,
        "Net Income": -31
    },
    "2009-09-30": {
        "Diluted EPS": -45.02,
        "Total Revenue": 0,
        "Gross Profit": 0,
        "Operating Income": -1,
        "EBIT": -1,
        "Net Income": -1
    },
    "2009-06-30": {
        "Diluted EPS": -90.05,
        "Total Revenue": 0,
        "Gross Profit": 0,
        "Operating Income": -1,
        "EBIT": -1,
        "Net Income": -1
    },
    "2009-03-31": {
        "Diluted EPS": 45.02,
        "Total Revenue": 2,
        "Gross Profit": 2,
        "Operating Income": 1,
        "EBIT": 1,
        "Net Income": 1
    },
    "2023-06-30": {
        "Tax Effect Of Unusual Items": 0.0,
        "Tax Rate For Calcs": 0.0,
        "Normalized EBITDA": -10856000.0,
        "Total Unusual Items": -18619000.0,
        "Total Unusual Items Excluding Goodwill": -18619000.0,
        "Net Income From Continuing Operation Net Minority Interest": -29496000.0,
        "Reconciled Depreciation": 14000.0,
        "EBITDA": -29475000.0,
        "EBIT": -29489000.0,
        "Net Interest Income": 76000.0,
        "Interest Expense": 7000.0,
        "Interest Income": 83000.0,
        "Normalized Income": -10877000.0,
        "Net Income From Continuing And Discontinued Operation": -29496000.0,
        "Total Expenses": 10953000.0,
        "Total Operating Income As Reported": -10953000.0,
        "Diluted Average Shares": 549695.0,
        "Basic Average Shares": 549695.0,
        "Diluted EPS": -53.66,
        "Basic EPS": -53.66,
        "Diluted NI Availto Com Stockholders": -29496000.0,
        "Average Dilution Earnings": 0.0,
        "Net Income Common Stockholders": -29496000.0,
        "Net Income": -29496000.0,
        "Net Income Including Noncontrolling Interests": -29496000.0,
        "Net Income Continuous Operations": -29496000.0,
        "Pretax Income": -29496000.0,
        "Other Income Expense": -18619000.0,
        "Other Non Operating Income Expenses": -616000.0,
        "Special Income Charges": -5507000.0,
        "Other Special Charges": 5507000.0,
        "Gain On Sale Of Security": -13112000.0,
        "Net Non Operating Interest Income Expense": 76000.0,
        "Interest Expense Non Operating": 7000.0,
        "Interest Income Non Operating": 83000.0,
        "Operating Income": -10953000.0,
        "Operating Expense": 10953000.0,
        "Other Operating Expenses": -336000.0,
        "Research And Development": 8509000.0,
        "Selling General And Administration": 2780000.0,
        "General And Administrative Expense": 2780000.0,
        "Other Gand A": 2780000.0,
        "Total Revenue": 0.0,
        "Operating Revenue": 0.0
    },
    "2023-09-30": {
        "Tax Effect Of Unusual Items": 4852470.0,
        "Tax Rate For Calcs": 0.21,
        "Normalized EBITDA": -12553000.0,
        "Total Unusual Items": 23107000.0,
        "Total Unusual Items Excluding Goodwill": 23107000.0,
        "Net Income From Continuing Operation Net Minority Interest": 10498000.0,
        "Reconciled Depreciation": 14000.0,
        "EBITDA": 10554000.0,
        "EBIT": 10540000.0,
        "Net Interest Income": -6000.0,
        "Interest Expense": 42000.0,
        "Interest Income": 36000.0,
        "Normalized Income": -7756530.0,
        "Net Income From Continuing And Discontinued Operation": 10498000.0,
        "Total Expenses": 12603000.0,
        "Total Operating Income As Reported": -12603000.0,
        "Diluted Average Shares": 617244.0,
        "Basic Average Shares": 563877.0,
        "Diluted EPS": -28.8,
        "Basic EPS": 19.2,
        "Diluted NI Availto Com Stockholders": -17139000.0,
        "Average Dilution Earnings": -27637000.0,
        "Net Income Common Stockholders": 10498000.0,
        "Net Income": 10498000.0,
        "Net Income Including Noncontrolling Interests": 10498000.0,
        "Net Income Continuous Operations": 10498000.0,
        "Pretax Income": 10498000.0,
        "Other Income Expense": 23107000.0,
        "Other Non Operating Income Expenses": -799000.0,
        "Special Income Charges": -3631000.0,
        "Other Special Charges": 3631000.0,
        "Gain On Sale Of Security": 26738000.0,
        "Net Non Operating Interest Income Expense": -6000.0,
        "Interest Expense Non Operating": 42000.0,
        "Interest Income Non Operating": 36000.0,
        "Operating Income": -12603000.0,
        "Operating Expense": 12603000.0,
        "Other Operating Expenses": -406000.0,
        "Research And Development": 10022000.0,
        "Selling General And Administration": 2987000.0,
        "General And Administrative Expense": 2987000.0,
        "Other Gand A": 2987000.0,
        "Total Revenue": 0.0,
        "Operating Revenue": 0.0
    },
    "2023-12-31": {
        "Tax Effect Of Unusual Items": 0.0,
        "Tax Rate For Calcs": 0.0,
        "Normalized EBITDA": -7984000.0,
        "Total Unusual Items": 2565000.0,
        "Total Unusual Items Excluding Goodwill": 2565000.0,
        "Net Income From Continuing Operation Net Minority Interest": -5453000.0,
        "Reconciled Depreciation": 15000.0,
        "EBITDA": -5419000.0,
        "EBIT": -5434000.0,
        "Net Interest Income": -7000.0,
        "Interest Expense": 19000.0,
        "Interest Income": 12000.0,
        "Normalized Income": -8018000.0,
        "Net Income From Continuing And Discontinued Operation": -5453000.0,
        "Total Expenses": 8011000.0,
        "Total Operating Income As Reported": -8011000.0,
        "Diluted Average Shares": NaN,
        "Basic Average Shares": NaN,
        "Diluted EPS": NaN,
        "Basic EPS": NaN,
        "Diluted NI Availto Com Stockholders": -5453000.0,
        "Average Dilution Earnings": NaN,
        "Net Income Common Stockholders": -5453000.0,
        "Net Income": -5453000.0,
        "Net Income Including Noncontrolling Interests": -5453000.0,
        "Net Income Continuous Operations": -5453000.0,
        "Pretax Income": -5453000.0,
        "Other Income Expense": 2565000.0,
        "Other Non Operating Income Expenses": -700000.0,
        "Special Income Charges": 0.0,
        "Other Special Charges": 0.0,
        "Gain On Sale Of Security": 2565000.0,
        "Net Non Operating Interest Income Expense": -7000.0,
        "Interest Expense Non Operating": 19000.0,
        "Interest Income Non Operating": 12000.0,
        "Operating Income": -8011000.0,
        "Operating Expense": 8011000.0,
        "Other Operating Expenses": -653000.0,
        "Research And Development": 5918000.0,
        "Selling General And Administration": 2746000.0,
        "General And Administrative Expense": 2746000.0,
        "Other Gand A": 2746000.0,
        "Total Revenue": 0.0,
        "Operating Revenue": 0.0
    },
    "2024-03-31": {
        "Tax Effect Of Unusual Items": 0.0,
        "Tax Rate For Calcs": 0.0,
        "Normalized EBITDA": -6030000.0,
        "Total Unusual Items": 3404000.0,
        "Total Unusual Items Excluding Goodwill": 3404000.0,
        "Net Income From Continuing Operation Net Minority Interest": -2664000.0,
        "Reconciled Depreciation": 15000.0,
        "EBITDA": -2626000.0,
        "EBIT": -2641000.0,
        "Net Interest Income": -13000.0,
        "Interest Expense": 23000.0,
        "Interest Income": 10000.0,
        "Normalized Income": -6068000.0,
        "Net Income From Continuing And Discontinued Operation": -2664000.0,
        "Total Expenses": 6055000.0,
        "Total Operating Income As Reported": -6055000.0,
        "Diluted Average Shares": 1625944.0,
        "Basic Average Shares": 1625944.0,
        "Diluted EPS": -1.6,
        "Basic EPS": -1.6,
        "Diluted NI Availto Com Stockholders": -2664000.0,
        "Average Dilution Earnings": NaN,
        "Net Income Common Stockholders": -2664000.0,
        "Net Income": -2664000.0,
        "Net Income Including Noncontrolling Interests": -2664000.0,
        "Net Income Continuous Operations": -2664000.0,
        "Pretax Income": -2664000.0,
        "Other Income Expense": 3404000.0,
        "Other Non Operating Income Expenses": -203000.0,
        "Special Income Charges": -1493000.0,
        "Other Special Charges": 1493000.0,
        "Gain On Sale Of Security": 4897000.0,
        "Net Non Operating Interest Income Expense": -13000.0,
        "Interest Expense Non Operating": 23000.0,
        "Interest Income Non Operating": 10000.0,
        "Operating Income": -6055000.0,
        "Operating Expense": 6055000.0,
        "Other Operating Expenses": -579000.0,
        "Research And Development": 3525000.0,
        "Selling General And Administration": 3109000.0,
        "General And Administrative Expense": 3109000.0,
        "Other Gand A": 3109000.0,
        "Total Revenue": 0.0,
        "Operating Revenue": 0.0
    },
    "2024-06-30": {
        "Tax Effect Of Unusual Items": 1023120.0,
        "Tax Rate For Calcs": 0.21,
        "Normalized EBITDA": -3124000.0,
        "Total Unusual Items": 4872000.0,
        "Total Unusual Items Excluding Goodwill": 4872000.0,
        "Net Income From Continuing Operation Net Minority Interest": 1710000.0,
        "Reconciled Depreciation": 15000.0,
        "EBITDA": 1748000.0,
        "EBIT": 1733000.0,
        "Net Interest Income": -23000.0,
        "Interest Expense": 23000.0,
        "Interest Income": 0.0,
        "Normalized Income": -2138880.0,
        "Net Income From Continuing And Discontinued Operation": 1710000.0,
        "Total Expenses": 3139000.0,
        "Total Operating Income As Reported": -3139000.0,
        "Diluted Average Shares": 2515400.0,
        "Basic Average Shares": 2506436.0,
        "Diluted EPS": 0.12,
        "Basic EPS": 0.68,
        "Diluted NI Availto Com Stockholders": 311000.0,
        "Average Dilution Earnings": -1399000.0,
        "Net Income Common Stockholders": 1710000.0,
        "Net Income": 1710000.0,
        "Net Income Including Noncontrolling Interests": 1710000.0,
        "Net Income Continuous Operations": 1710000.0,
        "Pretax Income": 1710000.0,
        "Other Income Expense": 4872000.0,
        "Other Non Operating Income Expenses": NaN,
        "Special Income Charges": 0.0,
        "Other Special Charges": NaN,
        "Gain On Sale Of Security": 4872000.0,
        "Net Non Operating Interest Income Expense": -23000.0,
        "Interest Expense Non Operating": 23000.0,
        "Interest Income Non Operating": 0.0,
        "Operating Income": -3139000.0,
        "Operating Expense": 3139000.0,
        "Other Operating Expenses": -376000.0,
        "Research And Development": 966000.0,
        "Selling General And Administration": 2549000.0,
        "General And Administrative Expense": 2549000.0,
        "Other Gand A": 2549000.0,
        "Total Revenue": 0.0,
        "Operating Revenue": 0.0
    }
}