{
    "2023-03-31": {
        "Tax Effect Of Unusual Items": 0.0,
        "Tax Rate For Calcs": 0.0,
        "Normalized EBITDA": -26196000.0,
        "Net Income From Continuing Operation Net Minority Interest": -23959000.0,
        "Reconciled Depreciation": 1249000.0,
        "Reconciled Cost Of Revenue": 1985000.0,
        "EBITDA": -26196000.0,
        "EBIT": -27445000.0,
        "Net Interest Income": 3717000.0,
        "Interest Income": 3717000.0,
        "Normalized Income": -23959000.0,
        "Net Income From Continuing And Discontinued Operation": -23959000.0,
        "Total Expenses": 31163000.0,
        "Total Operating Income As Reported": -27445000.0,
        "Diluted Average Shares": 63543094.0,
        "Basic Average Shares": 63543094.0,
        "Diluted EPS": -0.38,
        "Basic EPS": -0.38,
        "Diluted NI Availto Com Stockholders": -23959000.0,
        "Net Income Common Stockholders": -23959000.0,
        "Net Income": -23959000.0,
        "Net Income Including Noncontrolling Interests": -23959000.0,
        "Net Income Continuous Operations": -23959000.0,
        "Pretax Income": -23959000.0,
        "Other Income Expense": -231000.0,
        "Other Non Operating Income Expenses": -231000.0,
        "Net Non Operating Interest Income Expense": 3717000.0,
        "Interest Income Non Operating": 3717000.0,
        "Operating Income": -27445000.0,
        "Operating Expense": 29178000.0,
        "Other Operating Expenses": -335000.0,
        "Research And Development": 14474000.0,
        "Selling General And Administration": 15039000.0,
        "Gross Profit": 1733000.0,
        "Cost Of Revenue": 1985000.0,
        "Total Revenue": 3718000.0,
        "Operating Revenue": 3718000.0
    },
    "2022-12-31": {
        "Tax Effect Of Unusual Items": 0.0,
        "Tax Rate For Calcs": 0.0,
        "Normalized EBITDA": -19577000.0,
        "Net Income From Continuing Operation Net Minority Interest": -22525000.0,
        "Reconciled Depreciation": 1103000.0,
        "Reconciled Cost Of Revenue": 2310000.0,
        "EBITDA": -19577000.0,
        "EBIT": -20680000.0,
        "Net Interest Income": 2497000.0,
        "Interest Income": 2497000.0,
        "Normalized Income": -22525000.0,
        "Net Income From Continuing And Discontinued Operation": -22525000.0,
        "Total Expenses": 28810000.0,
        "Total Operating Income As Reported": -24949000.0,
        "Diluted Average Shares": 62805423.0,
        "Basic Average Shares": 62805423.0,
        "Diluted EPS": -0.36,
        "Basic EPS": -0.36,
        "Diluted NI Availto Com Stockholders": -22525000.0,
        "Net Income Common Stockholders": -22525000.0,
        "Net Income": -22525000.0,
        "Net Income Including Noncontrolling Interests": -22525000.0,
        "Net Income Continuous Operations": -22525000.0,
        "Pretax Income": -22525000.0,
        "Other Income Expense": -73000.0,
        "Other Non Operating Income Expenses": -73000.0,
        "Net Non Operating Interest Income Expense": 2497000.0,
        "Interest Income Non Operating": 2497000.0,
        "Operating Income": -24949000.0,
        "Operating Expense": 26500000.0,
        "Other Operating Expenses": -744000.0,
        "Research And Development": 12630000.0,
        "Selling General And Administration": 14614000.0,
        "Gross Profit": 1551000.0,
        "Cost Of Revenue": 2310000.0,
        "Total Revenue": 3861000.0,
        "Operating Revenue": 3861000.0
    },
    "2022-09-30": {
        "Tax Effect Of Unusual Items": 0.0,
        "Tax Rate For Calcs": 0.0,
        "Normalized EBITDA": -24003000.0,
        "Net Income From Continuing Operation Net Minority Interest": -23980000.0,
        "Reconciled Depreciation": 1063000.0,
        "Reconciled Cost Of Revenue": 2010000.0,
        "EBITDA": -24003000.0,
        "EBIT": -25066000.0,
        "Net Interest Income": 1285000.0,
        "Interest Expense": NaN,
        "Interest Income": 1285000.0,
        "Normalized Income": -23980000.0,
        "Net Income From Continuing And Discontinued Operation": -23980000.0,
        "Total Expenses": 29021000.0,
        "Total Operating Income As Reported": -25066000.0,
        "Diluted Average Shares": 62538983.0,
        "Basic Average Shares": 62538983.0,
        "Diluted EPS": -0.38,
        "Basic EPS": -0.38,
        "Diluted NI Availto Com Stockholders": -23980000.0,
        "Net Income Common Stockholders": -23980000.0,
        "Net Income": -23980000.0,
        "Net Income Including Noncontrolling Interests": -23980000.0,
        "Net Income Continuous Operations": -23980000.0,
        "Pretax Income": -23980000.0,
        "Other Income Expense": -199000.0,
        "Other Non Operating Income Expenses": -199000.0,
        "Net Non Operating Interest Income Expense": 1285000.0,
        "Interest Expense Non Operating": NaN,
        "Interest Income Non Operating": 1285000.0,
        "Operating Income": -25066000.0,
        "Operating Expense": 27011000.0,
        "Other Operating Expenses": NaN,
        "Research And Development": 11564000.0,
        "Selling General And Administration": 15447000.0,
        "Gross Profit": 1945000.0,
        "Cost Of Revenue": 2010000.0,
        "Total Revenue": 3955000.0,
        "Operating Revenue": 3955000.0
    },
    "2022-06-30": {
        "Tax Effect Of Unusual Items": 0.0,
        "Tax Rate For Calcs": 0.0,
        "Normalized EBITDA": -22533000.0,
        "Net Income From Continuing Operation Net Minority Interest": -22815000.0,
        "Reconciled Depreciation": 901000.0,
        "Reconciled Cost Of Revenue": 2012000.0,
        "EBITDA": -22533000.0,
        "EBIT": -23434000.0,
        "Net Interest Income": 676000.0,
        "Interest Expense": NaN,
        "Interest Income": 676000.0,
        "Normalized Income": -22815000.0,
        "Net Income From Continuing And Discontinued Operation": -22815000.0,
        "Total Expenses": 27005000.0,
        "Total Operating Income As Reported": -23434000.0,
        "Diluted Average Shares": 62376571.0,
        "Basic Average Shares": 62376571.0,
        "Diluted EPS": -0.37,
        "Basic EPS": -0.37,
        "Diluted NI Availto Com Stockholders": -22815000.0,
        "Net Income Common Stockholders": -22815000.0,
        "Net Income": -22815000.0,
        "Net Income Including Noncontrolling Interests": -22815000.0,
        "Net Income Continuous Operations": -22815000.0,
        "Pretax Income": -22815000.0,
        "Other Income Expense": -57000.0,
        "Other Non Operating Income Expenses": -57000.0,
        "Net Non Operating Interest Income Expense": 676000.0,
        "Interest Expense Non Operating": NaN,
        "Interest Income Non Operating": 676000.0,
        "Operating Income": -23434000.0,
        "Operating Expense": 24993000.0,
        "Other Operating Expenses": -50000.0,
        "Research And Development": 10871000.0,
        "Selling General And Administration": 14172000.0,
        "Gross Profit": 1559000.0,
        "Cost Of Revenue": 2012000.0,
        "Total Revenue": 3571000.0,
        "Operating Revenue": 3571000.0
    },
    "2022-03-31": {
        "Diluted EPS": -0.38,
        "Total Revenue": 3,
        "Gross Profit": 1,
        "Operating Income": -24,
        "EBIT": -23,
        "Net Income": -24
    },
    "2021-12-31": {
        "Diluted EPS": -0.33,
        "Total Revenue": 3,
        "Gross Profit": 1,
        "Operating Income": -20,
        "EBIT": -19,
        "Net Income": -20
    },
    "2021-09-30": {
        "Diluted EPS": -0.3,
        "Total Revenue": 2,
        "Gross Profit": 1,
        "Operating Income": -18,
        "EBIT": -17,
        "Net Income": -18
    },
    "2021-06-30": {
        "Diluted EPS": -0.27,
        "Total Revenue": 1,
        "Gross Profit": 1,
        "Operating Income": -17,
        "EBIT": -16,
        "Net Income": -17
    },
    "2021-03-31": {
        "Diluted EPS": -0.27,
        "Total Revenue": 0,
        "Gross Profit": 0,
        "Operating Income": -16,
        "EBIT": -16,
        "Net Income": -16
    },
    "2020-12-31": {
        "Diluted EPS": -0.54,
        "Total Revenue": 0,
        "Gross Profit": 0,
        "Operating Income": -13,
        "EBIT": -12,
        "Net Income": -13
    },
    "2020-09-30": {
        "Diluted EPS": -0.8,
        "Total Revenue": 0,
        "Gross Profit": 0,
        "Operating Income": -8,
        "EBIT": -8,
        "Net Income": -8
    },
    "2020-06-30": {
        "Diluted EPS": -0.63,
        "Total Revenue": 0,
        "Gross Profit": 0,
        "Operating Income": -6,
        "EBIT": -6,
        "Net Income": -6
    },
    "2020-03-31": {
        "Diluted EPS": -0.61,
        "Total Revenue": 0,
        "Gross Profit": 0,
        "Operating Income": -6,
        "EBIT": -6,
        "Net Income": -5
    },
    "2019-12-31": {
        "Diluted EPS": 0.0,
        "Total Revenue": NaN,
        "Gross Profit": NaN,
        "Operating Income": NaN,
        "EBIT": NaN,
        "Net Income": NaN
    },
    "2023-06-30": {
        "Tax Effect Of Unusual Items": 0.0,
        "Tax Rate For Calcs": 0.0,
        "Normalized EBITDA": -26637000.0,
        "Net Income From Continuing Operation Net Minority Interest": -23431000.0,
        "Reconciled Depreciation": 1304000.0,
        "Reconciled Cost Of Revenue": 1727000.0,
        "EBITDA": -26637000.0,
        "EBIT": -27941000.0,
        "Net Interest Income": 4560000.0,
        "Interest Income": 4560000.0,
        "Normalized Income": -23431000.0,
        "Net Income From Continuing And Discontinued Operation": -23431000.0,
        "Total Expenses": 31411000.0,
        "Total Operating Income As Reported": -27941000.0,
        "Diluted Average Shares": 63762625.0,
        "Basic Average Shares": 63762625.0,
        "Diluted EPS": -0.37,
        "Basic EPS": -0.37,
        "Diluted NI Availto Com Stockholders": -23431000.0,
        "Net Income Common Stockholders": -23431000.0,
        "Net Income": -23431000.0,
        "Net Income Including Noncontrolling Interests": -23431000.0,
        "Net Income Continuous Operations": -23431000.0,
        "Pretax Income": -23431000.0,
        "Other Income Expense": -50000.0,
        "Other Non Operating Income Expenses": -50000.0,
        "Net Non Operating Interest Income Expense": 4560000.0,
        "Interest Income Non Operating": 4560000.0,
        "Operating Income": -27941000.0,
        "Operating Expense": 29684000.0,
        "Other Operating Expenses": -538000.0,
        "Research And Development": 14148000.0,
        "Selling General And Administration": 16074000.0,
        "Gross Profit": 1743000.0,
        "Cost Of Revenue": 1727000.0,
        "Total Revenue": 3470000.0,
        "Operating Revenue": 3470000.0
    },
    "2023-09-30": {
        "Tax Effect Of Unusual Items": NaN,
        "Tax Rate For Calcs": NaN,
        "Normalized EBITDA": NaN,
        "Net Income From Continuing Operation Net Minority Interest": NaN,
        "Reconciled Depreciation": NaN,
        "Reconciled Cost Of Revenue": NaN,
        "EBITDA": NaN,
        "EBIT": NaN,
        "Net Interest Income": NaN,
        "Interest Income": NaN,
        "Normalized Income": NaN,
        "Net Income From Continuing And Discontinued Operation": NaN,
        "Total Expenses": NaN,
        "Total Operating Income As Reported": NaN,
        "Diluted Average Shares": NaN,
        "Basic Average Shares": NaN,
        "Diluted EPS": NaN,
        "Basic EPS": NaN,
        "Diluted NI Availto Com Stockholders": NaN,
        "Net Income Common Stockholders": NaN,
        "Net Income": NaN,
        "Net Income Including Noncontrolling Interests": NaN,
        "Net Income Continuous Operations": NaN,
        "Tax Provision": NaN,
        "Pretax Income": NaN,
        "Other Income Expense": NaN,
        "Other Non Operating Income Expenses": NaN,
        "Earnings From Equity Interest": 0.0,
        "Net Non Operating Interest Income Expense": NaN,
        "Interest Income Non Operating": NaN,
        "Operating Income": NaN,
        "Operating Expense": NaN,
        "Other Operating Expenses": NaN,
        "Research And Development": NaN,
        "Selling General And Administration": NaN,
        "Gross Profit": NaN,
        "Cost Of Revenue": NaN,
        "Total Revenue": NaN,
        "Operating Revenue": NaN
    },
    "2023-12-31": {
        "Tax Effect Of Unusual Items": 0.0,
        "Tax Rate For Calcs": 0.0,
        "Normalized EBITDA": -20652000.0,
        "Net Income From Continuing Operation Net Minority Interest": -17799000.0,
        "Reconciled Depreciation": 1580000.0,
        "Reconciled Cost Of Revenue": 2437000.0,
        "EBITDA": -20652000.0,
        "EBIT": -22232000.0,
        "Net Interest Income": 4720000.0,
        "Interest Income": 4720000.0,
        "Normalized Income": -17799000.0,
        "Net Income From Continuing And Discontinued Operation": -17799000.0,
        "Total Expenses": 26412000.0,
        "Total Operating Income As Reported": -22232000.0,
        "Diluted Average Shares": 64157125.0,
        "Basic Average Shares": 64157125.0,
        "Diluted EPS": -0.28,
        "Basic EPS": -0.28,
        "Diluted NI Availto Com Stockholders": -17799000.0,
        "Net Income Common Stockholders": -17799000.0,
        "Net Income": -17799000.0,
        "Net Income Including Noncontrolling Interests": -17799000.0,
        "Net Income Continuous Operations": -17799000.0,
        "Pretax Income": -17799000.0,
        "Other Income Expense": -287000.0,
        "Other Non Operating Income Expenses": -287000.0,
        "Earnings From Equity Interest": NaN,
        "Net Non Operating Interest Income Expense": 4720000.0,
        "Interest Income Non Operating": 4720000.0,
        "Operating Income": -22232000.0,
        "Operating Expense": 23975000.0,
        "Other Operating Expenses": -258000.0,
        "Research And Development": 11165000.0,
        "Selling General And Administration": 13068000.0,
        "Gross Profit": 1743000.0,
        "Cost Of Revenue": 2437000.0,
        "Total Revenue": 4180000.0,
        "Operating Revenue": 4180000.0
    },
    "2024-03-31": {
        "Tax Effect Of Unusual Items": NaN,
        "Tax Rate For Calcs": NaN,
        "Normalized EBITDA": NaN,
        "Net Income From Continuing Operation Net Minority Interest": NaN,
        "Reconciled Depreciation": NaN,
        "Reconciled Cost Of Revenue": NaN,
        "EBITDA": NaN,
        "EBIT": NaN,
        "Net Interest Income": NaN,
        "Interest Income": NaN,
        "Normalized Income": NaN,
        "Net Income From Continuing And Discontinued Operation": NaN,
        "Total Expenses": NaN,
        "Total Operating Income As Reported": NaN,
        "Diluted Average Shares": NaN,
        "Basic Average Shares": NaN,
        "Diluted EPS": NaN,
        "Basic EPS": NaN,
        "Diluted NI Availto Com Stockholders": NaN,
        "Net Income Common Stockholders": NaN,
        "Net Income": NaN,
        "Net Income Including Noncontrolling Interests": NaN,
        "Net Income Continuous Operations": NaN,
        "Tax Provision": 0.0,
        "Pretax Income": NaN,
        "Other Income Expense": NaN,
        "Other Non Operating Income Expenses": NaN,
        "Earnings From Equity Interest": NaN,
        "Net Non Operating Interest Income Expense": NaN,
        "Interest Income Non Operating": NaN,
        "Operating Income": NaN,
        "Operating Expense": NaN,
        "Other Operating Expenses": NaN,
        "Research And Development": NaN,
        "Selling General And Administration": NaN,
        "Gross Profit": NaN,
        "Cost Of Revenue": NaN,
        "Total Revenue": NaN,
        "Operating Revenue": NaN
    },
    "2024-06-30": {
        "Tax Effect Of Unusual Items": 0.0,
        "Tax Rate For Calcs": 0.0,
        "Normalized EBITDA": -25594000.0,
        "Net Income From Continuing Operation Net Minority Interest": -22850000.0,
        "Reconciled Depreciation": 1502000.0,
        "Reconciled Cost Of Revenue": 1341000.0,
        "EBITDA": -25594000.0,
        "EBIT": -27096000.0,
        "Net Interest Income": 4433000.0,
        "Interest Income": 4433000.0,
        "Normalized Income": -22850000.0,
        "Net Income From Continuing And Discontinued Operation": -22850000.0,
        "Total Expenses": 30122000.0,
        "Total Operating Income As Reported": -27096000.0,
        "Diluted Average Shares": 64576399.0,
        "Basic Average Shares": 64576399.0,
        "Diluted EPS": -0.35,
        "Basic EPS": -0.35,
        "Diluted NI Availto Com Stockholders": -22850000.0,
        "Net Income Common Stockholders": -22850000.0,
        "Net Income": -22850000.0,
        "Net Income Including Noncontrolling Interests": -22850000.0,
        "Net Income Continuous Operations": -22850000.0,
        "Tax Provision": 0.0,
        "Pretax Income": -22850000.0,
        "Other Income Expense": -187000.0,
        "Other Non Operating Income Expenses": -187000.0,
        "Earnings From Equity Interest": 0.0,
        "Net Non Operating Interest Income Expense": 4433000.0,
        "Interest Income Non Operating": 4433000.0,
        "Operating Income": -27096000.0,
        "Operating Expense": 28781000.0,
        "Other Operating Expenses": -46000.0,
        "Research And Development": 12734000.0,
        "Selling General And Administration": 16093000.0,
        "Gross Profit": 1685000.0,
        "Cost Of Revenue": 1341000.0,
        "Total Revenue": 3026000.0,
        "Operating Revenue": 3026000.0
    },
    "2024-09-30": {
        "Tax Effect Of Unusual Items": 0.0,
        "Tax Rate For Calcs": 0.0,
        "Normalized EBITDA": -22753000.0,
        "Net Income From Continuing Operation Net Minority Interest": -21328000.0,
        "Reconciled Depreciation": 1572000.0,
        "Reconciled Cost Of Revenue": 2094000.0,
        "EBITDA": -22753000.0,
        "EBIT": -24325000.0,
        "Net Interest Income": 4082000.0,
        "Interest Income": 4082000.0,
        "Normalized Income": -21328000.0,
        "Net Income From Continuing And Discontinued Operation": -21328000.0,
        "Total Expenses": 28267000.0,
        "Total Operating Income As Reported": -24325000.0,
        "Diluted Average Shares": 61186324.0,
        "Basic Average Shares": 61186324.0,
        "Diluted EPS": -0.35,
        "Basic EPS": -0.35,
        "Diluted NI Availto Com Stockholders": -21328000.0,
        "Net Income Common Stockholders": -21328000.0,
        "Net Income": -21328000.0,
        "Net Income Including Noncontrolling Interests": -21328000.0,
        "Net Income Continuous Operations": -21328000.0,
        "Tax Provision": NaN,
        "Pretax Income": -21328000.0,
        "Other Income Expense": -1085000.0,
        "Other Non Operating Income Expenses": -224000.0,
        "Earnings From Equity Interest": -861000.0,
        "Net Non Operating Interest Income Expense": 4082000.0,
        "Interest Income Non Operating": 4082000.0,
        "Operating Income": -24325000.0,
        "Operating Expense": 26173000.0,
        "Other Operating Expenses": -90000.0,
        "Research And Development": 12967000.0,
        "Selling General And Administration": 13296000.0,
        "Gross Profit": 1848000.0,
        "Cost Of Revenue": 2094000.0,
        "Total Revenue": 3942000.0,
        "Operating Revenue": 3942000.0
    },
    "2024-12-31": {
        "Tax Effect Of Unusual Items": 0.0,
        "Tax Rate For Calcs": 0.0,
        "Normalized EBITDA": -21880000.0,
        "Net Income From Continuing Operation Net Minority Interest": -21742000.0,
        "Reconciled Depreciation": 1608000.0,
        "Reconciled Cost Of Revenue": 1975000.0,
        "EBITDA": -21880000.0,
        "EBIT": -23488000.0,
        "Net Interest Income": 3565000.0,
        "Interest Income": 3565000.0,
        "Normalized Income": -21742000.0,
        "Net Income From Continuing And Discontinued Operation": -21742000.0,
        "Total Expenses": 27437000.0,
        "Total Operating Income As Reported": -23488000.0,
        "Diluted Average Shares": 59091817.0,
        "Basic Average Shares": 59091817.0,
        "Diluted EPS": -0.37,
        "Basic EPS": -0.37,
        "Diluted NI Availto Com Stockholders": -21742000.0,
        "Net Income Common Stockholders": -21742000.0,
        "Net Income": -21742000.0,
        "Net Income Including Noncontrolling Interests": -21742000.0,
        "Net Income Continuous Operations": -21742000.0,
        "Tax Provision": NaN,
        "Pretax Income": -21644000.0,
        "Other Income Expense": -1721000.0,
        "Other Non Operating Income Expenses": 67000.0,
        "Earnings From Equity Interest": -1788000.0,
        "Net Non Operating Interest Income Expense": 3565000.0,
        "Interest Income Non Operating": 3565000.0,
        "Operating Income": -23488000.0,
        "Operating Expense": 25462000.0,
        "Other Operating Expenses": -51000.0,
        "Research And Development": 12619000.0,
        "Selling General And Administration": 12894000.0,
        "Gross Profit": 1974000.0,
        "Cost Of Revenue": 1975000.0,
        "Total Revenue": 3949000.0,
        "Operating Revenue": 3949000.0
    },
    "2025-03-31": {
        "Tax Effect Of Unusual Items": 0.0,
        "Tax Rate For Calcs": 0.21,
        "Normalized EBITDA": -19133000.0,
        "Net Income From Continuing Operation Net Minority Interest": -19948000.0,
        "Reconciled Depreciation": 1598000.0,
        "Reconciled Cost Of Revenue": 2144000.0,
        "EBITDA": -19133000.0,
        "EBIT": -20731000.0,
        "Net Interest Income": 3217000.0,
        "Interest Income": 3217000.0,
        "Normalized Income": -19948000.0,
        "Net Income From Continuing And Discontinued Operation": -19948000.0,
        "Total Expenses": 24876000.0,
        "Total Operating Income As Reported": -20731000.0,
        "Diluted Average Shares": 59408711.0,
        "Basic Average Shares": 59408711.0,
        "Diluted EPS": -0.34,
        "Basic EPS": -0.34,
        "Diluted NI Availto Com Stockholders": -19948000.0,
        "Net Income Common Stockholders": -19948000.0,
        "Net Income": -19948000.0,
        "Net Income Including Noncontrolling Interests": -19948000.0,
        "Net Income Continuous Operations": -19948000.0,
        "Tax Provision": 101000.0,
        "Pretax Income": -19847000.0,
        "Other Income Expense": -2333000.0,
        "Other Non Operating Income Expenses": -758000.0,
        "Earnings From Equity Interest": -1575000.0,
        "Net Non Operating Interest Income Expense": 3217000.0,
        "Interest Income Non Operating": 3217000.0,
        "Operating Income": -20731000.0,
        "Operating Expense": 22732000.0,
        "Other Operating Expenses": -60000.0,
        "Research And Development": 11350000.0,
        "Selling General And Administration": 11442000.0,
        "Gross Profit": 2001000.0,
        "Cost Of Revenue": 2144000.0,
        "Total Revenue": 4145000.0,
        "Operating Revenue": 4145000.0
    },
    "2025-06-30": {
        "Tax Effect Of Unusual Items": 0.0,
        "Tax Rate For Calcs": 0.21,
        "Normalized EBITDA": -18986000.0,
        "Net Income From Continuing Operation Net Minority Interest": -19424000.0,
        "Reconciled Depreciation": 1544000.0,
        "Reconciled Cost Of Revenue": 1940000.0,
        "EBITDA": -18986000.0,
        "EBIT": -20530000.0,
        "Net Interest Income": 2992000.0,
        "Interest Income": 2992000.0,
        "Normalized Income": -19424000.0,
        "Net Income From Continuing And Discontinued Operation": -19424000.0,
        "Total Expenses": 24462000.0,
        "Total Operating Income As Reported": -20530000.0,
        "Diluted Average Shares": 58087565.0,
        "Basic Average Shares": 58087565.0,
        "Diluted EPS": -0.33,
        "Basic EPS": -0.33,
        "Diluted NI Availto Com Stockholders": -19424000.0,
        "Net Income Common Stockholders": -19424000.0,
        "Net Income": -19424000.0,
        "Net Income Including Noncontrolling Interests": -19424000.0,
        "Net Income Continuous Operations": -19424000.0,
        "Tax Provision": 48000.0,
        "Pretax Income": -19376000.0,
        "Other Income Expense": -1838000.0,
        "Other Non Operating Income Expenses": 3000.0,
        "Earnings From Equity Interest": -1841000.0,
        "Net Non Operating Interest Income Expense": 2992000.0,
        "Interest Income Non Operating": 2992000.0,
        "Operating Income": -20530000.0,
        "Operating Expense": 22522000.0,
        "Other Operating Expenses": -119000.0,
        "Research And Development": 11985000.0,
        "Selling General And Administration": 10656000.0,
        "Gross Profit": 1992000.0,
        "Cost Of Revenue": 1940000.0,
        "Total Revenue": 3932000.0,
        "Operating Revenue": 3932000.0
    }
}