{
    "2024-03-31": {
        "Tax Effect Of Unusual Items": 0.0,
        "Tax Rate For Calcs": 0.0,
        "Normalized EBITDA": -33458000.0,
        "Total Unusual Items": NaN,
        "Total Unusual Items Excluding Goodwill": NaN,
        "Net Income From Continuing Operation Net Minority Interest": -44078000.0,
        "Reconciled Depreciation": 8074000.0,
        "Reconciled Cost Of Revenue": 12649000.0,
        "EBITDA": -33458000.0,
        "EBIT": -41532000.0,
        "Net Interest Income": -2546000.0,
        "Interest Expense": 2546000.0,
        "Interest Income": NaN,
        "Normalized Income": -44078000.0,
        "Net Income From Continuing And Discontinued Operation": -44078000.0,
        "Total Expenses": 45832000.0,
        "Total Operating Income As Reported": -31321000.0,
        "Diluted Average Shares": 14613675.0,
        "Basic Average Shares": 14613675.0,
        "Diluted EPS": -3.016216,
        "Basic EPS": -3.016216,
        "Diluted NI Availto Com Stockholders": -44078000.0,
        "Net Income Common Stockholders": -44078000.0,
        "Net Income": -44078000.0,
        "Minority Interests": 0.0,
        "Net Income Including Noncontrolling Interests": -44078000.0,
        "Net Income Continuous Operations": -44078000.0,
        "Tax Provision": 0.0,
        "Pretax Income": -44078000.0,
        "Other Income Expense": -10211000.0,
        "Other Non Operating Income Expenses": -307000.0,
        "Special Income Charges": NaN,
        "Other Special Charges": NaN,
        "Impairment Of Capital Assets": NaN,
        "Earnings From Equity Interest": -10211000.0,
        "Net Non Operating Interest Income Expense": -2546000.0,
        "Interest Expense Non Operating": 2546000.0,
        "Interest Income Non Operating": NaN,
        "Operating Income": -31321000.0,
        "Operating Expense": 33183000.0,
        "Other Operating Expenses": 8555000.0,
        "Provision For Doubtful Accounts": 953000.0,
        "Depreciation Amortization Depletion Income Statement": 8074000.0,
        "Depreciation And Amortization In Income Statement": 8074000.0,
        "Selling General And Administration": 16554000.0,
        "General And Administrative Expense": 16554000.0,
        "Other Gand A": 16554000.0,
        "Gross Profit": 1862000.0,
        "Cost Of Revenue": 12649000.0,
        "Total Revenue": 14511000.0,
        "Operating Revenue": 14178000.0
    },
    "2023-03-31": {
        "Tax Effect Of Unusual Items": 0.0,
        "Tax Rate For Calcs": 0.0,
        "Normalized EBITDA": -23897000.0,
        "Net Income From Continuing Operation Net Minority Interest": -37757000.0,
        "Reconciled Depreciation": 13230000.0,
        "Reconciled Cost Of Revenue": 12869000.0,
        "EBITDA": -23897000.0,
        "EBIT": -37127000.0,
        "Net Interest Income": -630000.0,
        "Interest Expense": 630000.0,
        "Normalized Income": -37757000.0,
        "Net Income From Continuing And Discontinued Operation": -37757000.0,
        "Total Expenses": 41055000.0,
        "Total Operating Income As Reported": -26307000.0,
        "Diluted Average Shares": 12583000.0,
        "Basic Average Shares": 12583000.0,
        "Diluted EPS": -3.000636,
        "Basic EPS": -3.000636,
        "Diluted NI Availto Com Stockholders": -37757000.0,
        "Net Income Common Stockholders": -37757000.0,
        "Net Income": -37757000.0,
        "Net Income Including Noncontrolling Interests": -37757000.0,
        "Net Income Continuous Operations": -37757000.0,
        "Tax Provision": 0.0,
        "Pretax Income": -37757000.0,
        "Other Income Expense": -10820000.0,
        "Other Non Operating Income Expenses": NaN,
        "Earnings From Equity Interest": -10820000.0,
        "Net Non Operating Interest Income Expense": -630000.0,
        "Interest Expense Non Operating": 630000.0,
        "Operating Income": -26307000.0,
        "Operating Expense": 28186000.0,
        "Other Operating Expenses": 9519000.0,
        "Provision For Doubtful Accounts": -19000.0,
        "Depreciation Amortization Depletion Income Statement": 13230000.0,
        "Depreciation And Amortization In Income Statement": 13230000.0,
        "Selling General And Administration": 5456000.0,
        "General And Administrative Expense": 5456000.0,
        "Other Gand A": 5456000.0,
        "Gross Profit": 1879000.0,
        "Cost Of Revenue": 12869000.0,
        "Total Revenue": 14748000.0,
        "Operating Revenue": 14745000.0
    },
    "2024-06-30": {
        "Tax Effect Of Unusual Items": 0.0,
        "Tax Rate For Calcs": 0.0,
        "Normalized EBITDA": -26454000.0,
        "Total Unusual Items": NaN,
        "Total Unusual Items Excluding Goodwill": NaN,
        "Net Income From Continuing Operation Net Minority Interest": -34997000.0,
        "Reconciled Depreciation": 5333000.0,
        "Reconciled Cost Of Revenue": 20911000.0,
        "EBITDA": -26454000.0,
        "EBIT": -31787000.0,
        "Net Interest Income": -3210000.0,
        "Interest Expense": 3210000.0,
        "Interest Income": NaN,
        "Normalized Income": -34997000.0,
        "Net Income From Continuing And Discontinued Operation": -34997000.0,
        "Total Expenses": 59176000.0,
        "Total Operating Income As Reported": -25235000.0,
        "Diluted Average Shares": 6483576.0,
        "Basic Average Shares": 6483576.0,
        "Diluted EPS": -5.397793,
        "Basic EPS": -5.397793,
        "Diluted NI Availto Com Stockholders": -34997000.0,
        "Net Income Common Stockholders": -34997000.0,
        "Net Income": -34997000.0,
        "Minority Interests": NaN,
        "Net Income Including Noncontrolling Interests": -34997000.0,
        "Net Income Continuous Operations": -34997000.0,
        "Tax Provision": 0.0,
        "Pretax Income": -34997000.0,
        "Other Income Expense": -6552000.0,
        "Other Non Operating Income Expenses": NaN,
        "Special Income Charges": NaN,
        "Other Special Charges": NaN,
        "Impairment Of Capital Assets": NaN,
        "Earnings From Equity Interest": -6552000.0,
        "Net Non Operating Interest Income Expense": -3210000.0,
        "Interest Expense Non Operating": 3210000.0,
        "Interest Income Non Operating": NaN,
        "Operating Income": -25235000.0,
        "Operating Expense": 38265000.0,
        "Other Operating Expenses": 13012000.0,
        "Provision For Doubtful Accounts": 1307000.0,
        "Depreciation Amortization Depletion Income Statement": 5333000.0,
        "Depreciation And Amortization In Income Statement": 5333000.0,
        "Selling General And Administration": 18613000.0,
        "General And Administrative Expense": 18613000.0,
        "Other Gand A": 18613000.0,
        "Gross Profit": 13030000.0,
        "Cost Of Revenue": 20911000.0,
        "Total Revenue": 33941000.0,
        "Operating Revenue": 33882000.0
    },
    "2023-06-30": {
        "Tax Effect Of Unusual Items": NaN,
        "Tax Rate For Calcs": NaN,
        "Normalized EBITDA": NaN,
        "Total Unusual Items": NaN,
        "Total Unusual Items Excluding Goodwill": NaN,
        "Net Income From Continuing Operation Net Minority Interest": NaN,
        "Reconciled Depreciation": NaN,
        "Reconciled Cost Of Revenue": NaN,
        "EBITDA": NaN,
        "EBIT": NaN,
        "Net Interest Income": NaN,
        "Interest Expense": NaN,
        "Normalized Income": NaN,
        "Net Income From Continuing And Discontinued Operation": NaN,
        "Total Expenses": NaN,
        "Total Operating Income As Reported": NaN,
        "Diluted Average Shares": 14613675.0,
        "Basic Average Shares": 14613675.0,
        "Diluted EPS": -1.926004,
        "Basic EPS": -1.926004,
        "Diluted NI Availto Com Stockholders": NaN,
        "Net Income Common Stockholders": NaN,
        "Net Income": NaN,
        "Minority Interests": NaN,
        "Net Income Including Noncontrolling Interests": NaN,
        "Net Income Continuous Operations": NaN,
        "Tax Provision": NaN,
        "Pretax Income": NaN,
        "Other Income Expense": NaN,
        "Other Non Operating Income Expenses": NaN,
        "Special Income Charges": NaN,
        "Other Special Charges": NaN,
        "Impairment Of Capital Assets": NaN,
        "Earnings From Equity Interest": NaN,
        "Net Non Operating Interest Income Expense": NaN,
        "Interest Expense Non Operating": NaN,
        "Operating Income": NaN,
        "Operating Expense": NaN,
        "Other Operating Expenses": NaN,
        "Provision For Doubtful Accounts": NaN,
        "Depreciation Amortization Depletion Income Statement": NaN,
        "Depreciation And Amortization In Income Statement": NaN,
        "Selling General And Administration": NaN,
        "General And Administrative Expense": NaN,
        "Other Gand A": NaN,
        "Gross Profit": NaN,
        "Cost Of Revenue": NaN,
        "Total Revenue": NaN,
        "Operating Revenue": NaN
    },
    "2024-09-30": {
        "Tax Effect Of Unusual Items": 0.0,
        "Tax Rate For Calcs": 0.0,
        "Normalized EBITDA": -19884000.0,
        "Total Unusual Items": -1563000.0,
        "Total Unusual Items Excluding Goodwill": -1563000.0,
        "Net Income From Continuing Operation Net Minority Interest": -32511000.0,
        "Reconciled Depreciation": 7694000.0,
        "Reconciled Cost Of Revenue": 26569000.0,
        "EBITDA": -21447000.0,
        "EBIT": -29141000.0,
        "Net Interest Income": -3133000.0,
        "Interest Expense": 3133000.0,
        "Interest Income": NaN,
        "Normalized Income": -30948000.0,
        "Net Income From Continuing And Discontinued Operation": -32511000.0,
        "Total Expenses": 59697000.0,
        "Total Operating Income As Reported": -20000000.0,
        "Diluted Average Shares": 5522000.0,
        "Basic Average Shares": 5522000.0,
        "Diluted EPS": -5.89,
        "Basic EPS": -5.89,
        "Diluted NI Availto Com Stockholders": -32511000.0,
        "Net Income Common Stockholders": -32511000.0,
        "Net Income": -32511000.0,
        "Minority Interests": -237000.0,
        "Net Income Including Noncontrolling Interests": -32274000.0,
        "Net Income Continuous Operations": -32274000.0,
        "Tax Provision": 0.0,
        "Pretax Income": -32274000.0,
        "Other Income Expense": -9141000.0,
        "Other Non Operating Income Expenses": NaN,
        "Special Income Charges": -1563000.0,
        "Other Special Charges": 1563000.0,
        "Impairment Of Capital Assets": 0.0,
        "Earnings From Equity Interest": -7578000.0,
        "Net Non Operating Interest Income Expense": -3133000.0,
        "Interest Expense Non Operating": 3133000.0,
        "Interest Income Non Operating": NaN,
        "Operating Income": -20000000.0,
        "Operating Expense": 33128000.0,
        "Other Operating Expenses": 6817000.0,
        "Provision For Doubtful Accounts": 298000.0,
        "Depreciation Amortization Depletion Income Statement": 7694000.0,
        "Depreciation And Amortization In Income Statement": 7694000.0,
        "Selling General And Administration": 18319000.0,
        "General And Administrative Expense": 18319000.0,
        "Other Gand A": 18319000.0,
        "Gross Profit": 13128000.0,
        "Cost Of Revenue": 26569000.0,
        "Total Revenue": 39697000.0,
        "Operating Revenue": 39685000.0
    },
    "2023-12-31": {
        "Tax Effect Of Unusual Items": NaN,
        "Tax Rate For Calcs": NaN,
        "Normalized EBITDA": NaN,
        "Total Unusual Items": -190000.0,
        "Total Unusual Items Excluding Goodwill": -190000.0,
        "Net Income From Continuing Operation Net Minority Interest": NaN,
        "Reconciled Depreciation": NaN,
        "Reconciled Cost Of Revenue": NaN,
        "EBITDA": NaN,
        "EBIT": NaN,
        "Net Interest Income": NaN,
        "Interest Expense": 805000.0,
        "Interest Income": NaN,
        "Normalized Income": NaN,
        "Net Income From Continuing And Discontinued Operation": NaN,
        "Total Expenses": NaN,
        "Total Operating Income As Reported": NaN,
        "Diluted Average Shares": NaN,
        "Basic Average Shares": NaN,
        "Diluted EPS": NaN,
        "Basic EPS": NaN,
        "Diluted NI Availto Com Stockholders": NaN,
        "Net Income Common Stockholders": NaN,
        "Net Income": NaN,
        "Minority Interests": 0.0,
        "Net Income Including Noncontrolling Interests": NaN,
        "Net Income Continuous Operations": NaN,
        "Tax Provision": NaN,
        "Pretax Income": NaN,
        "Other Income Expense": NaN,
        "Other Non Operating Income Expenses": NaN,
        "Special Income Charges": -190000.0,
        "Other Special Charges": 190000.0,
        "Impairment Of Capital Assets": 0.0,
        "Earnings From Equity Interest": NaN,
        "Net Non Operating Interest Income Expense": NaN,
        "Interest Expense Non Operating": 805000.0,
        "Interest Income Non Operating": NaN,
        "Operating Income": NaN,
        "Operating Expense": NaN,
        "Other Operating Expenses": NaN,
        "Provision For Doubtful Accounts": 368000.0,
        "Depreciation Amortization Depletion Income Statement": NaN,
        "Depreciation And Amortization In Income Statement": NaN,
        "Selling General And Administration": NaN,
        "General And Administrative Expense": NaN,
        "Other Gand A": NaN,
        "Gross Profit": NaN,
        "Cost Of Revenue": NaN,
        "Total Revenue": NaN,
        "Operating Revenue": NaN
    },
    "2023-09-30": {
        "Tax Effect Of Unusual Items": NaN,
        "Tax Rate For Calcs": NaN,
        "Normalized EBITDA": NaN,
        "Total Unusual Items": -672540000.0,
        "Total Unusual Items Excluding Goodwill": -672540000.0,
        "Net Income From Continuing Operation Net Minority Interest": NaN,
        "Reconciled Depreciation": NaN,
        "Reconciled Cost Of Revenue": NaN,
        "EBITDA": NaN,
        "EBIT": NaN,
        "Net Interest Income": NaN,
        "Interest Expense": NaN,
        "Interest Income": NaN,
        "Normalized Income": NaN,
        "Net Income From Continuing And Discontinued Operation": NaN,
        "Total Expenses": NaN,
        "Total Operating Income As Reported": NaN,
        "Diluted Average Shares": NaN,
        "Basic Average Shares": NaN,
        "Diluted EPS": NaN,
        "Basic EPS": NaN,
        "Diluted NI Availto Com Stockholders": NaN,
        "Net Income Common Stockholders": NaN,
        "Net Income": NaN,
        "Minority Interests": NaN,
        "Net Income Including Noncontrolling Interests": NaN,
        "Net Income Continuous Operations": NaN,
        "Tax Provision": NaN,
        "Pretax Income": NaN,
        "Other Income Expense": NaN,
        "Other Non Operating Income Expenses": NaN,
        "Special Income Charges": -672540000.0,
        "Other Special Charges": 48000.0,
        "Impairment Of Capital Assets": 672492000.0,
        "Earnings From Equity Interest": NaN,
        "Net Non Operating Interest Income Expense": NaN,
        "Interest Expense Non Operating": NaN,
        "Interest Income Non Operating": NaN,
        "Operating Income": NaN,
        "Operating Expense": NaN,
        "Other Operating Expenses": NaN,
        "Provision For Doubtful Accounts": NaN,
        "Depreciation Amortization Depletion Income Statement": NaN,
        "Depreciation And Amortization In Income Statement": NaN,
        "Selling General And Administration": NaN,
        "General And Administrative Expense": NaN,
        "Other Gand A": NaN,
        "Gross Profit": NaN,
        "Cost Of Revenue": NaN,
        "Total Revenue": NaN,
        "Operating Revenue": NaN
    },
    "2024-12-31": {
        "Tax Effect Of Unusual Items": 0.0,
        "Tax Rate For Calcs": 0.0,
        "Normalized EBITDA": -29730000.0,
        "Total Unusual Items": 0.0,
        "Total Unusual Items Excluding Goodwill": 0.0,
        "Net Income From Continuing Operation Net Minority Interest": -41626000.0,
        "Reconciled Depreciation": 13684000.0,
        "Reconciled Cost Of Revenue": 16850000.0,
        "EBITDA": -29730000.0,
        "EBIT": -43414000.0,
        "Net Interest Income": 2138000.0,
        "Interest Expense": -2138000.0,
        "Interest Income": NaN,
        "Normalized Income": -41626000.0,
        "Net Income From Continuing And Discontinued Operation": -41626000.0,
        "Total Expenses": 48097000.0,
        "Total Operating Income As Reported": -25253000.0,
        "Diluted Average Shares": 11474000.0,
        "Basic Average Shares": 11474000.0,
        "Diluted EPS": -3.63,
        "Basic EPS": -3.63,
        "Diluted NI Availto Com Stockholders": -41626000.0,
        "Net Income Common Stockholders": -41626000.0,
        "Net Income": -41626000.0,
        "Minority Interests": -350000.0,
        "Net Income Including Noncontrolling Interests": -41276000.0,
        "Net Income Continuous Operations": -41276000.0,
        "Tax Provision": 0.0,
        "Pretax Income": -41276000.0,
        "Other Income Expense": -18161000.0,
        "Other Non Operating Income Expenses": NaN,
        "Special Income Charges": 0.0,
        "Other Special Charges": 0.0,
        "Impairment Of Capital Assets": 0.0,
        "Earnings From Equity Interest": -18161000.0,
        "Net Non Operating Interest Income Expense": 2138000.0,
        "Interest Expense Non Operating": -2138000.0,
        "Interest Income Non Operating": NaN,
        "Operating Income": -25253000.0,
        "Operating Expense": 31247000.0,
        "Other Operating Expenses": 7975000.0,
        "Provision For Doubtful Accounts": -195000.0,
        "Depreciation Amortization Depletion Income Statement": 13684000.0,
        "Depreciation And Amortization In Income Statement": 13684000.0,
        "Selling General And Administration": 9783000.0,
        "General And Administrative Expense": 9783000.0,
        "Other Gand A": 9783000.0,
        "Gross Profit": 5994000.0,
        "Cost Of Revenue": 16850000.0,
        "Total Revenue": 22844000.0,
        "Operating Revenue": 22846000.0
    },
    "2025-03-31": {
        "Tax Effect Of Unusual Items": 0.0,
        "Tax Rate For Calcs": 0.0,
        "Normalized EBITDA": -24611000.0,
        "Total Unusual Items": NaN,
        "Total Unusual Items Excluding Goodwill": NaN,
        "Net Income From Continuing Operation Net Minority Interest": -31888000.0,
        "Reconciled Depreciation": 8091000.0,
        "Reconciled Cost Of Revenue": 22819000.0,
        "EBITDA": -24611000.0,
        "EBIT": -32702000.0,
        "Net Interest Income": 994000.0,
        "Interest Expense": NaN,
        "Interest Income": 994000.0,
        "Normalized Income": -31888000.0,
        "Net Income From Continuing And Discontinued Operation": -31888000.0,
        "Total Expenses": 48771000.0,
        "Total Operating Income As Reported": -32702000.0,
        "Diluted Average Shares": 12694000.0,
        "Basic Average Shares": 12694000.0,
        "Diluted EPS": -2.51,
        "Basic EPS": -2.51,
        "Diluted NI Availto Com Stockholders": -31888000.0,
        "Net Income Common Stockholders": -31888000.0,
        "Net Income": -31888000.0,
        "Minority Interests": -350000.0,
        "Net Income Including Noncontrolling Interests": -31538000.0,
        "Net Income Continuous Operations": -31538000.0,
        "Tax Provision": 0.0,
        "Pretax Income": -31538000.0,
        "Other Income Expense": 170000.0,
        "Other Non Operating Income Expenses": NaN,
        "Special Income Charges": NaN,
        "Other Special Charges": NaN,
        "Impairment Of Capital Assets": NaN,
        "Earnings From Equity Interest": 170000.0,
        "Net Non Operating Interest Income Expense": 994000.0,
        "Interest Expense Non Operating": NaN,
        "Interest Income Non Operating": 994000.0,
        "Operating Income": -32702000.0,
        "Operating Expense": 25952000.0,
        "Other Operating Expenses": 8079000.0,
        "Provision For Doubtful Accounts": NaN,
        "Depreciation Amortization Depletion Income Statement": 8091000.0,
        "Depreciation And Amortization In Income Statement": 8091000.0,
        "Selling General And Administration": 9782000.0,
        "General And Administrative Expense": 9782000.0,
        "Other Gand A": 9782000.0,
        "Gross Profit": -6750000.0,
        "Cost Of Revenue": 22819000.0,
        "Total Revenue": 16069000.0,
        "Operating Revenue": 15733000.0
    }
}