{
    "2024-06-30": {
        "Tax Effect Of Unusual Items": 0.0,
        "Tax Rate For Calcs": 0.12,
        "Normalized EBITDA": 21419000.0,
        "Total Unusual Items": NaN,
        "Total Unusual Items Excluding Goodwill": NaN,
        "Net Income From Continuing Operation Net Minority Interest": 6208000.0,
        "Reconciled Depreciation": 9565000.0,
        "Reconciled Cost Of Revenue": 55696000.0,
        "EBITDA": 21419000.0,
        "EBIT": 11854000.0,
        "Net Interest Income": -685000.0,
        "Interest Expense": 685000.0,
        "Normalized Income": 6208000.0,
        "Net Income From Continuing And Discontinued Operation": 6208000.0,
        "Total Expenses": 62032000.0,
        "Rent Expense Supplemental": NaN,
        "Total Operating Income As Reported": 11854000.0,
        "Diluted Average Shares": 28335000.0,
        "Basic Average Shares": 28335000.0,
        "Diluted EPS": 0.2,
        "Basic EPS": 0.2,
        "Diluted NI Availto Com Stockholders": 5808000.0,
        "Net Income Common Stockholders": 5808000.0,
        "Otherunder Preferred Stock Dividend": 400000.0,
        "Net Income": 6208000.0,
        "Minority Interests": -3616000.0,
        "Net Income Including Noncontrolling Interests": 9824000.0,
        "Net Income Continuous Operations": 9824000.0,
        "Tax Provision": 1345000.0,
        "Pretax Income": 11169000.0,
        "Other Income Expense": NaN,
        "Special Income Charges": NaN,
        "Other Special Charges": NaN,
        "Impairment Of Capital Assets": NaN,
        "Net Non Operating Interest Income Expense": -685000.0,
        "Interest Expense Non Operating": 685000.0,
        "Operating Income": 11854000.0,
        "Operating Expense": 6336000.0,
        "Other Operating Expenses": 560000.0,
        "Other Taxes": -2483000.0,
        "Selling General And Administration": 8259000.0,
        "Gross Profit": 18190000.0,
        "Cost Of Revenue": 55696000.0,
        "Total Revenue": 73886000.0,
        "Operating Revenue": 73886000.0
    },
    "2024-03-31": {
        "Tax Effect Of Unusual Items": 0.0,
        "Tax Rate For Calcs": 0.202796,
        "Normalized EBITDA": 19890000.0,
        "Total Unusual Items": NaN,
        "Total Unusual Items Excluding Goodwill": NaN,
        "Net Income From Continuing Operation Net Minority Interest": 4317000.0,
        "Reconciled Depreciation": 9934000.0,
        "Reconciled Cost Of Revenue": 49821000.0,
        "EBITDA": 19890000.0,
        "EBIT": 9956000.0,
        "Net Interest Income": -799000.0,
        "Interest Expense": 799000.0,
        "Normalized Income": 4317000.0,
        "Net Income From Continuing And Discontinued Operation": 4317000.0,
        "Total Expenses": 57934000.0,
        "Rent Expense Supplemental": 0.0,
        "Total Operating Income As Reported": 9956000.0,
        "Diluted Average Shares": 28587000.0,
        "Basic Average Shares": 28587000.0,
        "Diluted EPS": 0.14,
        "Basic EPS": 0.14,
        "Diluted NI Availto Com Stockholders": 4040000.0,
        "Net Income Common Stockholders": 4040000.0,
        "Otherunder Preferred Stock Dividend": 277000.0,
        "Net Income": 4317000.0,
        "Minority Interests": -2983000.0,
        "Net Income Including Noncontrolling Interests": 7300000.0,
        "Net Income Continuous Operations": 7300000.0,
        "Tax Provision": 1857000.0,
        "Pretax Income": 9157000.0,
        "Other Income Expense": NaN,
        "Special Income Charges": NaN,
        "Other Special Charges": NaN,
        "Impairment Of Capital Assets": NaN,
        "Net Non Operating Interest Income Expense": -799000.0,
        "Interest Expense Non Operating": 799000.0,
        "Operating Income": 9956000.0,
        "Operating Expense": 8113000.0,
        "Other Operating Expenses": 123000.0,
        "Other Taxes": NaN,
        "Selling General And Administration": 7990000.0,
        "Gross Profit": 18069000.0,
        "Cost Of Revenue": 49821000.0,
        "Total Revenue": 67890000.0,
        "Operating Revenue": 67890000.0
    },
    "2023-12-31": {
        "Tax Effect Of Unusual Items": NaN,
        "Tax Rate For Calcs": NaN,
        "Normalized EBITDA": NaN,
        "Total Unusual Items": 0.0,
        "Total Unusual Items Excluding Goodwill": 0.0,
        "Net Income From Continuing Operation Net Minority Interest": NaN,
        "Reconciled Depreciation": NaN,
        "Reconciled Cost Of Revenue": NaN,
        "EBITDA": NaN,
        "EBIT": NaN,
        "Net Interest Income": NaN,
        "Interest Expense": NaN,
        "Normalized Income": NaN,
        "Net Income From Continuing And Discontinued Operation": NaN,
        "Total Expenses": NaN,
        "Rent Expense Supplemental": NaN,
        "Total Operating Income As Reported": NaN,
        "Diluted Average Shares": NaN,
        "Basic Average Shares": NaN,
        "Diluted EPS": NaN,
        "Basic EPS": NaN,
        "Diluted NI Availto Com Stockholders": NaN,
        "Net Income Common Stockholders": NaN,
        "Otherunder Preferred Stock Dividend": NaN,
        "Net Income": NaN,
        "Minority Interests": NaN,
        "Net Income Including Noncontrolling Interests": NaN,
        "Net Income Continuous Operations": NaN,
        "Tax Provision": NaN,
        "Pretax Income": NaN,
        "Other Income Expense": 0.0,
        "Special Income Charges": 0.0,
        "Other Special Charges": NaN,
        "Impairment Of Capital Assets": NaN,
        "Net Non Operating Interest Income Expense": NaN,
        "Interest Expense Non Operating": NaN,
        "Operating Income": NaN,
        "Operating Expense": NaN,
        "Other Operating Expenses": NaN,
        "Other Taxes": 0.0,
        "Selling General And Administration": NaN,
        "Gross Profit": NaN,
        "Cost Of Revenue": NaN,
        "Total Revenue": NaN,
        "Operating Revenue": NaN
    },
    "2023-09-30": {
        "Tax Effect Of Unusual Items": NaN,
        "Tax Rate For Calcs": NaN,
        "Normalized EBITDA": NaN,
        "Total Unusual Items": -1423000.0,
        "Total Unusual Items Excluding Goodwill": -1423000.0,
        "Net Income From Continuing Operation Net Minority Interest": NaN,
        "Reconciled Depreciation": NaN,
        "Reconciled Cost Of Revenue": NaN,
        "EBITDA": NaN,
        "EBIT": NaN,
        "Net Interest Income": NaN,
        "Interest Expense": NaN,
        "Normalized Income": NaN,
        "Net Income From Continuing And Discontinued Operation": NaN,
        "Total Expenses": NaN,
        "Rent Expense Supplemental": NaN,
        "Total Operating Income As Reported": NaN,
        "Diluted Average Shares": NaN,
        "Basic Average Shares": NaN,
        "Diluted EPS": NaN,
        "Basic EPS": NaN,
        "Diluted NI Availto Com Stockholders": NaN,
        "Net Income Common Stockholders": NaN,
        "Otherunder Preferred Stock Dividend": NaN,
        "Net Income": NaN,
        "Minority Interests": NaN,
        "Net Income Including Noncontrolling Interests": NaN,
        "Net Income Continuous Operations": NaN,
        "Tax Provision": NaN,
        "Pretax Income": NaN,
        "Other Income Expense": -1423000.0,
        "Special Income Charges": -1423000.0,
        "Other Special Charges": NaN,
        "Impairment Of Capital Assets": 1423000.0,
        "Net Non Operating Interest Income Expense": NaN,
        "Interest Expense Non Operating": NaN,
        "Operating Income": NaN,
        "Operating Expense": NaN,
        "Other Operating Expenses": NaN,
        "Other Taxes": 0.0,
        "Selling General And Administration": NaN,
        "Gross Profit": NaN,
        "Cost Of Revenue": NaN,
        "Total Revenue": NaN,
        "Operating Revenue": NaN
    },
    "2023-06-30": {
        "Tax Effect Of Unusual Items": NaN,
        "Tax Rate For Calcs": NaN,
        "Normalized EBITDA": NaN,
        "Total Unusual Items": NaN,
        "Total Unusual Items Excluding Goodwill": NaN,
        "Net Income From Continuing Operation Net Minority Interest": NaN,
        "Reconciled Depreciation": NaN,
        "Reconciled Cost Of Revenue": NaN,
        "EBITDA": NaN,
        "EBIT": NaN,
        "Net Interest Income": NaN,
        "Interest Expense": NaN,
        "Normalized Income": NaN,
        "Net Income From Continuing And Discontinued Operation": NaN,
        "Total Expenses": NaN,
        "Total Operating Income As Reported": NaN,
        "Diluted Average Shares": NaN,
        "Basic Average Shares": NaN,
        "Diluted EPS": NaN,
        "Basic EPS": NaN,
        "Diluted NI Availto Com Stockholders": NaN,
        "Net Income Common Stockholders": NaN,
        "Otherunder Preferred Stock Dividend": NaN,
        "Net Income": NaN,
        "Minority Interests": NaN,
        "Net Income Including Noncontrolling Interests": NaN,
        "Net Income Continuous Operations": NaN,
        "Tax Provision": NaN,
        "Pretax Income": NaN,
        "Other Income Expense": NaN,
        "Special Income Charges": NaN,
        "Other Special Charges": NaN,
        "Impairment Of Capital Assets": NaN,
        "Net Non Operating Interest Income Expense": NaN,
        "Interest Expense Non Operating": NaN,
        "Operating Income": NaN,
        "Operating Expense": NaN,
        "Other Operating Expenses": NaN,
        "Other Taxes": 0.0,
        "Selling General And Administration": NaN,
        "Gross Profit": NaN,
        "Cost Of Revenue": NaN,
        "Total Revenue": NaN,
        "Operating Revenue": NaN
    },
    "2023-03-31": {
        "Tax Effect Of Unusual Items": NaN,
        "Tax Rate For Calcs": NaN,
        "Normalized EBITDA": NaN,
        "Total Unusual Items": NaN,
        "Total Unusual Items Excluding Goodwill": NaN,
        "Net Income From Continuing Operation Net Minority Interest": NaN,
        "Reconciled Depreciation": NaN,
        "Reconciled Cost Of Revenue": NaN,
        "EBITDA": NaN,
        "EBIT": NaN,
        "Net Interest Income": NaN,
        "Interest Expense": NaN,
        "Normalized Income": NaN,
        "Net Income From Continuing And Discontinued Operation": NaN,
        "Total Expenses": NaN,
        "Total Operating Income As Reported": NaN,
        "Diluted Average Shares": NaN,
        "Basic Average Shares": NaN,
        "Diluted EPS": NaN,
        "Basic EPS": NaN,
        "Diluted NI Availto Com Stockholders": NaN,
        "Net Income Common Stockholders": NaN,
        "Otherunder Preferred Stock Dividend": NaN,
        "Net Income": NaN,
        "Minority Interests": NaN,
        "Net Income Including Noncontrolling Interests": NaN,
        "Net Income Continuous Operations": NaN,
        "Tax Provision": NaN,
        "Pretax Income": NaN,
        "Other Income Expense": NaN,
        "Special Income Charges": NaN,
        "Other Special Charges": NaN,
        "Impairment Of Capital Assets": NaN,
        "Net Non Operating Interest Income Expense": NaN,
        "Total Other Finance Cost": 459000.0,
        "Interest Expense Non Operating": NaN,
        "Operating Income": NaN,
        "Operating Expense": NaN,
        "Other Operating Expenses": NaN,
        "Other Taxes": NaN,
        "Selling General And Administration": NaN,
        "Gross Profit": NaN,
        "Cost Of Revenue": NaN,
        "Total Revenue": NaN,
        "Operating Revenue": NaN
    },
    "2022-12-31": {
        "Tax Effect Of Unusual Items": NaN,
        "Tax Rate For Calcs": NaN,
        "Normalized EBITDA": NaN,
        "Total Unusual Items": NaN,
        "Total Unusual Items Excluding Goodwill": NaN,
        "Net Income From Continuing Operation Net Minority Interest": NaN,
        "Reconciled Depreciation": NaN,
        "Reconciled Cost Of Revenue": NaN,
        "EBITDA": NaN,
        "EBIT": NaN,
        "Net Interest Income": NaN,
        "Interest Expense": NaN,
        "Normalized Income": NaN,
        "Net Income From Continuing And Discontinued Operation": NaN,
        "Total Expenses": NaN,
        "Total Operating Income As Reported": NaN,
        "Diluted Average Shares": NaN,
        "Basic Average Shares": NaN,
        "Diluted EPS": NaN,
        "Basic EPS": NaN,
        "Diluted NI Availto Com Stockholders": NaN,
        "Net Income Common Stockholders": NaN,
        "Otherunder Preferred Stock Dividend": NaN,
        "Net Income": NaN,
        "Minority Interests": NaN,
        "Net Income Including Noncontrolling Interests": NaN,
        "Net Income Continuous Operations": NaN,
        "Tax Provision": NaN,
        "Pretax Income": NaN,
        "Other Income Expense": NaN,
        "Special Income Charges": NaN,
        "Impairment Of Capital Assets": NaN,
        "Net Non Operating Interest Income Expense": NaN,
        "Total Other Finance Cost": NaN,
        "Interest Expense Non Operating": NaN,
        "Operating Income": NaN,
        "Operating Expense": NaN,
        "Other Operating Expenses": NaN,
        "Other Taxes": 0.0,
        "Selling General And Administration": NaN,
        "Gross Profit": NaN,
        "Cost Of Revenue": NaN,
        "Total Revenue": NaN,
        "Operating Revenue": NaN
    },
    "2024-09-30": {
        "Tax Effect Of Unusual Items": -857850.0,
        "Tax Rate For Calcs": 0.21,
        "Normalized EBITDA": 16258000.0,
        "Total Unusual Items": -4085000.0,
        "Total Unusual Items Excluding Goodwill": -4085000.0,
        "Net Income From Continuing Operation Net Minority Interest": -968000.0,
        "Reconciled Depreciation": 10991000.0,
        "Reconciled Cost Of Revenue": 57914000.0,
        "EBITDA": 12173000.0,
        "EBIT": 1182000.0,
        "Net Interest Income": -2932000.0,
        "Interest Expense": 2932000.0,
        "Normalized Income": 2259150.0,
        "Net Income From Continuing And Discontinued Operation": -968000.0,
        "Total Expenses": 69751000.0,
        "Rent Expense Supplemental": NaN,
        "Total Operating Income As Reported": 5267000.0,
        "Diluted Average Shares": 28377000.0,
        "Basic Average Shares": 28377000.0,
        "Diluted EPS": -0.04,
        "Basic EPS": -0.04,
        "Diluted NI Availto Com Stockholders": -1196000.0,
        "Net Income Common Stockholders": -1196000.0,
        "Otherunder Preferred Stock Dividend": 228000.0,
        "Net Income": -968000.0,
        "Minority Interests": 1242000.0,
        "Net Income Including Noncontrolling Interests": -2210000.0,
        "Net Income Continuous Operations": -2210000.0,
        "Tax Provision": 460000.0,
        "Pretax Income": -1750000.0,
        "Other Income Expense": -4085000.0,
        "Special Income Charges": -4085000.0,
        "Other Special Charges": 4085000.0,
        "Impairment Of Capital Assets": 0.0,
        "Net Non Operating Interest Income Expense": -2932000.0,
        "Interest Expense Non Operating": 2932000.0,
        "Operating Income": 5267000.0,
        "Operating Expense": 11837000.0,
        "Other Operating Expenses": 3038000.0,
        "Other Taxes": 0.0,
        "Selling General And Administration": 8799000.0,
        "Gross Profit": 17104000.0,
        "Cost Of Revenue": 57914000.0,
        "Total Revenue": 75018000.0,
        "Operating Revenue": 75018000.0
    },
    "2024-12-31": {
        "Tax Effect Of Unusual Items": 1766126.505696,
        "Tax Rate For Calcs": 0.236714,
        "Normalized EBITDA": 35006000.0,
        "Total Unusual Items": 7461000.0,
        "Total Unusual Items Excluding Goodwill": 7461000.0,
        "Net Income From Continuing Operation Net Minority Interest": 6251000.0,
        "Reconciled Depreciation": 16728000.0,
        "Reconciled Cost Of Revenue": 68708000.0,
        "EBITDA": 42467000.0,
        "EBIT": 25739000.0,
        "Net Interest Income": -7392000.0,
        "Interest Expense": 7392000.0,
        "Normalized Income": 556126.505696,
        "Net Income From Continuing And Discontinued Operation": 6251000.0,
        "Total Expenses": 78019000.0,
        "Rent Expense Supplemental": NaN,
        "Total Operating Income As Reported": 25739000.0,
        "Diluted Average Shares": 30447000.0,
        "Basic Average Shares": 29747000.0,
        "Diluted EPS": 0.19,
        "Basic EPS": 0.2,
        "Diluted NI Availto Com Stockholders": 5918000.0,
        "Net Income Common Stockholders": 5918000.0,
        "Otherunder Preferred Stock Dividend": 333000.0,
        "Net Income": 6251000.0,
        "Minority Interests": -7753000.0,
        "Net Income Including Noncontrolling Interests": 14004000.0,
        "Net Income Continuous Operations": 14004000.0,
        "Tax Provision": 4343000.0,
        "Pretax Income": 18347000.0,
        "Other Income Expense": 7461000.0,
        "Special Income Charges": 7461000.0,
        "Other Special Charges": 0.0,
        "Impairment Of Capital Assets": 0.0,
        "Net Non Operating Interest Income Expense": -7392000.0,
        "Interest Expense Non Operating": 7392000.0,
        "Operating Income": 18278000.0,
        "Operating Expense": 9311000.0,
        "Other Operating Expenses": -1258000.0,
        "Other Taxes": 0.0,
        "Selling General And Administration": 10569000.0,
        "Gross Profit": 27589000.0,
        "Cost Of Revenue": 68708000.0,
        "Total Revenue": 96297000.0,
        "Operating Revenue": 96297000.0
    },
    "2025-03-31": {
        "Tax Effect Of Unusual Items": 0.0,
        "Tax Rate For Calcs": 0.231936,
        "Normalized EBITDA": 42119000.0,
        "Total Unusual Items": NaN,
        "Total Unusual Items Excluding Goodwill": NaN,
        "Net Income From Continuing Operation Net Minority Interest": 5320000.0,
        "Reconciled Depreciation": 20064000.0,
        "Reconciled Cost Of Revenue": 87774000.0,
        "EBITDA": 42119000.0,
        "EBIT": 22055000.0,
        "Net Interest Income": -5171000.0,
        "Interest Expense": 5171000.0,
        "Normalized Income": 5320000.0,
        "Net Income From Continuing And Discontinued Operation": 5320000.0,
        "Total Expenses": 104277000.0,
        "Rent Expense Supplemental": 15551000.0,
        "Total Operating Income As Reported": 22055000.0,
        "Diluted Average Shares": 36176000.0,
        "Basic Average Shares": 36176000.0,
        "Diluted EPS": 0.14,
        "Basic EPS": 0.14,
        "Diluted NI Availto Com Stockholders": 5063000.0,
        "Net Income Common Stockholders": 5063000.0,
        "Otherunder Preferred Stock Dividend": 257000.0,
        "Net Income": 5320000.0,
        "Minority Interests": -7648000.0,
        "Net Income Including Noncontrolling Interests": 12968000.0,
        "Net Income Continuous Operations": 12968000.0,
        "Tax Provision": 3916000.0,
        "Pretax Income": 16884000.0,
        "Other Income Expense": NaN,
        "Special Income Charges": NaN,
        "Other Special Charges": NaN,
        "Impairment Of Capital Assets": NaN,
        "Net Non Operating Interest Income Expense": -5171000.0,
        "Interest Expense Non Operating": 5171000.0,
        "Operating Income": 22055000.0,
        "Operating Expense": 16503000.0,
        "Other Operating Expenses": 1229000.0,
        "Other Taxes": NaN,
        "Selling General And Administration": 15274000.0,
        "Gross Profit": 38558000.0,
        "Cost Of Revenue": 87774000.0,
        "Total Revenue": 126332000.0,
        "Operating Revenue": 126332000.0
    }
}