{
    "2023-03-31": {
        "Tax Effect Of Unusual Items": 0.0,
        "Tax Rate For Calcs": 0.0,
        "Normalized EBITDA": -1185000.0,
        "Total Unusual Items": 0.0,
        "Total Unusual Items Excluding Goodwill": 0.0,
        "Net Income From Continuing Operation Net Minority Interest": -3484000.0,
        "EBITDA": -1185000.0,
        "EBIT": -1185000.0,
        "Net Interest Income": 274000.0,
        "Interest Income": 274000.0,
        "Normalized Income": -3484000.0,
        "Net Income From Continuing And Discontinued Operation": -3484000.0,
        "Total Expenses": 1185000.0,
        "Total Operating Income As Reported": -1185000.0,
        "Diluted Average Shares": 16072000.0,
        "Basic Average Shares": 16072000.0,
        "Diluted EPS": -0.22,
        "Basic EPS": -0.22,
        "Diluted NI Availto Com Stockholders": -3484000.0,
        "Net Income Common Stockholders": -3484000.0,
        "Net Income": -3484000.0,
        "Net Income Including Noncontrolling Interests": -3484000.0,
        "Net Income Continuous Operations": -3484000.0,
        "Tax Provision": 0.0,
        "Pretax Income": -3484000.0,
        "Other Income Expense": -2573000.0,
        "Other Non Operating Income Expenses": -9000.0,
        "Special Income Charges": 0.0,
        "Gain On Sale Of Business": 0.0,
        "Earnings From Equity Interest": -2564000.0,
        "Net Non Operating Interest Income Expense": 274000.0,
        "Interest Income Non Operating": 274000.0,
        "Operating Income": -1185000.0,
        "Operating Expense": 1185000.0,
        "Selling General And Administration": 1185000.0,
        "General And Administrative Expense": 1185000.0,
        "Other Gand A": 1185000.0,
        "Total Revenue": 0.0,
        "Operating Revenue": 0.0
    },
    "2022-12-31": {
        "Tax Effect Of Unusual Items": 0.0,
        "Tax Rate For Calcs": 0.0,
        "Normalized EBITDA": -1256000.0,
        "Total Unusual Items": 221000.0,
        "Total Unusual Items Excluding Goodwill": 221000.0,
        "Net Income From Continuing Operation Net Minority Interest": -4873000.0,
        "EBITDA": -1035000.0,
        "EBIT": -1035000.0,
        "Net Interest Income": 318000.0,
        "Interest Income": 318000.0,
        "Normalized Income": -5094000.0,
        "Net Income From Continuing And Discontinued Operation": -4873000.0,
        "Total Expenses": 1035000.0,
        "Total Operating Income As Reported": -1035000.0,
        "Diluted Average Shares": 16134000.0,
        "Basic Average Shares": 16134000.0,
        "Diluted EPS": -0.3,
        "Basic EPS": -0.3,
        "Diluted NI Availto Com Stockholders": -4873000.0,
        "Net Income Common Stockholders": -4873000.0,
        "Net Income": -4873000.0,
        "Net Income Including Noncontrolling Interests": -4873000.0,
        "Net Income Continuous Operations": -4873000.0,
        "Tax Provision": 0.0,
        "Pretax Income": -4873000.0,
        "Other Income Expense": -4156000.0,
        "Other Non Operating Income Expenses": -318000.0,
        "Special Income Charges": 221000.0,
        "Gain On Sale Of Business": 221000.0,
        "Earnings From Equity Interest": -4059000.0,
        "Net Non Operating Interest Income Expense": 318000.0,
        "Interest Income Non Operating": 318000.0,
        "Operating Income": -1035000.0,
        "Operating Expense": 1035000.0,
        "Selling General And Administration": 1035000.0,
        "General And Administrative Expense": 1035000.0,
        "Other Gand A": 1035000.0,
        "Total Revenue": 0.0,
        "Operating Revenue": 0.0
    },
    "2022-09-30": {
        "Tax Effect Of Unusual Items": 0.0,
        "Tax Rate For Calcs": 0.0,
        "Normalized EBITDA": -6380000.0,
        "Total Unusual Items": 5020000.0,
        "Total Unusual Items Excluding Goodwill": 5020000.0,
        "Net Income From Continuing Operation Net Minority Interest": -3164000.0,
        "EBITDA": -1360000.0,
        "EBIT": -1360000.0,
        "Net Interest Income": 230000.0,
        "Interest Income": 230000.0,
        "Normalized Income": -8184000.0,
        "Net Income From Continuing And Discontinued Operation": -3164000.0,
        "Total Expenses": 1360000.0,
        "Total Operating Income As Reported": -1360000.0,
        "Diluted Average Shares": 16281000.0,
        "Basic Average Shares": 16281000.0,
        "Diluted EPS": -0.19,
        "Basic EPS": -0.19,
        "Diluted NI Availto Com Stockholders": -3164000.0,
        "Net Income Common Stockholders": -3164000.0,
        "Net Income": -3164000.0,
        "Net Income Including Noncontrolling Interests": -3164000.0,
        "Net Income Continuous Operations": -3164000.0,
        "Tax Provision": 0.0,
        "Pretax Income": -3164000.0,
        "Other Income Expense": -2034000.0,
        "Other Non Operating Income Expenses": -1012000.0,
        "Special Income Charges": 5020000.0,
        "Gain On Sale Of Business": 5020000.0,
        "Other Special Charges": NaN,
        "Restructuring And Mergern Acquisition": NaN,
        "Earnings From Equity Interest": -6042000.0,
        "Net Non Operating Interest Income Expense": 230000.0,
        "Total Other Finance Cost": NaN,
        "Interest Income Non Operating": 230000.0,
        "Operating Income": -1360000.0,
        "Operating Expense": 1360000.0,
        "Selling General And Administration": 1360000.0,
        "General And Administrative Expense": 1360000.0,
        "Other Gand A": 1360000.0,
        "Salaries And Wages": NaN,
        "Total Revenue": 0.0,
        "Operating Revenue": 0.0
    },
    "2022-06-30": {
        "Tax Effect Of Unusual Items": 0.0,
        "Tax Rate For Calcs": 0.0,
        "Normalized EBITDA": -1146000.0,
        "Total Unusual Items": 88000.0,
        "Total Unusual Items Excluding Goodwill": 88000.0,
        "Net Income From Continuing Operation Net Minority Interest": 483000.0,
        "EBITDA": -1146000.0,
        "EBIT": -1146000.0,
        "Net Interest Income": 145000.0,
        "Interest Income": 145000.0,
        "Normalized Income": 483000.0,
        "Net Income From Continuing And Discontinued Operation": 483000.0,
        "Total Expenses": 1146000.0,
        "Total Operating Income As Reported": -1146000.0,
        "Diluted Average Shares": 16356000.0,
        "Basic Average Shares": 16356000.0,
        "Diluted EPS": 0.03,
        "Basic EPS": 0.03,
        "Diluted NI Availto Com Stockholders": 483000.0,
        "Net Income Common Stockholders": 483000.0,
        "Net Income": 483000.0,
        "Net Income Including Noncontrolling Interests": 483000.0,
        "Net Income Continuous Operations": 483000.0,
        "Tax Provision": 0.0,
        "Pretax Income": 483000.0,
        "Other Income Expense": 1484000.0,
        "Other Non Operating Income Expenses": 30000.0,
        "Special Income Charges": 88000.0,
        "Gain On Sale Of Business": 88000.0,
        "Other Special Charges": NaN,
        "Restructuring And Mergern Acquisition": NaN,
        "Earnings From Equity Interest": 1454000.0,
        "Net Non Operating Interest Income Expense": 145000.0,
        "Total Other Finance Cost": -145000.0,
        "Interest Income Non Operating": 145000.0,
        "Operating Income": -1146000.0,
        "Operating Expense": 1146000.0,
        "Other Operating Expenses": 1146000.0,
        "Selling General And Administration": 1146000.0,
        "General And Administrative Expense": 1146000.0,
        "Other Gand A": 1146000.0,
        "Salaries And Wages": NaN,
        "Total Revenue": 0.0,
        "Operating Revenue": 0.0
    },
    "2022-03-31": {
        "Diluted EPS": -0.4,
        "Total Revenue": NaN,
        "Gross Profit": NaN,
        "Operating Income": -1,
        "EBIT": -1,
        "Net Income": -7
    },
    "2021-12-31": {
        "Diluted EPS": -0.34,
        "Total Revenue": NaN,
        "Gross Profit": NaN,
        "Operating Income": -1,
        "EBIT": -1,
        "Net Income": -9
    },
    "2021-09-30": {
        "Diluted EPS": 0.88,
        "Total Revenue": NaN,
        "Gross Profit": NaN,
        "Operating Income": -2,
        "EBIT": -2,
        "Net Income": 18
    },
    "2021-06-30": {
        "Diluted EPS": -0.02,
        "Total Revenue": NaN,
        "Gross Profit": NaN,
        "Operating Income": -2,
        "EBIT": -2,
        "Net Income": 0
    },
    "2021-03-31": {
        "Diluted EPS": 0.84,
        "Total Revenue": NaN,
        "Gross Profit": NaN,
        "Operating Income": -2,
        "EBIT": -2,
        "Net Income": 18
    },
    "2020-12-31": {
        "Diluted EPS": -0.35,
        "Total Revenue": NaN,
        "Gross Profit": NaN,
        "Operating Income": -2,
        "EBIT": -2,
        "Net Income": -7
    },
    "2020-09-30": {
        "Diluted EPS": -0.21,
        "Total Revenue": NaN,
        "Gross Profit": NaN,
        "Operating Income": -2,
        "EBIT": -2,
        "Net Income": -4
    },
    "2020-06-30": {
        "Diluted EPS": -0.48,
        "Total Revenue": NaN,
        "Gross Profit": NaN,
        "Operating Income": -2,
        "EBIT": -2,
        "Net Income": -10
    },
    "2020-03-31": {
        "Diluted EPS": -0.77,
        "Total Revenue": NaN,
        "Gross Profit": NaN,
        "Operating Income": -4,
        "EBIT": -4,
        "Net Income": -16
    },
    "2019-12-31": {
        "Diluted EPS": -0.04,
        "Total Revenue": NaN,
        "Gross Profit": NaN,
        "Operating Income": -2,
        "EBIT": -2,
        "Net Income": -1
    },
    "2019-09-30": {
        "Diluted EPS": -0.12,
        "Total Revenue": NaN,
        "Gross Profit": NaN,
        "Operating Income": -2,
        "EBIT": -2,
        "Net Income": -2
    },
    "2019-06-30": {
        "Diluted EPS": 1.75,
        "Total Revenue": NaN,
        "Gross Profit": NaN,
        "Operating Income": -3,
        "EBIT": -3,
        "Net Income": 36
    },
    "2019-03-31": {
        "Diluted EPS": 1.05,
        "Total Revenue": NaN,
        "Gross Profit": NaN,
        "Operating Income": -3,
        "EBIT": -3,
        "Net Income": 22
    },
    "2018-12-31": {
        "Diluted EPS": -0.81,
        "Total Revenue": NaN,
        "Gross Profit": NaN,
        "Operating Income": -3,
        "EBIT": -3,
        "Net Income": -17
    },
    "2018-09-30": {
        "Diluted EPS": 1.56,
        "Total Revenue": NaN,
        "Gross Profit": NaN,
        "Operating Income": -4,
        "EBIT": -4,
        "Net Income": 32
    },
    "2018-06-30": {
        "Diluted EPS": -1.21,
        "Total Revenue": NaN,
        "Gross Profit": NaN,
        "Operating Income": -5,
        "EBIT": -5,
        "Net Income": -25
    },
    "2018-03-31": {
        "Diluted EPS": -0.3,
        "Total Revenue": NaN,
        "Gross Profit": NaN,
        "Operating Income": -6,
        "EBIT": -6,
        "Net Income": -6
    },
    "2017-12-31": {
        "Diluted EPS": -0.92,
        "Total Revenue": NaN,
        "Gross Profit": NaN,
        "Operating Income": -4,
        "EBIT": -4,
        "Net Income": -19
    },
    "2017-09-30": {
        "Diluted EPS": -0.91,
        "Total Revenue": NaN,
        "Gross Profit": NaN,
        "Operating Income": -4,
        "EBIT": -4,
        "Net Income": -19
    },
    "2017-06-30": {
        "Diluted EPS": -1.43,
        "Total Revenue": NaN,
        "Gross Profit": NaN,
        "Operating Income": -4,
        "EBIT": -4,
        "Net Income": -29
    },
    "2017-03-31": {
        "Diluted EPS": -1.08,
        "Total Revenue": NaN,
        "Gross Profit": NaN,
        "Operating Income": -5,
        "EBIT": -5,
        "Net Income": -22
    },
    "2016-12-31": {
        "Diluted EPS": -0.85,
        "Total Revenue": NaN,
        "Gross Profit": NaN,
        "Operating Income": -4,
        "EBIT": -4,
        "Net Income": -22
    },
    "2016-09-30": {
        "Diluted EPS": -1.18,
        "Total Revenue": NaN,
        "Gross Profit": NaN,
        "Operating Income": -5,
        "EBIT": -5,
        "Net Income": -24
    },
    "2016-06-30": {
        "Diluted EPS": 1.7,
        "Total Revenue": NaN,
        "Gross Profit": NaN,
        "Operating Income": -5,
        "EBIT": -5,
        "Net Income": 39
    },
    "2016-03-31": {
        "Diluted EPS": -0.76,
        "Total Revenue": NaN,
        "Gross Profit": NaN,
        "Operating Income": -5,
        "EBIT": -5,
        "Net Income": -15
    },
    "2015-12-31": {
        "Diluted EPS": -0.68,
        "Total Revenue": NaN,
        "Gross Profit": NaN,
        "Operating Income": -4,
        "EBIT": -4,
        "Net Income": -14
    },
    "2015-09-30": {
        "Diluted EPS": -0.56,
        "Total Revenue": NaN,
        "Gross Profit": NaN,
        "Operating Income": -4,
        "EBIT": -4,
        "Net Income": -12
    },
    "2015-06-30": {
        "Diluted EPS": -0.91,
        "Total Revenue": NaN,
        "Gross Profit": NaN,
        "Operating Income": -5,
        "EBIT": -5,
        "Net Income": -19
    },
    "2015-03-31": {
        "Diluted EPS": -0.7,
        "Total Revenue": NaN,
        "Gross Profit": NaN,
        "Operating Income": -5,
        "EBIT": -5,
        "Net Income": -15
    },
    "2014-12-31": {
        "Diluted EPS": -0.51,
        "Total Revenue": NaN,
        "Gross Profit": NaN,
        "Operating Income": -4,
        "EBIT": -4,
        "Net Income": -15
    },
    "2014-09-30": {
        "Diluted EPS": -0.68,
        "Total Revenue": NaN,
        "Gross Profit": NaN,
        "Operating Income": -4,
        "EBIT": -4,
        "Net Income": -14
    },
    "2014-06-30": {
        "Diluted EPS": -0.35,
        "Total Revenue": NaN,
        "Gross Profit": NaN,
        "Operating Income": -5,
        "EBIT": -5,
        "Net Income": -7
    },
    "2014-03-31": {
        "Diluted EPS": 1.29,
        "Total Revenue": NaN,
        "Gross Profit": NaN,
        "Operating Income": -5,
        "EBIT": -5,
        "Net Income": 31
    },
    "2013-12-31": {
        "Diluted EPS": 1.14,
        "Total Revenue": NaN,
        "Gross Profit": NaN,
        "Operating Income": -5,
        "EBIT": -5,
        "Net Income": 24
    },
    "2013-09-30": {
        "Diluted EPS": -0.9,
        "Total Revenue": NaN,
        "Gross Profit": NaN,
        "Operating Income": -5,
        "EBIT": -5,
        "Net Income": -19
    },
    "2013-06-30": {
        "Diluted EPS": -1.33,
        "Total Revenue": NaN,
        "Gross Profit": NaN,
        "Operating Income": -7,
        "EBIT": -7,
        "Net Income": -28
    },
    "2013-03-31": {
        "Diluted EPS": -0.57,
        "Total Revenue": NaN,
        "Gross Profit": NaN,
        "Operating Income": -5,
        "EBIT": -5,
        "Net Income": -12
    },
    "2012-12-31": {
        "Diluted EPS": -0.52,
        "Total Revenue": NaN,
        "Gross Profit": NaN,
        "Operating Income": -5,
        "EBIT": -5,
        "Net Income": -11
    },
    "2012-09-30": {
        "Diluted EPS": -0.42,
        "Total Revenue": NaN,
        "Gross Profit": NaN,
        "Operating Income": -5,
        "EBIT": -5,
        "Net Income": -9
    },
    "2012-06-30": {
        "Diluted EPS": -0.48,
        "Total Revenue": NaN,
        "Gross Profit": NaN,
        "Operating Income": -5,
        "EBIT": -5,
        "Net Income": -10
    },
    "2012-03-31": {
        "Diluted EPS": -0.46,
        "Total Revenue": NaN,
        "Gross Profit": NaN,
        "Operating Income": -5,
        "EBIT": -5,
        "Net Income": -10
    },
    "2011-12-31": {
        "Diluted EPS": -0.83,
        "Total Revenue": NaN,
        "Gross Profit": NaN,
        "Operating Income": -6,
        "EBIT": -6,
        "Net Income": -25
    },
    "2011-09-30": {
        "Diluted EPS": 0.98,
        "Total Revenue": NaN,
        "Gross Profit": NaN,
        "Operating Income": -5,
        "EBIT": -5,
        "Net Income": 22
    },
    "2011-06-30": {
        "Diluted EPS": 5.05,
        "Total Revenue": NaN,
        "Gross Profit": NaN,
        "Operating Income": -6,
        "EBIT": -6,
        "Net Income": 122
    },
    "2011-03-31": {
        "Diluted EPS": -0.46,
        "Total Revenue": NaN,
        "Gross Profit": NaN,
        "Operating Income": -5,
        "EBIT": -5,
        "Net Income": -9
    },
    "2010-12-31": {
        "Diluted EPS": 2.16,
        "Total Revenue": NaN,
        "Gross Profit": NaN,
        "Operating Income": -7,
        "EBIT": -7,
        "Net Income": 45
    },
    "2010-09-30": {
        "Diluted EPS": 0.03,
        "Total Revenue": NaN,
        "Gross Profit": NaN,
        "Operating Income": -4,
        "EBIT": -4,
        "Net Income": 1
    },
    "2010-06-30": {
        "Diluted EPS": 0.12,
        "Total Revenue": NaN,
        "Gross Profit": NaN,
        "Operating Income": -5,
        "EBIT": -5,
        "Net Income": 3
    },
    "2010-03-31": {
        "Diluted EPS": -1.07,
        "Total Revenue": NaN,
        "Gross Profit": NaN,
        "Operating Income": -5,
        "EBIT": -5,
        "Net Income": -22
    },
    "2009-12-31": {
        "Diluted EPS": -2.4,
        "Total Revenue": 0,
        "Gross Profit": 0,
        "Operating Income": -5,
        "EBIT": -5,
        "Net Income": -58
    },
    "2009-09-30": {
        "Diluted EPS": -0.57,
        "Total Revenue": NaN,
        "Gross Profit": NaN,
        "Operating Income": -4,
        "EBIT": -4,
        "Net Income": -12
    },
    "2009-06-30": {
        "Diluted EPS": 6.56,
        "Total Revenue": 12,
        "Gross Profit": 7,
        "Operating Income": -4,
        "EBIT": -4,
        "Net Income": 146
    },
    "2009-03-31": {
        "Diluted EPS": -0.45,
        "Total Revenue": 23,
        "Gross Profit": 14,
        "Operating Income": -3,
        "EBIT": -3,
        "Net Income": -9
    },
    "2023-06-30": {
        "Tax Effect Of Unusual Items": 0.0,
        "Tax Rate For Calcs": 0.0,
        "Normalized EBITDA": -1616000.0,
        "Total Unusual Items": 430000.0,
        "Total Unusual Items Excluding Goodwill": 430000.0,
        "Net Income From Continuing Operation Net Minority Interest": -2862000.0,
        "EBITDA": -1186000.0,
        "EBIT": -1186000.0,
        "Net Interest Income": 249000.0,
        "Interest Income": 249000.0,
        "Normalized Income": -3292000.0,
        "Net Income From Continuing And Discontinued Operation": -2862000.0,
        "Total Expenses": 1186000.0,
        "Total Operating Income As Reported": -1186000.0,
        "Diluted Average Shares": 16143000.0,
        "Basic Average Shares": 16143000.0,
        "Diluted EPS": -0.18,
        "Basic EPS": -0.18,
        "Diluted NI Availto Com Stockholders": -2862000.0,
        "Net Income Common Stockholders": -2862000.0,
        "Net Income": -2862000.0,
        "Net Income Including Noncontrolling Interests": -2862000.0,
        "Net Income Continuous Operations": -2862000.0,
        "Tax Provision": 0.0,
        "Pretax Income": -2862000.0,
        "Other Income Expense": -1925000.0,
        "Other Non Operating Income Expenses": -166000.0,
        "Special Income Charges": 430000.0,
        "Gain On Sale Of Business": 430000.0,
        "Earnings From Equity Interest": -2189000.0,
        "Net Non Operating Interest Income Expense": 249000.0,
        "Interest Income Non Operating": 249000.0,
        "Operating Income": -1186000.0,
        "Operating Expense": 1186000.0,
        "Selling General And Administration": 1186000.0,
        "General And Administrative Expense": 1186000.0,
        "Other Gand A": 1186000.0,
        "Total Revenue": 0.0,
        "Operating Revenue": 0.0
    },
    "2023-09-30": {
        "Tax Effect Of Unusual Items": 0.0,
        "Tax Rate For Calcs": 0.0,
        "Normalized EBITDA": -1493000.0,
        "Total Unusual Items": 180000.0,
        "Total Unusual Items Excluding Goodwill": 180000.0,
        "Net Income From Continuing Operation Net Minority Interest": 932000.0,
        "EBITDA": -1313000.0,
        "EBIT": -1313000.0,
        "Net Interest Income": 198000.0,
        "Interest Income": 198000.0,
        "Normalized Income": 752000.0,
        "Net Income From Continuing And Discontinued Operation": 932000.0,
        "Total Expenses": 1313000.0,
        "Total Operating Income As Reported": -1313000.0,
        "Diluted Average Shares": 16285000.0,
        "Basic Average Shares": 16285000.0,
        "Diluted EPS": 0.06,
        "Basic EPS": 0.06,
        "Diluted NI Availto Com Stockholders": 932000.0,
        "Net Income Common Stockholders": 932000.0,
        "Net Income": 932000.0,
        "Net Income Including Noncontrolling Interests": 932000.0,
        "Net Income Continuous Operations": 932000.0,
        "Tax Provision": 0.0,
        "Pretax Income": 932000.0,
        "Other Income Expense": 2047000.0,
        "Other Non Operating Income Expenses": 1661000.0,
        "Special Income Charges": 180000.0,
        "Gain On Sale Of Business": 180000.0,
        "Earnings From Equity Interest": 206000.0,
        "Net Non Operating Interest Income Expense": 198000.0,
        "Interest Income Non Operating": 198000.0,
        "Operating Income": -1313000.0,
        "Operating Expense": 1313000.0,
        "Selling General And Administration": 1313000.0,
        "General And Administrative Expense": 1313000.0,
        "Other Gand A": 1313000.0,
        "Total Revenue": 0.0,
        "Operating Revenue": 0.0
    }
}