{
    "2023-03-31": {
        "Tax Effect Of Unusual Items": NaN,
        "Tax Rate For Calcs": NaN,
        "Normalized EBITDA": NaN,
        "Total Unusual Items": NaN,
        "Total Unusual Items Excluding Goodwill": NaN,
        "Net Income From Continuing Operation Net Minority Interest": NaN,
        "Reconciled Depreciation": NaN,
        "Reconciled Cost Of Revenue": NaN,
        "EBITDA": NaN,
        "EBIT": NaN,
        "Net Interest Income": NaN,
        "Interest Expense": NaN,
        "Interest Income": NaN,
        "Normalized Income": NaN,
        "Net Income From Continuing And Discontinued Operation": NaN,
        "Total Expenses": NaN,
        "Total Operating Income As Reported": 6056000.0,
        "Diluted Average Shares": NaN,
        "Basic Average Shares": NaN,
        "Diluted EPS": NaN,
        "Basic EPS": NaN,
        "Diluted NI Availto Com Stockholders": NaN,
        "Net Income Common Stockholders": NaN,
        "Net Income": NaN,
        "Minority Interests": NaN,
        "Net Income Including Noncontrolling Interests": NaN,
        "Net Income Continuous Operations": NaN,
        "Tax Provision": NaN,
        "Pretax Income": NaN,
        "Other Income Expense": NaN,
        "Special Income Charges": NaN,
        "Gain On Sale Of Business": NaN,
        "Write Off": NaN,
        "Restructuring And Mergern Acquisition": 0.0,
        "Earnings From Equity Interest": NaN,
        "Gain On Sale Of Security": NaN,
        "Net Non Operating Interest Income Expense": NaN,
        "Interest Expense Non Operating": NaN,
        "Interest Income Non Operating": NaN,
        "Operating Income": NaN,
        "Operating Expense": NaN,
        "Other Operating Expenses": NaN,
        "Depreciation Amortization Depletion Income Statement": NaN,
        "Depreciation And Amortization In Income Statement": NaN,
        "Selling General And Administration": NaN,
        "General And Administrative Expense": NaN,
        "Other Gand A": NaN,
        "Gross Profit": NaN,
        "Cost Of Revenue": NaN,
        "Total Revenue": NaN,
        "Operating Revenue": NaN
    },
    "2022-12-31": {
        "Tax Effect Of Unusual Items": NaN,
        "Tax Rate For Calcs": NaN,
        "Normalized EBITDA": NaN,
        "Total Unusual Items": NaN,
        "Total Unusual Items Excluding Goodwill": NaN,
        "Net Income From Continuing Operation Net Minority Interest": NaN,
        "Reconciled Depreciation": NaN,
        "Reconciled Cost Of Revenue": NaN,
        "EBITDA": NaN,
        "EBIT": NaN,
        "Net Interest Income": NaN,
        "Interest Expense": NaN,
        "Interest Income": NaN,
        "Normalized Income": NaN,
        "Net Income From Continuing And Discontinued Operation": NaN,
        "Total Expenses": NaN,
        "Total Operating Income As Reported": -14412000.0,
        "Diluted Average Shares": NaN,
        "Basic Average Shares": NaN,
        "Diluted EPS": NaN,
        "Basic EPS": NaN,
        "Diluted NI Availto Com Stockholders": NaN,
        "Net Income Common Stockholders": NaN,
        "Net Income": NaN,
        "Minority Interests": NaN,
        "Net Income Including Noncontrolling Interests": NaN,
        "Net Income Continuous Operations": NaN,
        "Tax Provision": NaN,
        "Pretax Income": NaN,
        "Other Income Expense": NaN,
        "Other Non Operating Income Expenses": 0.0,
        "Special Income Charges": NaN,
        "Gain On Sale Of Business": NaN,
        "Write Off": NaN,
        "Restructuring And Mergern Acquisition": -43783000.0,
        "Earnings From Equity Interest": NaN,
        "Gain On Sale Of Security": NaN,
        "Net Non Operating Interest Income Expense": NaN,
        "Interest Expense Non Operating": NaN,
        "Interest Income Non Operating": NaN,
        "Operating Income": NaN,
        "Operating Expense": NaN,
        "Other Operating Expenses": NaN,
        "Depreciation Amortization Depletion Income Statement": NaN,
        "Depreciation And Amortization In Income Statement": NaN,
        "Selling General And Administration": NaN,
        "General And Administrative Expense": NaN,
        "Other Gand A": NaN,
        "Gross Profit": NaN,
        "Cost Of Revenue": NaN,
        "Total Revenue": NaN,
        "Operating Revenue": NaN
    },
    "2022-09-30": {
        "Tax Effect Of Unusual Items": NaN,
        "Tax Rate For Calcs": NaN,
        "Normalized EBITDA": NaN,
        "Total Unusual Items": NaN,
        "Total Unusual Items Excluding Goodwill": NaN,
        "Net Income From Continuing Operation Net Minority Interest": NaN,
        "Reconciled Depreciation": NaN,
        "Reconciled Cost Of Revenue": NaN,
        "EBITDA": NaN,
        "EBIT": NaN,
        "Net Interest Income": NaN,
        "Interest Expense": NaN,
        "Interest Income": NaN,
        "Normalized Income": NaN,
        "Net Income From Continuing And Discontinued Operation": NaN,
        "Total Expenses": NaN,
        "Total Operating Income As Reported": 30093000.0,
        "Diluted Average Shares": 490197468.0,
        "Basic Average Shares": 490197468.0,
        "Diluted EPS": 0.0707,
        "Basic EPS": 0.0707,
        "Diluted NI Availto Com Stockholders": NaN,
        "Net Income Common Stockholders": NaN,
        "Net Income": NaN,
        "Minority Interests": NaN,
        "Net Income Including Noncontrolling Interests": NaN,
        "Net Income Continuous Operations": NaN,
        "Tax Provision": NaN,
        "Pretax Income": NaN,
        "Other Income Expense": NaN,
        "Other Non Operating Income Expenses": NaN,
        "Special Income Charges": NaN,
        "Gain On Sale Of Business": NaN,
        "Restructuring And Mergern Acquisition": NaN,
        "Gain On Sale Of Security": NaN,
        "Net Non Operating Interest Income Expense": NaN,
        "Interest Expense Non Operating": NaN,
        "Interest Income Non Operating": NaN,
        "Operating Income": NaN,
        "Operating Expense": NaN,
        "Other Operating Expenses": NaN,
        "Depreciation Amortization Depletion Income Statement": NaN,
        "Depreciation And Amortization In Income Statement": NaN,
        "Selling General And Administration": NaN,
        "General And Administrative Expense": NaN,
        "Other Gand A": NaN,
        "Gross Profit": NaN,
        "Cost Of Revenue": NaN,
        "Total Revenue": NaN,
        "Operating Revenue": NaN
    },
    "2022-06-30": {
        "Tax Effect Of Unusual Items": 4789099.620624,
        "Tax Rate For Calcs": 0.018486,
        "Normalized EBITDA": 60605000.0,
        "Total Unusual Items": 259073000.0,
        "Total Unusual Items Excluding Goodwill": 259073000.0,
        "Net Income From Continuing Operation Net Minority Interest": 298561000.0,
        "Reconciled Depreciation": 15180000.0,
        "Reconciled Cost Of Revenue": 225695000.0,
        "EBITDA": 319678000.0,
        "EBIT": 304498000.0,
        "Net Interest Income": 38000.0,
        "Interest Expense": 314000.0,
        "Interest Income": 352000.0,
        "Normalized Income": 44277099.620624,
        "Net Income From Continuing And Discontinued Operation": 298561000.0,
        "Total Expenses": 275743000.0,
        "Total Operating Income As Reported": 44866000.0,
        "Diluted Average Shares": 490197468.0,
        "Basic Average Shares": 490197468.0,
        "Diluted EPS": 0.6091,
        "Basic EPS": 0.6091,
        "Diluted NI Availto Com Stockholders": 298561000.0,
        "Net Income Common Stockholders": 298561000.0,
        "Net Income": 298561000.0,
        "Minority Interests": NaN,
        "Net Income Including Noncontrolling Interests": 298561000.0,
        "Net Income Continuous Operations": 298561000.0,
        "Tax Provision": 5623000.0,
        "Pretax Income": 304184000.0,
        "Other Income Expense": 259073000.0,
        "Special Income Charges": 219114000.0,
        "Restructuring And Mergern Acquisition": -219114000.0,
        "Gain On Sale Of Security": 39959000.0,
        "Net Non Operating Interest Income Expense": 38000.0,
        "Interest Expense Non Operating": 314000.0,
        "Interest Income Non Operating": 352000.0,
        "Operating Income": 45073000.0,
        "Operating Expense": 50043000.0,
        "Other Operating Expenses": -2886000.0,
        "Depreciation Amortization Depletion Income Statement": 15175000.0,
        "Depreciation And Amortization In Income Statement": 15175000.0,
        "Selling General And Administration": 37754000.0,
        "General And Administrative Expense": 37754000.0,
        "Other Gand A": 37754000.0,
        "Salaries And Wages": 0.0,
        "Gross Profit": 95116000.0,
        "Cost Of Revenue": 225700000.0,
        "Total Revenue": 320816000.0,
        "Operating Revenue": 320766000.0
    },
    "2022-03-31": {
        "Diluted EPS": -0.37,
        "Total Revenue": 375,
        "Gross Profit": 375,
        "Operating Income": 27,
        "EBIT": 45,
        "Net Income": -183
    },
    "2021-12-31": {
        "Diluted EPS": 7.28,
        "Total Revenue": NaN,
        "Gross Profit": NaN,
        "Operating Income": NaN,
        "EBIT": NaN,
        "Net Income": 320
    },
    "2021-09-30": {
        "Diluted EPS": -0.14,
        "Total Revenue": NaN,
        "Gross Profit": NaN,
        "Operating Income": -2,
        "EBIT": -2,
        "Net Income": -8
    },
    "2021-06-30": {
        "Diluted EPS": -3.3,
        "Total Revenue": NaN,
        "Gross Profit": NaN,
        "Operating Income": -1,
        "EBIT": -1,
        "Net Income": -37
    },
    "2021-03-31": {
        "Diluted EPS": 0.41,
        "Total Revenue": NaN,
        "Gross Profit": NaN,
        "Operating Income": -4,
        "EBIT": -4,
        "Net Income": 5
    },
    "2020-12-31": {
        "Diluted EPS": 0.0,
        "Total Revenue": NaN,
        "Gross Profit": NaN,
        "Operating Income": NaN,
        "EBIT": NaN,
        "Net Income": NaN
    },
    "2020-09-30": {
        "Diluted EPS": 0.0,
        "Total Revenue": NaN,
        "Gross Profit": NaN,
        "Operating Income": 0,
        "EBIT": 0,
        "Net Income": 0
    },
    "2023-06-30": {
        "Tax Effect Of Unusual Items": NaN,
        "Tax Rate For Calcs": NaN,
        "Normalized EBITDA": NaN,
        "Total Unusual Items": NaN,
        "Total Unusual Items Excluding Goodwill": NaN,
        "Net Income From Continuing Operation Net Minority Interest": NaN,
        "Reconciled Depreciation": NaN,
        "Reconciled Cost Of Revenue": NaN,
        "EBITDA": NaN,
        "EBIT": NaN,
        "Net Interest Income": NaN,
        "Interest Expense": NaN,
        "Interest Income": NaN,
        "Normalized Income": NaN,
        "Net Income From Continuing And Discontinued Operation": NaN,
        "Total Expenses": NaN,
        "Total Operating Income As Reported": 46316000.0,
        "Diluted Average Shares": 499544535.0,
        "Basic Average Shares": 498517588.0,
        "Diluted EPS": 0.0532,
        "Basic EPS": 0.0533,
        "Diluted NI Availto Com Stockholders": NaN,
        "Net Income Common Stockholders": NaN,
        "Net Income": NaN,
        "Minority Interests": NaN,
        "Net Income Including Noncontrolling Interests": NaN,
        "Net Income Continuous Operations": NaN,
        "Tax Provision": NaN,
        "Pretax Income": NaN,
        "Other Income Expense": NaN,
        "Special Income Charges": NaN,
        "Gain On Sale Of Business": 0.0,
        "Write Off": 0.0,
        "Restructuring And Mergern Acquisition": 0.0,
        "Earnings From Equity Interest": 0.0,
        "Gain On Sale Of Security": -6087000.0,
        "Net Non Operating Interest Income Expense": NaN,
        "Interest Expense Non Operating": NaN,
        "Interest Income Non Operating": NaN,
        "Operating Income": NaN,
        "Operating Expense": NaN,
        "Other Operating Expenses": NaN,
        "Depreciation Amortization Depletion Income Statement": NaN,
        "Depreciation And Amortization In Income Statement": NaN,
        "Selling General And Administration": NaN,
        "General And Administrative Expense": NaN,
        "Other Gand A": NaN,
        "Gross Profit": NaN,
        "Cost Of Revenue": NaN,
        "Total Revenue": NaN,
        "Operating Revenue": NaN
    },
    "2023-09-30": {
        "Tax Effect Of Unusual Items": NaN,
        "Tax Rate For Calcs": NaN,
        "Normalized EBITDA": NaN,
        "Total Unusual Items": NaN,
        "Total Unusual Items Excluding Goodwill": NaN,
        "Net Income From Continuing Operation Net Minority Interest": NaN,
        "Reconciled Depreciation": NaN,
        "Reconciled Cost Of Revenue": NaN,
        "EBITDA": NaN,
        "EBIT": NaN,
        "Net Interest Income": NaN,
        "Interest Expense": NaN,
        "Interest Income": NaN,
        "Normalized Income": NaN,
        "Net Income From Continuing And Discontinued Operation": NaN,
        "Total Expenses": NaN,
        "Total Operating Income As Reported": 27751000.0,
        "Diluted Average Shares": 500333127.0,
        "Basic Average Shares": 498360431.0,
        "Diluted EPS": 0.020853,
        "Basic EPS": 0.020958,
        "Diluted NI Availto Com Stockholders": NaN,
        "Net Income Common Stockholders": NaN,
        "Net Income": NaN,
        "Minority Interests": NaN,
        "Net Income Including Noncontrolling Interests": NaN,
        "Net Income Continuous Operations": NaN,
        "Tax Provision": NaN,
        "Pretax Income": NaN,
        "Other Income Expense": NaN,
        "Special Income Charges": NaN,
        "Gain On Sale Of Business": NaN,
        "Write Off": 0.0,
        "Restructuring And Mergern Acquisition": 0.0,
        "Earnings From Equity Interest": 0.0,
        "Gain On Sale Of Security": -15048744.085612,
        "Net Non Operating Interest Income Expense": NaN,
        "Interest Expense Non Operating": NaN,
        "Interest Income Non Operating": NaN,
        "Operating Income": NaN,
        "Operating Expense": NaN,
        "Other Operating Expenses": NaN,
        "Depreciation Amortization Depletion Income Statement": NaN,
        "Depreciation And Amortization In Income Statement": NaN,
        "Selling General And Administration": NaN,
        "General And Administrative Expense": NaN,
        "Other Gand A": NaN,
        "Gross Profit": NaN,
        "Cost Of Revenue": NaN,
        "Total Revenue": NaN,
        "Operating Revenue": NaN
    },
    "2023-12-31": {
        "Tax Effect Of Unusual Items": NaN,
        "Tax Rate For Calcs": NaN,
        "Normalized EBITDA": NaN,
        "Total Unusual Items": NaN,
        "Total Unusual Items Excluding Goodwill": NaN,
        "Net Income From Continuing Operation Net Minority Interest": NaN,
        "Reconciled Depreciation": NaN,
        "Reconciled Cost Of Revenue": NaN,
        "EBITDA": NaN,
        "EBIT": NaN,
        "Net Interest Income": NaN,
        "Interest Expense": NaN,
        "Interest Income": NaN,
        "Normalized Income": NaN,
        "Net Income From Continuing And Discontinued Operation": NaN,
        "Total Expenses": NaN,
        "Diluted Average Shares": NaN,
        "Basic Average Shares": NaN,
        "Diluted EPS": NaN,
        "Basic EPS": NaN,
        "Diluted NI Availto Com Stockholders": NaN,
        "Net Income Common Stockholders": NaN,
        "Net Income": NaN,
        "Minority Interests": NaN,
        "Net Income Including Noncontrolling Interests": NaN,
        "Net Income Continuous Operations": NaN,
        "Tax Provision": NaN,
        "Pretax Income": NaN,
        "Other Income Expense": -47356819.014172,
        "Special Income Charges": NaN,
        "Gain On Sale Of Business": NaN,
        "Write Off": NaN,
        "Restructuring And Mergern Acquisition": -231028.574587,
        "Earnings From Equity Interest": NaN,
        "Gain On Sale Of Security": -7849827.359942,
        "Net Non Operating Interest Income Expense": NaN,
        "Interest Expense Non Operating": NaN,
        "Interest Income Non Operating": NaN,
        "Operating Income": NaN,
        "Operating Expense": NaN,
        "Other Operating Expenses": 53182742.66952,
        "Depreciation Amortization Depletion Income Statement": NaN,
        "Depreciation And Amortization In Income Statement": NaN,
        "Selling General And Administration": NaN,
        "General And Administrative Expense": NaN,
        "Other Gand A": NaN,
        "Gross Profit": NaN,
        "Cost Of Revenue": NaN,
        "Total Revenue": NaN,
        "Operating Revenue": NaN
    },
    "2024-03-31": {
        "Tax Effect Of Unusual Items": NaN,
        "Tax Rate For Calcs": NaN,
        "Normalized EBITDA": NaN,
        "Total Unusual Items": NaN,
        "Total Unusual Items Excluding Goodwill": NaN,
        "Net Income From Continuing Operation Net Minority Interest": NaN,
        "Reconciled Depreciation": NaN,
        "Reconciled Cost Of Revenue": NaN,
        "EBITDA": NaN,
        "EBIT": NaN,
        "Net Interest Income": NaN,
        "Interest Expense": NaN,
        "Interest Income": NaN,
        "Normalized Income": NaN,
        "Net Income From Continuing And Discontinued Operation": NaN,
        "Total Expenses": NaN,
        "Diluted Average Shares": 502000000.0,
        "Basic Average Shares": 501000000.0,
        "Diluted EPS": 0.0897,
        "Basic EPS": 0.0899,
        "Diluted NI Availto Com Stockholders": NaN,
        "Net Income Common Stockholders": NaN,
        "Net Income": NaN,
        "Minority Interests": NaN,
        "Net Income Including Noncontrolling Interests": NaN,
        "Net Income Continuous Operations": NaN,
        "Tax Provision": NaN,
        "Pretax Income": NaN,
        "Other Income Expense": 30000000.0,
        "Special Income Charges": NaN,
        "Gain On Sale Of Business": NaN,
        "Write Off": NaN,
        "Earnings From Equity Interest": NaN,
        "Gain On Sale Of Security": -14000000.0,
        "Net Non Operating Interest Income Expense": NaN,
        "Interest Expense Non Operating": NaN,
        "Interest Income Non Operating": NaN,
        "Operating Income": NaN,
        "Operating Expense": NaN,
        "Other Operating Expenses": -4000000.0,
        "Depreciation Amortization Depletion Income Statement": NaN,
        "Depreciation And Amortization In Income Statement": NaN,
        "Selling General And Administration": NaN,
        "General And Administrative Expense": NaN,
        "Other Gand A": NaN,
        "Gross Profit": NaN,
        "Cost Of Revenue": NaN,
        "Total Revenue": NaN,
        "Operating Revenue": NaN
    },
    "2024-06-30": {
        "Tax Effect Of Unusual Items": NaN,
        "Tax Rate For Calcs": NaN,
        "Normalized EBITDA": NaN,
        "Total Unusual Items": NaN,
        "Total Unusual Items Excluding Goodwill": NaN,
        "Net Income From Continuing Operation Net Minority Interest": NaN,
        "Reconciled Depreciation": NaN,
        "Reconciled Cost Of Revenue": NaN,
        "EBITDA": NaN,
        "EBIT": NaN,
        "Net Interest Income": NaN,
        "Interest Expense": NaN,
        "Interest Income": NaN,
        "Normalized Income": NaN,
        "Net Income From Continuing And Discontinued Operation": NaN,
        "Total Expenses": NaN,
        "Diluted Average Shares": 501447006.0,
        "Basic Average Shares": 501447006.0,
        "Diluted EPS": -0.001715,
        "Basic EPS": -0.001715,
        "Diluted NI Availto Com Stockholders": NaN,
        "Net Income Common Stockholders": NaN,
        "Net Income": NaN,
        "Minority Interests": NaN,
        "Net Income Including Noncontrolling Interests": NaN,
        "Net Income Continuous Operations": NaN,
        "Tax Provision": NaN,
        "Pretax Income": NaN,
        "Other Income Expense": -38970115.336792,
        "Special Income Charges": NaN,
        "Gain On Sale Of Business": NaN,
        "Write Off": 39419242.807529,
        "Earnings From Equity Interest": 161857.393989,
        "Gain On Sale Of Security": 287270.076748,
        "Net Non Operating Interest Income Expense": NaN,
        "Interest Expense Non Operating": NaN,
        "Interest Income Non Operating": NaN,
        "Operating Income": NaN,
        "Operating Expense": NaN,
        "Other Operating Expenses": -771770.355443,
        "Depreciation Amortization Depletion Income Statement": NaN,
        "Depreciation And Amortization In Income Statement": NaN,
        "Selling General And Administration": NaN,
        "General And Administrative Expense": NaN,
        "Other Gand A": NaN,
        "Gross Profit": NaN,
        "Cost Of Revenue": NaN,
        "Total Revenue": NaN,
        "Operating Revenue": NaN
    },
    "2024-09-30": {
        "Tax Effect Of Unusual Items": 0.0,
        "Tax Rate For Calcs": 0.21,
        "Normalized EBITDA": 48838430.093596,
        "Total Unusual Items": 0.0,
        "Total Unusual Items Excluding Goodwill": 0.0,
        "Net Income From Continuing Operation Net Minority Interest": 9337235.016865,
        "Reconciled Depreciation": 21022181.517636,
        "Reconciled Cost Of Revenue": 357935532.870195,
        "EBITDA": 48838430.093596,
        "EBIT": 27816248.57596,
        "Net Interest Income": 328366.877387,
        "Interest Expense": 2290749.882726,
        "Interest Income": 2619116.760113,
        "Normalized Income": 9337235.016865,
        "Net Income From Continuing And Discontinued Operation": 9337235.016865,
        "Total Expenses": 425054169.365828,
        "Diluted Average Shares": 504156731.0,
        "Basic Average Shares": 502015727.0,
        "Diluted EPS": 0.01854,
        "Basic EPS": 0.018652,
        "Diluted NI Availto Com Stockholders": 9337235.016865,
        "Net Income Common Stockholders": 9337235.016865,
        "Net Income": 9337235.016865,
        "Minority Interests": -116156.99064,
        "Net Income Including Noncontrolling Interests": 9453392.007506,
        "Net Income Continuous Operations": 9453392.007506,
        "Tax Provision": 16072106.685728,
        "Pretax Income": 25525498.693234,
        "Other Income Expense": 307145.888713,
        "Special Income Charges": 0.0,
        "Gain On Sale Of Business": 0.0,
        "Write Off": 0.0,
        "Earnings From Equity Interest": 307145.888713,
        "Gain On Sale Of Security": NaN,
        "Net Non Operating Interest Income Expense": 328366.877387,
        "Interest Expense Non Operating": 2290749.882726,
        "Interest Income Non Operating": 2619116.760113,
        "Operating Income": 24889985.927134,
        "Operating Expense": 67118636.495633,
        "Other Operating Expenses": -106104.943373,
        "Depreciation Amortization Depletion Income Statement": 21022181.517636,
        "Depreciation And Amortization In Income Statement": 21022181.517636,
        "Selling General And Administration": 46202559.921371,
        "General And Administrative Expense": 46202559.921371,
        "Other Gand A": 46202559.921371,
        "Gross Profit": 92008622.422767,
        "Cost Of Revenue": 357935532.870195,
        "Total Revenue": 449944155.292961,
        "Operating Revenue": 449944155.292961
    },
    "2024-12-31": {
        "Tax Effect Of Unusual Items": 184011.095886,
        "Tax Rate For Calcs": 0.317379,
        "Normalized EBITDA": 107395741.178008,
        "Total Unusual Items": 579783.29205,
        "Total Unusual Items Excluding Goodwill": 579783.29205,
        "Net Income From Continuing Operation Net Minority Interest": 63349700.607043,
        "Reconciled Depreciation": 13236095.210641,
        "Reconciled Cost Of Revenue": -141427085.764628,
        "EBITDA": 107975524.470057,
        "EBIT": 94739429.259417,
        "Net Interest Income": 630923.180872,
        "Interest Expense": 1054784.152822,
        "Interest Income": 1685707.333694,
        "Normalized Income": 62953928.410879,
        "Net Income From Continuing And Discontinued Operation": 63349700.607043,
        "Total Expenses": 336592352.541012,
        "Diluted Average Shares": NaN,
        "Basic Average Shares": NaN,
        "Diluted EPS": NaN,
        "Basic EPS": NaN,
        "Diluted NI Availto Com Stockholders": 63349700.607043,
        "Net Income Common Stockholders": 63349700.607043,
        "Net Income": 63349700.607043,
        "Minority Interests": -601396.723721,
        "Net Income Including Noncontrolling Interests": 63951097.330764,
        "Net Income Continuous Operations": 63951097.330764,
        "Tax Provision": 29733547.775831,
        "Pretax Income": 93684645.106594,
        "Other Income Expense": 703355.80151,
        "Special Income Charges": -256442.734659,
        "Gain On Sale Of Business": -3063193.201053,
        "Write Off": -2806750.466394,
        "Earnings From Equity Interest": 123572.50946,
        "Gain On Sale Of Security": 836226.026709,
        "Net Non Operating Interest Income Expense": 630923.180872,
        "Interest Expense Non Operating": 1054784.152822,
        "Interest Income Non Operating": 1685707.333694,
        "Operating Income": 92350366.124212,
        "Operating Expense": 478019438.30564,
        "Other Operating Expenses": 48170401.716169,
        "Depreciation Amortization Depletion Income Statement": 13236095.210641,
        "Depreciation And Amortization In Income Statement": 13236095.210641,
        "Selling General And Administration": 416612941.37883,
        "General And Administrative Expense": -14689542.466292,
        "Other Gand A": -79122794.981874,
        "Gross Profit": 570369804.429852,
        "Cost Of Revenue": -141427085.764628,
        "Total Revenue": 428942718.665224,
        "Operating Revenue": 428942718.665224
    },
    "2025-03-31": {
        "Tax Effect Of Unusual Items": 0.0,
        "Tax Rate For Calcs": 0.337079,
        "Normalized EBITDA": 109000000.0,
        "Total Unusual Items": 0.0,
        "Total Unusual Items Excluding Goodwill": 0.0,
        "Net Income From Continuing Operation Net Minority Interest": 59000000.0,
        "Reconciled Depreciation": 18000000.0,
        "Reconciled Cost Of Revenue": 367000000.0,
        "EBITDA": 109000000.0,
        "EBIT": 91000000.0,
        "Net Interest Income": 0.0,
        "Interest Expense": 2000000.0,
        "Interest Income": 2000000.0,
        "Normalized Income": 59000000.0,
        "Net Income From Continuing And Discontinued Operation": 59000000.0,
        "Total Expenses": 428000000.0,
        "Diluted Average Shares": 505000000.0,
        "Basic Average Shares": 504000000.0,
        "Diluted EPS": 0.1168,
        "Basic EPS": 0.117,
        "Diluted NI Availto Com Stockholders": 59000000.0,
        "Net Income Common Stockholders": 59000000.0,
        "Net Income": 59000000.0,
        "Minority Interests": 0.0,
        "Net Income Including Noncontrolling Interests": 59000000.0,
        "Net Income Continuous Operations": 59000000.0,
        "Tax Provision": 30000000.0,
        "Pretax Income": 89000000.0,
        "Other Income Expense": NaN,
        "Special Income Charges": 0.0,
        "Gain On Sale Of Business": 0.0,
        "Write Off": NaN,
        "Earnings From Equity Interest": NaN,
        "Gain On Sale Of Security": NaN,
        "Net Non Operating Interest Income Expense": 0.0,
        "Interest Expense Non Operating": 2000000.0,
        "Interest Income Non Operating": 2000000.0,
        "Operating Income": 89000000.0,
        "Operating Expense": 61000000.0,
        "Other Operating Expenses": NaN,
        "Depreciation Amortization Depletion Income Statement": 18000000.0,
        "Depreciation And Amortization In Income Statement": 18000000.0,
        "Selling General And Administration": 43000000.0,
        "General And Administrative Expense": 43000000.0,
        "Other Gand A": 43000000.0,
        "Gross Profit": 150000000.0,
        "Cost Of Revenue": 367000000.0,
        "Total Revenue": 517000000.0,
        "Operating Revenue": 517000000.0
    },
    "2025-06-30": {
        "Tax Effect Of Unusual Items": -13860000.0,
        "Tax Rate For Calcs": 0.21,
        "Normalized EBITDA": 126000000.0,
        "Total Unusual Items": -66000000.0,
        "Total Unusual Items Excluding Goodwill": -66000000.0,
        "Net Income From Continuing Operation Net Minority Interest": -4000000.0,
        "Reconciled Depreciation": 19000000.0,
        "Reconciled Cost Of Revenue": 410000000.0,
        "EBITDA": 60000000.0,
        "EBIT": 41000000.0,
        "Net Interest Income": 1000000.0,
        "Interest Expense": 2000000.0,
        "Interest Income": 3000000.0,
        "Normalized Income": 48140000.0,
        "Net Income From Continuing And Discontinued Operation": -4000000.0,
        "Total Expenses": 475000000.0,
        "Diluted Average Shares": NaN,
        "Basic Average Shares": NaN,
        "Diluted EPS": NaN,
        "Basic EPS": NaN,
        "Diluted NI Availto Com Stockholders": -4000000.0,
        "Net Income Common Stockholders": -4000000.0,
        "Net Income": -4000000.0,
        "Minority Interests": -1000000.0,
        "Net Income Including Noncontrolling Interests": -3000000.0,
        "Net Income Continuous Operations": -3000000.0,
        "Tax Provision": 42000000.0,
        "Pretax Income": 39000000.0,
        "Other Income Expense": NaN,
        "Special Income Charges": -66000000.0,
        "Gain On Sale Of Business": 0.0,
        "Write Off": NaN,
        "Earnings From Equity Interest": NaN,
        "Gain On Sale Of Security": NaN,
        "Net Non Operating Interest Income Expense": 1000000.0,
        "Interest Expense Non Operating": 2000000.0,
        "Interest Income Non Operating": 3000000.0,
        "Operating Income": 104000000.0,
        "Operating Expense": 65000000.0,
        "Other Operating Expenses": NaN,
        "Depreciation Amortization Depletion Income Statement": 19000000.0,
        "Depreciation And Amortization In Income Statement": 19000000.0,
        "Selling General And Administration": 47000000.0,
        "General And Administrative Expense": 47000000.0,
        "Other Gand A": 47000000.0,
        "Gross Profit": 169000000.0,
        "Cost Of Revenue": 410000000.0,
        "Total Revenue": 579000000.0,
        "Operating Revenue": 579000000.0
    },
    "2025-09-30": {
        "Tax Effect Of Unusual Items": 0.0,
        "Tax Rate For Calcs": 0.278195,
        "Normalized EBITDA": 151000000.0,
        "Total Unusual Items": 0.0,
        "Total Unusual Items Excluding Goodwill": 0.0,
        "Net Income From Continuing Operation Net Minority Interest": 96000000.0,
        "Reconciled Depreciation": 17000000.0,
        "Reconciled Cost Of Revenue": 371000000.0,
        "EBITDA": 151000000.0,
        "EBIT": 134000000.0,
        "Net Interest Income": 2000000.0,
        "Interest Expense": 1000000.0,
        "Interest Income": 3000000.0,
        "Normalized Income": 96000000.0,
        "Net Income From Continuing And Discontinued Operation": 96000000.0,
        "Total Expenses": 426000000.0,
        "Diluted Average Shares": 508465305.0,
        "Basic Average Shares": 505728590.0,
        "Diluted EPS": 0.1888,
        "Basic EPS": 0.1898,
        "Diluted NI Availto Com Stockholders": 96000000.0,
        "Net Income Common Stockholders": 96000000.0,
        "Net Income": 96000000.0,
        "Minority Interests": 0.0,
        "Net Income Including Noncontrolling Interests": 96000000.0,
        "Net Income Continuous Operations": 96000000.0,
        "Tax Provision": 37000000.0,
        "Pretax Income": 133000000.0,
        "Other Income Expense": NaN,
        "Special Income Charges": 0.0,
        "Gain On Sale Of Business": 0.0,
        "Write Off": 0.0,
        "Earnings From Equity Interest": NaN,
        "Gain On Sale Of Security": NaN,
        "Net Non Operating Interest Income Expense": 2000000.0,
        "Interest Expense Non Operating": 1000000.0,
        "Interest Income Non Operating": 3000000.0,
        "Operating Income": 131000000.0,
        "Operating Expense": 55000000.0,
        "Other Operating Expenses": -7000000.0,
        "Depreciation Amortization Depletion Income Statement": 17000000.0,
        "Depreciation And Amortization In Income Statement": 17000000.0,
        "Selling General And Administration": 45000000.0,
        "General And Administrative Expense": 45000000.0,
        "Other Gand A": 45000000.0,
        "Gross Profit": 186000000.0,
        "Cost Of Revenue": 371000000.0,
        "Total Revenue": 557000000.0,
        "Operating Revenue": 557000000.0
    }
}