{
    "2024-09-30": {
        "Tax Effect Of Unusual Items": 0.0,
        "Tax Rate For Calcs": 0.239,
        "Normalized EBITDA": 243600000.0,
        "Total Unusual Items": NaN,
        "Total Unusual Items Excluding Goodwill": NaN,
        "Net Income From Continuing Operation Net Minority Interest": 130000000.0,
        "Reconciled Depreciation": 42200000.0,
        "Reconciled Cost Of Revenue": 710100000.0,
        "EBITDA": 243600000.0,
        "EBIT": 201400000.0,
        "Net Interest Income": -30800000.0,
        "Interest Expense": 30800000.0,
        "Normalized Income": 130000000.0,
        "Net Income From Continuing And Discontinued Operation": 130000000.0,
        "Total Expenses": 1100700000.0,
        "Total Operating Income As Reported": 201800000.0,
        "Diluted Average Shares": 178200000.0,
        "Basic Average Shares": 173700000.0,
        "Diluted EPS": 0.73,
        "Basic EPS": 0.75,
        "Diluted NI Availto Com Stockholders": 130000000.0,
        "Net Income Common Stockholders": 130000000.0,
        "Net Income": 130000000.0,
        "Minority Interests": 200000.0,
        "Net Income Including Noncontrolling Interests": 129800000.0,
        "Net Income Continuous Operations": 129800000.0,
        "Tax Provision": 40800000.0,
        "Pretax Income": 170600000.0,
        "Other Income Expense": 2100000.0,
        "Other Non Operating Income Expenses": -400000.0,
        "Special Income Charges": NaN,
        "Gain On Sale Of Business": NaN,
        "Earnings From Equity Interest": 2500000.0,
        "Net Non Operating Interest Income Expense": -30800000.0,
        "Interest Expense Non Operating": 30800000.0,
        "Operating Income": 199300000.0,
        "Operating Expense": 390600000.0,
        "Selling General And Administration": 390600000.0,
        "Selling And Marketing Expense": 272000000.0,
        "General And Administrative Expense": 118600000.0,
        "Other Gand A": 118600000.0,
        "Gross Profit": 589900000.0,
        "Cost Of Revenue": 710100000.0,
        "Total Revenue": 1300000000.0,
        "Operating Revenue": 1300000000.0
    },
    "2024-06-30": {
        "Tax Effect Of Unusual Items": 0.0,
        "Tax Rate For Calcs": 0.242,
        "Normalized EBITDA": 214400000.0,
        "Total Unusual Items": 0.0,
        "Total Unusual Items Excluding Goodwill": 0.0,
        "Net Income From Continuing Operation Net Minority Interest": 106100000.0,
        "Reconciled Depreciation": 40500000.0,
        "Reconciled Cost Of Revenue": 716000000.0,
        "EBITDA": 214400000.0,
        "EBIT": 173900000.0,
        "Net Interest Income": -33400000.0,
        "Interest Expense": 33400000.0,
        "Normalized Income": 106100000.0,
        "Net Income From Continuing And Discontinued Operation": 106100000.0,
        "Total Expenses": 1063400000.0,
        "Total Operating Income As Reported": 173300000.0,
        "Diluted Average Shares": NaN,
        "Basic Average Shares": NaN,
        "Diluted EPS": NaN,
        "Basic EPS": NaN,
        "Diluted NI Availto Com Stockholders": 106100000.0,
        "Net Income Common Stockholders": 106100000.0,
        "Net Income": 106100000.0,
        "Minority Interests": -400000.0,
        "Net Income Including Noncontrolling Interests": 106500000.0,
        "Net Income Continuous Operations": 106500000.0,
        "Tax Provision": 34000000.0,
        "Pretax Income": 140500000.0,
        "Other Income Expense": 3700000.0,
        "Other Non Operating Income Expenses": 600000.0,
        "Special Income Charges": 0.0,
        "Gain On Sale Of Business": 0.0,
        "Earnings From Equity Interest": 3100000.0,
        "Net Non Operating Interest Income Expense": -33400000.0,
        "Interest Expense Non Operating": 33400000.0,
        "Operating Income": 170200000.0,
        "Operating Expense": 347400000.0,
        "Selling General And Administration": 347400000.0,
        "Selling And Marketing Expense": 239600000.0,
        "General And Administrative Expense": 107800000.0,
        "Other Gand A": 107800000.0,
        "Gross Profit": 517600000.0,
        "Cost Of Revenue": 716000000.0,
        "Total Revenue": 1233600000.0,
        "Operating Revenue": 1233600000.0
    },
    "2024-03-31": {
        "Tax Effect Of Unusual Items": 0.0,
        "Tax Rate For Calcs": 0.212,
        "Normalized EBITDA": 171000000.0,
        "Net Income From Continuing Operation Net Minority Interest": 76300000.0,
        "Reconciled Depreciation": 39200000.0,
        "Reconciled Cost Of Revenue": 715100000.0,
        "EBITDA": 171000000.0,
        "EBIT": 131800000.0,
        "Net Interest Income": -34300000.0,
        "Interest Expense": 34300000.0,
        "Normalized Income": 76300000.0,
        "Net Income From Continuing And Discontinued Operation": 76300000.0,
        "Total Expenses": 1062800000.0,
        "Total Operating Income As Reported": 131500000.0,
        "Diluted Average Shares": 178000000.0,
        "Basic Average Shares": 173600000.0,
        "Diluted EPS": 0.43,
        "Basic EPS": 0.44,
        "Diluted NI Availto Com Stockholders": 76300000.0,
        "Net Income Common Stockholders": 76300000.0,
        "Net Income": 76300000.0,
        "Minority Interests": -500000.0,
        "Net Income Including Noncontrolling Interests": 76800000.0,
        "Net Income Discontinuous Operations": NaN,
        "Net Income Continuous Operations": 76800000.0,
        "Tax Provision": 20700000.0,
        "Pretax Income": 97500000.0,
        "Other Income Expense": 5200000.0,
        "Other Non Operating Income Expenses": 300000.0,
        "Earnings From Equity Interest": 4900000.0,
        "Net Non Operating Interest Income Expense": -34300000.0,
        "Interest Expense Non Operating": 34300000.0,
        "Operating Income": 126600000.0,
        "Operating Expense": 347700000.0,
        "Selling General And Administration": 347700000.0,
        "Selling And Marketing Expense": 226700000.0,
        "General And Administrative Expense": 121000000.0,
        "Other Gand A": 121000000.0,
        "Gross Profit": 474300000.0,
        "Cost Of Revenue": 715100000.0,
        "Total Revenue": 1189400000.0,
        "Operating Revenue": 1189400000.0
    },
    "2023-12-31": {
        "Tax Effect Of Unusual Items": NaN,
        "Tax Rate For Calcs": NaN,
        "Normalized EBITDA": NaN,
        "Total Unusual Items": NaN,
        "Total Unusual Items Excluding Goodwill": NaN,
        "Net Income From Continuing Operation Net Minority Interest": NaN,
        "Reconciled Depreciation": NaN,
        "Reconciled Cost Of Revenue": NaN,
        "EBITDA": NaN,
        "EBIT": NaN,
        "Net Interest Income": NaN,
        "Interest Expense": NaN,
        "Normalized Income": NaN,
        "Net Income From Continuing And Discontinued Operation": NaN,
        "Total Expenses": NaN,
        "Total Operating Income As Reported": NaN,
        "Diluted Average Shares": NaN,
        "Basic Average Shares": NaN,
        "Diluted EPS": NaN,
        "Basic EPS": NaN,
        "Diluted NI Availto Com Stockholders": NaN,
        "Net Income Common Stockholders": NaN,
        "Net Income": NaN,
        "Minority Interests": NaN,
        "Net Income Including Noncontrolling Interests": NaN,
        "Net Income Discontinuous Operations": 0.0,
        "Net Income Continuous Operations": NaN,
        "Tax Provision": NaN,
        "Pretax Income": NaN,
        "Other Income Expense": NaN,
        "Other Non Operating Income Expenses": NaN,
        "Special Income Charges": NaN,
        "Gain On Sale Of Business": NaN,
        "Earnings From Equity Interest": NaN,
        "Net Non Operating Interest Income Expense": NaN,
        "Interest Expense Non Operating": NaN,
        "Operating Income": NaN,
        "Operating Expense": NaN,
        "Selling General And Administration": NaN,
        "Selling And Marketing Expense": NaN,
        "General And Administrative Expense": NaN,
        "Other Gand A": NaN,
        "Gross Profit": NaN,
        "Cost Of Revenue": NaN,
        "Total Revenue": NaN,
        "Operating Revenue": NaN
    },
    "2023-09-30": {
        "Tax Effect Of Unusual Items": NaN,
        "Tax Rate For Calcs": NaN,
        "Normalized EBITDA": NaN,
        "Net Income From Continuing Operation Net Minority Interest": NaN,
        "Reconciled Depreciation": NaN,
        "Reconciled Cost Of Revenue": NaN,
        "EBITDA": NaN,
        "EBIT": NaN,
        "Net Interest Income": NaN,
        "Interest Expense": NaN,
        "Normalized Income": NaN,
        "Net Income From Continuing And Discontinued Operation": NaN,
        "Total Expenses": NaN,
        "Total Operating Income As Reported": NaN,
        "Diluted Average Shares": NaN,
        "Basic Average Shares": NaN,
        "Diluted EPS": NaN,
        "Basic EPS": NaN,
        "Diluted NI Availto Com Stockholders": NaN,
        "Net Income Common Stockholders": NaN,
        "Net Income": NaN,
        "Minority Interests": NaN,
        "Net Income Including Noncontrolling Interests": NaN,
        "Net Income Discontinuous Operations": 0.0,
        "Net Income Continuous Operations": NaN,
        "Tax Provision": NaN,
        "Pretax Income": NaN,
        "Other Income Expense": NaN,
        "Other Non Operating Income Expenses": NaN,
        "Earnings From Equity Interest": NaN,
        "Net Non Operating Interest Income Expense": NaN,
        "Interest Expense Non Operating": NaN,
        "Operating Income": NaN,
        "Operating Expense": NaN,
        "Selling General And Administration": NaN,
        "Selling And Marketing Expense": NaN,
        "General And Administrative Expense": NaN,
        "Other Gand A": NaN,
        "Gross Profit": NaN,
        "Cost Of Revenue": NaN,
        "Total Revenue": NaN,
        "Operating Revenue": NaN
    },
    "2023-06-30": {
        "Tax Effect Of Unusual Items": NaN,
        "Tax Rate For Calcs": NaN,
        "Normalized EBITDA": NaN,
        "Net Income From Continuing Operation Net Minority Interest": NaN,
        "Reconciled Depreciation": NaN,
        "Reconciled Cost Of Revenue": NaN,
        "EBITDA": NaN,
        "EBIT": NaN,
        "Net Interest Income": NaN,
        "Interest Expense": NaN,
        "Normalized Income": NaN,
        "Net Income From Continuing And Discontinued Operation": NaN,
        "Total Expenses": NaN,
        "Total Operating Income As Reported": NaN,
        "Diluted Average Shares": NaN,
        "Basic Average Shares": NaN,
        "Diluted EPS": NaN,
        "Basic EPS": NaN,
        "Diluted NI Availto Com Stockholders": NaN,
        "Net Income Common Stockholders": NaN,
        "Net Income": NaN,
        "Minority Interests": NaN,
        "Net Income Including Noncontrolling Interests": NaN,
        "Net Income Discontinuous Operations": NaN,
        "Net Income Continuous Operations": NaN,
        "Tax Provision": NaN,
        "Pretax Income": NaN,
        "Other Income Expense": NaN,
        "Other Non Operating Income Expenses": 200000.0,
        "Earnings From Equity Interest": NaN,
        "Net Non Operating Interest Income Expense": NaN,
        "Interest Expense Non Operating": NaN,
        "Operating Income": NaN,
        "Operating Expense": NaN,
        "Selling General And Administration": NaN,
        "Selling And Marketing Expense": NaN,
        "General And Administrative Expense": NaN,
        "Other Gand A": NaN,
        "Gross Profit": NaN,
        "Cost Of Revenue": NaN,
        "Total Revenue": NaN,
        "Operating Revenue": NaN
    },
    "2024-12-31": {
        "Tax Effect Of Unusual Items": 0.0,
        "Tax Rate For Calcs": 0.241379,
        "Normalized EBITDA": 175200000.0,
        "Total Unusual Items": NaN,
        "Total Unusual Items Excluding Goodwill": NaN,
        "Net Income From Continuing Operation Net Minority Interest": 71900000.0,
        "Reconciled Depreciation": 43200000.0,
        "Reconciled Cost Of Revenue": 684500000.0,
        "EBITDA": 175200000.0,
        "EBIT": 132000000.0,
        "Net Interest Income": -36300000.0,
        "Interest Expense": 36300000.0,
        "Normalized Income": 71900000.0,
        "Net Income From Continuing And Discontinued Operation": 71900000.0,
        "Total Expenses": 1088700000.0,
        "Total Operating Income As Reported": 127600000.0,
        "Diluted Average Shares": 178700000.0,
        "Basic Average Shares": 173700000.0,
        "Diluted EPS": 0.4,
        "Basic EPS": 0.41,
        "Diluted NI Availto Com Stockholders": 71900000.0,
        "Net Income Common Stockholders": 71900000.0,
        "Net Income": 71900000.0,
        "Minority Interests": -700000.0,
        "Net Income Including Noncontrolling Interests": 72600000.0,
        "Net Income Continuous Operations": 72600000.0,
        "Tax Provision": 23100000.0,
        "Pretax Income": 95700000.0,
        "Other Income Expense": 12800000.0,
        "Other Non Operating Income Expenses": 4400000.0,
        "Special Income Charges": NaN,
        "Gain On Sale Of Business": NaN,
        "Earnings From Equity Interest": 8400000.0,
        "Net Non Operating Interest Income Expense": -36300000.0,
        "Interest Expense Non Operating": 36300000.0,
        "Operating Income": 119200000.0,
        "Operating Expense": 404200000.0,
        "Selling General And Administration": 404200000.0,
        "Selling And Marketing Expense": 278400000.0,
        "General And Administrative Expense": 125800000.0,
        "Other Gand A": 125800000.0,
        "Gross Profit": 523400000.0,
        "Cost Of Revenue": 684500000.0,
        "Total Revenue": 1207900000.0,
        "Operating Revenue": 1207900000.0
    },
    "2025-03-31": {
        "Tax Effect Of Unusual Items": 0.0,
        "Tax Rate For Calcs": 0.335,
        "Normalized EBITDA": 69700000.0,
        "Total Unusual Items": NaN,
        "Total Unusual Items Excluding Goodwill": NaN,
        "Net Income From Continuing Operation Net Minority Interest": -33100000.0,
        "Reconciled Depreciation": 57700000.0,
        "Reconciled Cost Of Revenue": 1024200000.0,
        "EBITDA": 69700000.0,
        "EBIT": 12000000.0,
        "Net Interest Income": -61300000.0,
        "Interest Expense": 61300000.0,
        "Normalized Income": -33100000.0,
        "Net Income From Continuing And Discontinued Operation": -33100000.0,
        "Total Expenses": 1596300000.0,
        "Total Operating Income As Reported": 13200000.0,
        "Diluted Average Shares": 198900000.0,
        "Basic Average Shares": 194900000.0,
        "Diluted EPS": -0.17,
        "Basic EPS": -0.17,
        "Diluted NI Availto Com Stockholders": -33100000.0,
        "Net Income Common Stockholders": -33100000.0,
        "Net Income": -33100000.0,
        "Minority Interests": -300000.0,
        "Net Income Including Noncontrolling Interests": -32800000.0,
        "Net Income Continuous Operations": -32800000.0,
        "Tax Provision": -16500000.0,
        "Pretax Income": -49300000.0,
        "Other Income Expense": 3600000.0,
        "Other Non Operating Income Expenses": -1200000.0,
        "Special Income Charges": NaN,
        "Gain On Sale Of Business": NaN,
        "Earnings From Equity Interest": 4800000.0,
        "Net Non Operating Interest Income Expense": -61300000.0,
        "Interest Expense Non Operating": 61300000.0,
        "Operating Income": 8400000.0,
        "Operating Expense": 572100000.0,
        "Selling General And Administration": 572100000.0,
        "Selling And Marketing Expense": 362600000.0,
        "General And Administrative Expense": 209500000.0,
        "Other Gand A": 209500000.0,
        "Gross Profit": 580500000.0,
        "Cost Of Revenue": 1024200000.0,
        "Total Revenue": 1604700000.0,
        "Operating Revenue": 1604700000.0
    },
    "2025-06-30": {
        "Tax Effect Of Unusual Items": -430900.0,
        "Tax Rate For Calcs": 0.031,
        "Normalized EBITDA": 247600000.0,
        "Total Unusual Items": -13900000.0,
        "Total Unusual Items Excluding Goodwill": -13900000.0,
        "Net Income From Continuing Operation Net Minority Interest": 99000000.0,
        "Reconciled Depreciation": 58500000.0,
        "Reconciled Cost Of Revenue": 1053600000.0,
        "EBITDA": 233700000.0,
        "EBIT": 175200000.0,
        "Net Interest Income": -72500000.0,
        "Interest Expense": 72500000.0,
        "Normalized Income": 112469100.0,
        "Net Income From Continuing And Discontinued Operation": 99000000.0,
        "Total Expenses": 1690000000.0,
        "Total Operating Income As Reported": 179900000.0,
        "Diluted Average Shares": 212400000.0,
        "Basic Average Shares": 209200000.0,
        "Diluted EPS": 0.47,
        "Basic EPS": 0.47,
        "Diluted NI Availto Com Stockholders": 99000000.0,
        "Net Income Common Stockholders": 99000000.0,
        "Net Income": 99000000.0,
        "Minority Interests": -500000.0,
        "Net Income Including Noncontrolling Interests": 99500000.0,
        "Net Income Continuous Operations": 99500000.0,
        "Tax Provision": 3200000.0,
        "Pretax Income": 102700000.0,
        "Other Income Expense": -15600000.0,
        "Other Non Operating Income Expenses": -4700000.0,
        "Special Income Charges": -13900000.0,
        "Gain On Sale Of Business": -13900000.0,
        "Earnings From Equity Interest": 3000000.0,
        "Net Non Operating Interest Income Expense": -72500000.0,
        "Interest Expense Non Operating": 72500000.0,
        "Operating Income": 190800000.0,
        "Operating Expense": 636400000.0,
        "Selling General And Administration": 636400000.0,
        "Selling And Marketing Expense": 460500000.0,
        "General And Administrative Expense": 175900000.0,
        "Other Gand A": 175900000.0,
        "Gross Profit": 827200000.0,
        "Cost Of Revenue": 1053600000.0,
        "Total Revenue": 1880800000.0,
        "Operating Revenue": 1880800000.0
    },
    "2025-09-30": {
        "Tax Effect Of Unusual Items": NaN,
        "Tax Rate For Calcs": NaN,
        "Normalized EBITDA": NaN,
        "Total Unusual Items": NaN,
        "Total Unusual Items Excluding Goodwill": NaN,
        "Net Income From Continuing Operation Net Minority Interest": NaN,
        "Reconciled Depreciation": NaN,
        "Reconciled Cost Of Revenue": NaN,
        "EBITDA": NaN,
        "EBIT": NaN,
        "Net Interest Income": NaN,
        "Interest Expense": NaN,
        "Normalized Income": NaN,
        "Net Income From Continuing And Discontinued Operation": NaN,
        "Total Expenses": NaN,
        "Total Operating Income As Reported": NaN,
        "Diluted Average Shares": 212500000.0,
        "Basic Average Shares": 209900000.0,
        "Diluted EPS": 0.83,
        "Basic EPS": 0.85,
        "Diluted NI Availto Com Stockholders": NaN,
        "Net Income Common Stockholders": NaN,
        "Net Income": NaN,
        "Minority Interests": NaN,
        "Net Income Including Noncontrolling Interests": NaN,
        "Net Income Continuous Operations": NaN,
        "Tax Provision": NaN,
        "Pretax Income": NaN,
        "Other Income Expense": NaN,
        "Other Non Operating Income Expenses": NaN,
        "Special Income Charges": NaN,
        "Gain On Sale Of Business": NaN,
        "Earnings From Equity Interest": NaN,
        "Net Non Operating Interest Income Expense": NaN,
        "Interest Expense Non Operating": NaN,
        "Operating Income": NaN,
        "Operating Expense": NaN,
        "Selling General And Administration": NaN,
        "Selling And Marketing Expense": NaN,
        "General And Administrative Expense": NaN,
        "Other Gand A": NaN,
        "Gross Profit": NaN,
        "Cost Of Revenue": NaN,
        "Total Revenue": NaN,
        "Operating Revenue": NaN
    }
}