{
    "2023-03-31": {
        "Tax Effect Of Unusual Items": NaN,
        "Tax Rate For Calcs": NaN,
        "Normalized EBITDA": NaN,
        "Total Unusual Items": NaN,
        "Total Unusual Items Excluding Goodwill": NaN,
        "Net Income From Continuing Operation Net Minority Interest": NaN,
        "Reconciled Depreciation": NaN,
        "Reconciled Cost Of Revenue": NaN,
        "EBITDA": NaN,
        "EBIT": NaN,
        "Normalized Income": NaN,
        "Net Income From Continuing And Discontinued Operation": NaN,
        "Total Expenses": NaN,
        "Total Operating Income As Reported": NaN,
        "Diluted Average Shares": 21244333.0,
        "Basic Average Shares": 21244333.0,
        "Diluted EPS": -0.56,
        "Basic EPS": -0.56,
        "Diluted NI Availto Com Stockholders": NaN,
        "Net Income Common Stockholders": NaN,
        "Net Income": NaN,
        "Minority Interests": NaN,
        "Net Income Including Noncontrolling Interests": NaN,
        "Net Income Continuous Operations": NaN,
        "Tax Provision": NaN,
        "Pretax Income": NaN,
        "Other Income Expense": NaN,
        "Other Non Operating Income Expenses": NaN,
        "Special Income Charges": NaN,
        "Gain On Sale Of Business": 0.0,
        "Other Special Charges": 8400491.0,
        "Write Off": NaN,
        "Operating Income": NaN,
        "Operating Expense": NaN,
        "Provision For Doubtful Accounts": NaN,
        "Selling General And Administration": NaN,
        "Selling And Marketing Expense": NaN,
        "General And Administrative Expense": NaN,
        "Other Gand A": NaN,
        "Salaries And Wages": NaN,
        "Gross Profit": NaN,
        "Cost Of Revenue": NaN,
        "Total Revenue": NaN,
        "Operating Revenue": NaN
    },
    "2022-12-31": {
        "Tax Effect Of Unusual Items": NaN,
        "Tax Rate For Calcs": NaN,
        "Normalized EBITDA": NaN,
        "Total Unusual Items": NaN,
        "Total Unusual Items Excluding Goodwill": NaN,
        "Net Income From Continuing Operation Net Minority Interest": NaN,
        "Reconciled Depreciation": NaN,
        "Reconciled Cost Of Revenue": NaN,
        "EBITDA": NaN,
        "EBIT": NaN,
        "Normalized Income": NaN,
        "Net Income From Continuing And Discontinued Operation": NaN,
        "Total Expenses": NaN,
        "Total Operating Income As Reported": NaN,
        "Diluted Average Shares": 2123890.0,
        "Basic Average Shares": 2123890.0,
        "Diluted EPS": -1.8,
        "Basic EPS": -1.8,
        "Diluted NI Availto Com Stockholders": NaN,
        "Net Income Common Stockholders": NaN,
        "Net Income": NaN,
        "Minority Interests": NaN,
        "Net Income Including Noncontrolling Interests": NaN,
        "Net Income Continuous Operations": NaN,
        "Tax Provision": NaN,
        "Pretax Income": NaN,
        "Other Income Expense": NaN,
        "Other Non Operating Income Expenses": NaN,
        "Special Income Charges": NaN,
        "Gain On Sale Of Business": 0.0,
        "Other Special Charges": NaN,
        "Write Off": NaN,
        "Operating Income": NaN,
        "Operating Expense": NaN,
        "Provision For Doubtful Accounts": NaN,
        "Selling General And Administration": NaN,
        "Selling And Marketing Expense": NaN,
        "General And Administrative Expense": NaN,
        "Other Gand A": NaN,
        "Salaries And Wages": NaN,
        "Gross Profit": NaN,
        "Cost Of Revenue": NaN,
        "Total Revenue": NaN,
        "Operating Revenue": NaN
    },
    "2022-09-30": {
        "Tax Effect Of Unusual Items": 0.0,
        "Tax Rate For Calcs": 0.4,
        "Normalized EBITDA": -2709106.0,
        "Total Unusual Items": NaN,
        "Total Unusual Items Excluding Goodwill": NaN,
        "Net Income From Continuing Operation Net Minority Interest": -3084352.0,
        "Reconciled Depreciation": 78945.0,
        "Reconciled Cost Of Revenue": 745627.0,
        "EBITDA": -2709106.0,
        "EBIT": -2788051.0,
        "Normalized Income": -3084352.0,
        "Net Income From Continuing And Discontinued Operation": -3084352.0,
        "Total Expenses": 4009255.0,
        "Total Operating Income As Reported": -2788051.0,
        "Diluted Average Shares": 21216739.0,
        "Basic Average Shares": 21216739.0,
        "Diluted EPS": -0.15,
        "Basic EPS": -0.15,
        "Diluted NI Availto Com Stockholders": -3084352.0,
        "Net Income Common Stockholders": -3084352.0,
        "Net Income": -3084352.0,
        "Minority Interests": -134026.0,
        "Net Income Including Noncontrolling Interests": -2950326.0,
        "Net Income Continuous Operations": -2950326.0,
        "Tax Provision": 103426.0,
        "Pretax Income": -2846900.0,
        "Other Income Expense": -58849.0,
        "Other Non Operating Income Expenses": -58849.0,
        "Special Income Charges": NaN,
        "Gain On Sale Of Business": NaN,
        "Other Special Charges": NaN,
        "Write Off": NaN,
        "Operating Income": -2788051.0,
        "Operating Expense": 3263628.0,
        "Provision For Doubtful Accounts": 0.0,
        "Selling General And Administration": 3263628.0,
        "Selling And Marketing Expense": 27375.0,
        "General And Administrative Expense": 3236253.0,
        "Other Gand A": 2988920.0,
        "Salaries And Wages": 247333.0,
        "Gross Profit": 475577.0,
        "Cost Of Revenue": 745627.0,
        "Total Revenue": 1221204.0,
        "Operating Revenue": 1221204.0
    },
    "2022-06-30": {
        "Tax Effect Of Unusual Items": 0.0,
        "Tax Rate For Calcs": 0.0,
        "Normalized EBITDA": -3132124.0,
        "Total Unusual Items": -1124006.0,
        "Total Unusual Items Excluding Goodwill": -1124006.0,
        "Net Income From Continuing Operation Net Minority Interest": -5106016.0,
        "Reconciled Depreciation": 105003.0,
        "Reconciled Cost Of Revenue": 1163440.0,
        "EBITDA": -4256130.0,
        "EBIT": -4361133.0,
        "Normalized Income": -3982010.0,
        "Net Income From Continuing And Discontinued Operation": -5106016.0,
        "Total Expenses": 5519866.0,
        "Total Operating Income As Reported": -5485139.0,
        "Diluted Average Shares": 19860481.0,
        "Basic Average Shares": 19860481.0,
        "Diluted EPS": -0.24,
        "Basic EPS": -0.24,
        "Diluted NI Availto Com Stockholders": -5106016.0,
        "Net Income Common Stockholders": -5106016.0,
        "Net Income": -5106016.0,
        "Minority Interests": 366888.0,
        "Net Income Including Noncontrolling Interests": -5472904.0,
        "Net Income Continuous Operations": -5472904.0,
        "Tax Provision": 0.0,
        "Pretax Income": -5472904.0,
        "Other Income Expense": -1111771.0,
        "Other Non Operating Income Expenses": 12235.0,
        "Special Income Charges": -1124006.0,
        "Gain On Sale Of Business": 0.0,
        "Other Special Charges": NaN,
        "Write Off": 117701.0,
        "Operating Income": -4361133.0,
        "Operating Expense": 4356426.0,
        "Provision For Doubtful Accounts": 1083193.0,
        "Selling General And Administration": 3273233.0,
        "Selling And Marketing Expense": -17135.0,
        "General And Administrative Expense": 3290368.0,
        "Other Gand A": 3043035.0,
        "Salaries And Wages": 247333.0,
        "Gross Profit": -4707.0,
        "Cost Of Revenue": 1163440.0,
        "Total Revenue": 1158733.0,
        "Operating Revenue": 1158733.0
    },
    "2022-03-31": {
        "Diluted EPS": -0.47,
        "Total Revenue": 1,
        "Gross Profit": 0,
        "Operating Income": -9,
        "EBIT": -9,
        "Net Income": -9
    },
    "2021-12-31": {
        "Diluted EPS": -0.54,
        "Total Revenue": 1,
        "Gross Profit": 0,
        "Operating Income": -3,
        "EBIT": -3,
        "Net Income": -9
    },
    "2021-09-30": {
        "Diluted EPS": -0.32,
        "Total Revenue": 1,
        "Gross Profit": 0,
        "Operating Income": -5,
        "EBIT": -5,
        "Net Income": -5
    },
    "2021-06-30": {
        "Diluted EPS": -0.52,
        "Total Revenue": 1,
        "Gross Profit": 0,
        "Operating Income": -6,
        "EBIT": -6,
        "Net Income": -6
    },
    "2021-03-31": {
        "Diluted EPS": -0.32,
        "Total Revenue": 1,
        "Gross Profit": 0,
        "Operating Income": -3,
        "EBIT": -3,
        "Net Income": -3
    },
    "2020-12-31": {
        "Diluted EPS": -0.23,
        "Total Revenue": 2,
        "Gross Profit": 0,
        "Operating Income": -1,
        "EBIT": -1,
        "Net Income": -1
    },
    "2020-09-30": {
        "Diluted EPS": -0.19,
        "Total Revenue": 1,
        "Gross Profit": 0,
        "Operating Income": -1,
        "EBIT": -1,
        "Net Income": -1
    },
    "2020-06-30": {
        "Diluted EPS": -3.08,
        "Total Revenue": 1,
        "Gross Profit": 0,
        "Operating Income": -12,
        "EBIT": -12,
        "Net Income": -11
    },
    "2020-03-31": {
        "Diluted EPS": -1.08,
        "Total Revenue": 1,
        "Gross Profit": 0,
        "Operating Income": -4,
        "EBIT": -4,
        "Net Income": -4
    },
    "2019-12-31": {
        "Diluted EPS": -0.12,
        "Total Revenue": 2,
        "Gross Profit": 1,
        "Operating Income": 0,
        "EBIT": 0,
        "Net Income": 0
    },
    "2019-09-30": {
        "Diluted EPS": -0.5,
        "Total Revenue": 2,
        "Gross Profit": 1,
        "Operating Income": -1,
        "EBIT": -1,
        "Net Income": -2
    },
    "2019-06-30": {
        "Diluted EPS": -0.77,
        "Total Revenue": 2,
        "Gross Profit": 1,
        "Operating Income": -2,
        "EBIT": -2,
        "Net Income": -2
    },
    "2019-03-31": {
        "Diluted EPS": -0.45,
        "Total Revenue": 23,
        "Gross Profit": 2,
        "Operating Income": -1,
        "EBIT": -1,
        "Net Income": -1
    },
    "2018-12-31": {
        "Diluted EPS": -0.55,
        "Total Revenue": 11,
        "Gross Profit": 2,
        "Operating Income": -1,
        "EBIT": -1,
        "Net Income": -1
    },
    "2018-09-30": {
        "Diluted EPS": -0.5,
        "Total Revenue": 7,
        "Gross Profit": 1,
        "Operating Income": -1,
        "EBIT": -1,
        "Net Income": -1
    },
    "2018-06-30": {
        "Diluted EPS": -0.35,
        "Total Revenue": 7,
        "Gross Profit": 2,
        "Operating Income": 0,
        "EBIT": 0,
        "Net Income": -1
    },
    "2018-03-31": {
        "Diluted EPS": 0.05,
        "Total Revenue": 5,
        "Gross Profit": 2,
        "Operating Income": 0,
        "EBIT": 0,
        "Net Income": 0
    },
    "2017-12-31": {
        "Diluted EPS": 0.15,
        "Total Revenue": 5,
        "Gross Profit": 2,
        "Operating Income": 0,
        "EBIT": 0,
        "Net Income": 0
    },
    "2017-09-30": {
        "Diluted EPS": 0.35,
        "Total Revenue": 5,
        "Gross Profit": 2,
        "Operating Income": 1,
        "EBIT": 1,
        "Net Income": 1
    },
    "2017-06-30": {
        "Diluted EPS": 0.4,
        "Total Revenue": 5,
        "Gross Profit": 1,
        "Operating Income": 0,
        "EBIT": 0,
        "Net Income": 1
    },
    "2017-03-31": {
        "Diluted EPS": 0.7,
        "Total Revenue": 3,
        "Gross Profit": 2,
        "Operating Income": 1,
        "EBIT": 1,
        "Net Income": 1
    },
    "2016-12-31": {
        "Diluted EPS": 0.55,
        "Total Revenue": 2,
        "Gross Profit": 2,
        "Operating Income": 1,
        "EBIT": 1,
        "Net Income": 1
    },
    "2016-09-30": {
        "Diluted EPS": 0.4,
        "Total Revenue": 2,
        "Gross Profit": 2,
        "Operating Income": 1,
        "EBIT": 1,
        "Net Income": 1
    },
    "2016-06-30": {
        "Diluted EPS": 0.1,
        "Total Revenue": 2,
        "Gross Profit": 1,
        "Operating Income": 0,
        "EBIT": 0,
        "Net Income": 0
    },
    "2016-03-31": {
        "Diluted EPS": -0.45,
        "Total Revenue": 1,
        "Gross Profit": 1,
        "Operating Income": -1,
        "EBIT": -1,
        "Net Income": -1
    },
    "2015-12-31": {
        "Diluted EPS": -0.9,
        "Total Revenue": 2,
        "Gross Profit": 1,
        "Operating Income": -1,
        "EBIT": -1,
        "Net Income": -1
    },
    "2015-09-30": {
        "Diluted EPS": 0.1,
        "Total Revenue": 3,
        "Gross Profit": 1,
        "Operating Income": 1,
        "EBIT": 1,
        "Net Income": 0
    },
    "2015-06-30": {
        "Diluted EPS": -0.1,
        "Total Revenue": 3,
        "Gross Profit": 1,
        "Operating Income": 0,
        "EBIT": 1,
        "Net Income": 0
    },
    "2015-03-31": {
        "Diluted EPS": 0.25,
        "Total Revenue": 3,
        "Gross Profit": 1,
        "Operating Income": 0,
        "EBIT": 0,
        "Net Income": 0
    },
    "2014-12-31": {
        "Diluted EPS": 0.1,
        "Total Revenue": 3,
        "Gross Profit": 1,
        "Operating Income": 0,
        "EBIT": 0,
        "Net Income": 0
    },
    "2014-09-30": {
        "Diluted EPS": 0.3,
        "Total Revenue": 3,
        "Gross Profit": 1,
        "Operating Income": 0,
        "EBIT": 0,
        "Net Income": 0
    },
    "2014-06-30": {
        "Diluted EPS": 0.5,
        "Total Revenue": 4,
        "Gross Profit": 1,
        "Operating Income": 0,
        "EBIT": 0,
        "Net Income": 0
    },
    "2014-03-31": {
        "Diluted EPS": 0.35,
        "Total Revenue": 2,
        "Gross Profit": 1,
        "Operating Income": 0,
        "EBIT": 0,
        "Net Income": 0
    },
    "2013-12-31": {
        "Diluted EPS": 0.55,
        "Total Revenue": 2,
        "Gross Profit": 1,
        "Operating Income": 0,
        "EBIT": 0,
        "Net Income": 0
    },
    "2013-09-30": {
        "Diluted EPS": 0.3,
        "Total Revenue": 3,
        "Gross Profit": 1,
        "Operating Income": 0,
        "EBIT": 0,
        "Net Income": 0
    },
    "2013-06-30": {
        "Diluted EPS": -0.75,
        "Total Revenue": 1,
        "Gross Profit": 0,
        "Operating Income": -1,
        "EBIT": -1,
        "Net Income": -1
    },
    "2013-03-31": {
        "Diluted EPS": -0.3,
        "Total Revenue": 2,
        "Gross Profit": 0,
        "Operating Income": 0,
        "EBIT": 0,
        "Net Income": 0
    },
    "2012-12-31": {
        "Diluted EPS": -0.5,
        "Total Revenue": 6,
        "Gross Profit": 0,
        "Operating Income": -1,
        "EBIT": -1,
        "Net Income": 0
    },
    "2012-09-30": {
        "Diluted EPS": -0.35,
        "Total Revenue": 8,
        "Gross Profit": 1,
        "Operating Income": 0,
        "EBIT": 0,
        "Net Income": 0
    },
    "2012-06-30": {
        "Diluted EPS": -0.4,
        "Total Revenue": 8,
        "Gross Profit": 1,
        "Operating Income": -1,
        "EBIT": 0,
        "Net Income": 0
    },
    "2012-03-31": {
        "Diluted EPS": -0.8,
        "Total Revenue": 9,
        "Gross Profit": 0,
        "Operating Income": -1,
        "EBIT": -1,
        "Net Income": 0
    },
    "2011-12-31": {
        "Diluted EPS": -0.7,
        "Total Revenue": 8,
        "Gross Profit": 1,
        "Operating Income": -1,
        "EBIT": -1,
        "Net Income": 0
    },
    "2011-09-30": {
        "Diluted EPS": -1.15,
        "Total Revenue": 9,
        "Gross Profit": 1,
        "Operating Income": -1,
        "EBIT": -1,
        "Net Income": -1
    },
    "2011-06-30": {
        "Diluted EPS": -0.8,
        "Total Revenue": 7,
        "Gross Profit": 1,
        "Operating Income": -1,
        "EBIT": -1,
        "Net Income": 0
    },
    "2011-03-31": {
        "Diluted EPS": -0.25,
        "Total Revenue": 9,
        "Gross Profit": 1,
        "Operating Income": 0,
        "EBIT": 0,
        "Net Income": 0
    },
    "2010-12-31": {
        "Diluted EPS": -0.2,
        "Total Revenue": 9,
        "Gross Profit": 1,
        "Operating Income": 0,
        "EBIT": 0,
        "Net Income": 0
    },
    "2010-09-30": {
        "Diluted EPS": -0.25,
        "Total Revenue": 8,
        "Gross Profit": 1,
        "Operating Income": 0,
        "EBIT": 0,
        "Net Income": 0
    },
    "2010-06-30": {
        "Diluted EPS": -0.95,
        "Total Revenue": 8,
        "Gross Profit": 1,
        "Operating Income": -1,
        "EBIT": -1,
        "Net Income": -1
    },
    "2010-03-31": {
        "Diluted EPS": -0.05,
        "Total Revenue": 6,
        "Gross Profit": 1,
        "Operating Income": 0,
        "EBIT": 0,
        "Net Income": 0
    },
    "2009-12-31": {
        "Diluted EPS": -0.05,
        "Total Revenue": 7,
        "Gross Profit": 1,
        "Operating Income": 0,
        "EBIT": 0,
        "Net Income": 0
    },
    "2009-09-30": {
        "Diluted EPS": 0.15,
        "Total Revenue": 6,
        "Gross Profit": 1,
        "Operating Income": 0,
        "EBIT": 0,
        "Net Income": 0
    },
    "2009-06-30": {
        "Diluted EPS": -0.4,
        "Total Revenue": 5,
        "Gross Profit": 5,
        "Operating Income": 5,
        "EBIT": 5,
        "Net Income": 0
    },
    "2009-03-31": {
        "Diluted EPS": 0.15,
        "Total Revenue": 3,
        "Gross Profit": 3,
        "Operating Income": 3,
        "EBIT": 3,
        "Net Income": 0
    },
    "2023-06-30": {
        "Tax Effect Of Unusual Items": NaN,
        "Tax Rate For Calcs": NaN,
        "Normalized EBITDA": NaN,
        "Total Unusual Items": NaN,
        "Total Unusual Items Excluding Goodwill": NaN,
        "Net Income From Continuing Operation Net Minority Interest": NaN,
        "Reconciled Depreciation": NaN,
        "Reconciled Cost Of Revenue": NaN,
        "EBITDA": NaN,
        "EBIT": NaN,
        "Normalized Income": NaN,
        "Net Income From Continuing And Discontinued Operation": NaN,
        "Total Expenses": NaN,
        "Total Operating Income As Reported": NaN,
        "Diluted Average Shares": NaN,
        "Basic Average Shares": NaN,
        "Diluted EPS": NaN,
        "Basic EPS": NaN,
        "Diluted NI Availto Com Stockholders": NaN,
        "Net Income Common Stockholders": NaN,
        "Net Income": NaN,
        "Minority Interests": NaN,
        "Net Income Including Noncontrolling Interests": NaN,
        "Net Income Continuous Operations": NaN,
        "Tax Provision": NaN,
        "Pretax Income": NaN,
        "Other Income Expense": NaN,
        "Other Non Operating Income Expenses": NaN,
        "Special Income Charges": NaN,
        "Gain On Sale Of Business": -42191.0,
        "Other Special Charges": 0.0,
        "Write Off": NaN,
        "Operating Income": NaN,
        "Operating Expense": NaN,
        "Provision For Doubtful Accounts": NaN,
        "Selling General And Administration": NaN,
        "Selling And Marketing Expense": NaN,
        "General And Administrative Expense": NaN,
        "Other Gand A": NaN,
        "Salaries And Wages": 1.0,
        "Gross Profit": NaN,
        "Cost Of Revenue": NaN,
        "Total Revenue": NaN,
        "Operating Revenue": NaN
    },
    "2023-09-30": {
        "Tax Effect Of Unusual Items": NaN,
        "Tax Rate For Calcs": NaN,
        "Normalized EBITDA": NaN,
        "Total Unusual Items": NaN,
        "Total Unusual Items Excluding Goodwill": NaN,
        "Net Income From Continuing Operation Net Minority Interest": NaN,
        "Reconciled Depreciation": NaN,
        "Reconciled Cost Of Revenue": NaN,
        "EBITDA": NaN,
        "EBIT": NaN,
        "Normalized Income": NaN,
        "Net Income From Continuing And Discontinued Operation": NaN,
        "Total Expenses": NaN,
        "Total Operating Income As Reported": NaN,
        "Diluted Average Shares": 17598135.0,
        "Basic Average Shares": 17598135.0,
        "Diluted EPS": -0.13,
        "Basic EPS": -0.13,
        "Diluted NI Availto Com Stockholders": NaN,
        "Net Income Common Stockholders": NaN,
        "Net Income": NaN,
        "Minority Interests": NaN,
        "Net Income Including Noncontrolling Interests": NaN,
        "Net Income Continuous Operations": NaN,
        "Tax Provision": NaN,
        "Pretax Income": NaN,
        "Other Income Expense": NaN,
        "Other Non Operating Income Expenses": NaN,
        "Special Income Charges": NaN,
        "Gain On Sale Of Business": NaN,
        "Other Special Charges": NaN,
        "Write Off": NaN,
        "Operating Income": NaN,
        "Operating Expense": NaN,
        "Provision For Doubtful Accounts": NaN,
        "Selling General And Administration": NaN,
        "Selling And Marketing Expense": NaN,
        "General And Administrative Expense": NaN,
        "Other Gand A": NaN,
        "Salaries And Wages": 0.0,
        "Gross Profit": NaN,
        "Cost Of Revenue": NaN,
        "Total Revenue": NaN,
        "Operating Revenue": NaN
    },
    "2023-12-31": {
        "Tax Effect Of Unusual Items": 0.0,
        "Tax Rate For Calcs": 0.0,
        "Normalized EBITDA": -1248893.0,
        "Total Unusual Items": 62384.0,
        "Total Unusual Items Excluding Goodwill": 62384.0,
        "Net Income From Continuing Operation Net Minority Interest": -1110729.0,
        "Reconciled Depreciation": 37924.0,
        "Reconciled Cost Of Revenue": 976876.0,
        "EBITDA": -1186509.0,
        "EBIT": -1224433.0,
        "Normalized Income": -1173113.0,
        "Net Income From Continuing And Discontinued Operation": -1110729.0,
        "Total Expenses": 2185673.0,
        "Total Operating Income As Reported": -1224433.0,
        "Diluted Average Shares": 17515526.0,
        "Basic Average Shares": 17515526.0,
        "Diluted EPS": -0.06,
        "Basic EPS": -0.06,
        "Diluted NI Availto Com Stockholders": -1110729.0,
        "Net Income Common Stockholders": -1110729.0,
        "Net Income": -1110729.0,
        "Minority Interests": 57814.0,
        "Net Income Including Noncontrolling Interests": -1168543.0,
        "Net Income Continuous Operations": -1168543.0,
        "Tax Provision": 0.0,
        "Pretax Income": -1168543.0,
        "Other Income Expense": 55890.0,
        "Other Non Operating Income Expenses": -6494.0,
        "Special Income Charges": 62384.0,
        "Gain On Sale Of Business": 62384.0,
        "Other Special Charges": NaN,
        "Write Off": 0.0,
        "Operating Income": -1224433.0,
        "Operating Expense": 1208797.0,
        "Provision For Doubtful Accounts": 6992.0,
        "Selling General And Administration": 1201805.0,
        "Selling And Marketing Expense": 56075.0,
        "General And Administrative Expense": 1145730.0,
        "Other Gand A": 1145730.0,
        "Salaries And Wages": 0.0,
        "Gross Profit": -15636.0,
        "Cost Of Revenue": 976876.0,
        "Total Revenue": 961240.0,
        "Operating Revenue": 961240.0
    },
    "2024-03-31": {
        "Tax Effect Of Unusual Items": 0.0,
        "Tax Rate For Calcs": 0.0,
        "Normalized EBITDA": -1698624.0,
        "Total Unusual Items": 338095.0,
        "Total Unusual Items Excluding Goodwill": 338095.0,
        "Net Income From Continuing Operation Net Minority Interest": -949759.0,
        "Reconciled Depreciation": 37921.0,
        "Reconciled Cost Of Revenue": 714054.0,
        "EBITDA": -1360529.0,
        "EBIT": -1398450.0,
        "Normalized Income": -1287854.0,
        "Net Income From Continuing And Discontinued Operation": -949759.0,
        "Total Expenses": 1845025.0,
        "Total Operating Income As Reported": -1398450.0,
        "Diluted Average Shares": 2988668.0,
        "Basic Average Shares": 2988668.0,
        "Diluted EPS": -0.32,
        "Basic EPS": -0.32,
        "Diluted NI Availto Com Stockholders": -949759.0,
        "Net Income Common Stockholders": -949759.0,
        "Net Income": -949759.0,
        "Minority Interests": 19669.0,
        "Net Income Including Noncontrolling Interests": -969428.0,
        "Net Income Continuous Operations": -969428.0,
        "Tax Provision": 0.0,
        "Pretax Income": -969428.0,
        "Other Income Expense": 429022.0,
        "Other Non Operating Income Expenses": 90927.0,
        "Special Income Charges": 338095.0,
        "Gain On Sale Of Business": 338095.0,
        "Other Special Charges": NaN,
        "Write Off": 0.0,
        "Operating Income": -1398450.0,
        "Operating Expense": 1130971.0,
        "Provision For Doubtful Accounts": 10305.0,
        "Selling General And Administration": 1120666.0,
        "Selling And Marketing Expense": 56330.0,
        "General And Administrative Expense": 1064336.0,
        "Other Gand A": 1064336.0,
        "Salaries And Wages": 0.0,
        "Gross Profit": -267479.0,
        "Cost Of Revenue": 714054.0,
        "Total Revenue": 446575.0,
        "Operating Revenue": 446575.0
    },
    "2024-06-30": {
        "Tax Effect Of Unusual Items": 0.0,
        "Tax Rate For Calcs": 0.0,
        "Normalized EBITDA": -782582.0,
        "Total Unusual Items": -160690.0,
        "Total Unusual Items Excluding Goodwill": -160690.0,
        "Net Income From Continuing Operation Net Minority Interest": -757855.0,
        "Reconciled Depreciation": 18223.0,
        "Reconciled Cost Of Revenue": 921068.0,
        "EBITDA": -943272.0,
        "EBIT": -961495.0,
        "Normalized Income": -597165.0,
        "Net Income From Continuing And Discontinued Operation": -757855.0,
        "Total Expenses": 1794435.0,
        "Total Operating Income As Reported": -961495.0,
        "Diluted Average Shares": NaN,
        "Basic Average Shares": NaN,
        "Diluted EPS": NaN,
        "Basic EPS": NaN,
        "Diluted NI Availto Com Stockholders": -757855.0,
        "Net Income Common Stockholders": -757855.0,
        "Net Income": -757855.0,
        "Minority Interests": 160952.0,
        "Net Income Including Noncontrolling Interests": -918807.0,
        "Net Income Continuous Operations": -918807.0,
        "Tax Provision": 0.0,
        "Pretax Income": -918807.0,
        "Other Income Expense": -142938.0,
        "Other Non Operating Income Expenses": 17752.0,
        "Special Income Charges": -40698.0,
        "Gain On Sale Of Business": -40698.0,
        "Other Special Charges": NaN,
        "Write Off": 0.0,
        "Operating Income": -961495.0,
        "Operating Expense": 873367.0,
        "Provision For Doubtful Accounts": 21714.0,
        "Selling General And Administration": 851653.0,
        "Selling And Marketing Expense": 84020.0,
        "General And Administrative Expense": 767633.0,
        "Other Gand A": 767633.0,
        "Salaries And Wages": 0.0,
        "Gross Profit": -88128.0,
        "Cost Of Revenue": 921068.0,
        "Total Revenue": 832940.0,
        "Operating Revenue": 832940.0
    },
    "2024-09-30": {
        "Tax Effect Of Unusual Items": 0.0,
        "Tax Rate For Calcs": 0.0,
        "Normalized EBITDA": -1007533.0,
        "Total Unusual Items": 0.0,
        "Total Unusual Items Excluding Goodwill": 0.0,
        "Net Income From Continuing Operation Net Minority Interest": -961789.0,
        "Reconciled Depreciation": 17919.0,
        "Reconciled Cost Of Revenue": 773317.0,
        "EBITDA": -1007533.0,
        "EBIT": -1025452.0,
        "Normalized Income": -961789.0,
        "Net Income From Continuing And Discontinued Operation": -961789.0,
        "Total Expenses": 1526854.0,
        "Total Operating Income As Reported": -1025452.0,
        "Diluted Average Shares": 3503492.0,
        "Basic Average Shares": 3503492.0,
        "Diluted EPS": -0.27,
        "Basic EPS": -0.27,
        "Diluted NI Availto Com Stockholders": -961789.0,
        "Net Income Common Stockholders": -961789.0,
        "Net Income": -961789.0,
        "Minority Interests": 42546.0,
        "Net Income Including Noncontrolling Interests": -1004335.0,
        "Net Income Continuous Operations": -1004335.0,
        "Tax Provision": 0.0,
        "Pretax Income": -1004335.0,
        "Other Income Expense": 21117.0,
        "Other Non Operating Income Expenses": 21117.0,
        "Special Income Charges": 0.0,
        "Gain On Sale Of Business": NaN,
        "Other Special Charges": NaN,
        "Write Off": 0.0,
        "Operating Income": -1025452.0,
        "Operating Expense": 753537.0,
        "Provision For Doubtful Accounts": 0.0,
        "Selling General And Administration": 753537.0,
        "Selling And Marketing Expense": 62981.0,
        "General And Administrative Expense": 690556.0,
        "Other Gand A": 690556.0,
        "Salaries And Wages": NaN,
        "Gross Profit": -271915.0,
        "Cost Of Revenue": 773317.0,
        "Total Revenue": 501402.0,
        "Operating Revenue": 501402.0
    },
    "2024-12-31": {
        "Tax Effect Of Unusual Items": 0.0,
        "Tax Rate For Calcs": 0.0,
        "Normalized EBITDA": -664973.0,
        "Total Unusual Items": -1030.0,
        "Total Unusual Items Excluding Goodwill": -1030.0,
        "Net Income From Continuing Operation Net Minority Interest": -327797.0,
        "Reconciled Depreciation": 18504.0,
        "Reconciled Cost Of Revenue": 464100.0,
        "EBITDA": -666003.0,
        "EBIT": -684507.0,
        "Normalized Income": -326767.0,
        "Net Income From Continuing And Discontinued Operation": -327797.0,
        "Total Expenses": 1159131.0,
        "Total Operating Income As Reported": -684507.0,
        "Diluted Average Shares": 3503492.0,
        "Basic Average Shares": 3503492.0,
        "Diluted EPS": -0.09,
        "Basic EPS": -0.09,
        "Diluted NI Availto Com Stockholders": -327797.0,
        "Net Income Common Stockholders": -327797.0,
        "Net Income": -327797.0,
        "Minority Interests": 9533.0,
        "Net Income Including Noncontrolling Interests": -337330.0,
        "Net Income Continuous Operations": -337330.0,
        "Tax Provision": 0.0,
        "Pretax Income": -337330.0,
        "Other Income Expense": 347177.0,
        "Other Non Operating Income Expenses": 348207.0,
        "Special Income Charges": -1030.0,
        "Gain On Sale Of Business": -1030.0,
        "Other Special Charges": NaN,
        "Write Off": 0.0,
        "Operating Income": -684507.0,
        "Operating Expense": 695031.0,
        "Provision For Doubtful Accounts": 0.0,
        "Selling General And Administration": 695031.0,
        "Selling And Marketing Expense": 62769.0,
        "General And Administrative Expense": 632262.0,
        "Other Gand A": 632262.0,
        "Salaries And Wages": NaN,
        "Gross Profit": 10524.0,
        "Cost Of Revenue": 464100.0,
        "Total Revenue": 474624.0,
        "Operating Revenue": 474624.0
    }
}