{
    "2022-06-30": {
        "Tax Effect Of Unusual Items": 0.0,
        "Tax Rate For Calcs": 0.0,
        "Normalized EBITDA": -19170000.0,
        "Total Unusual Items": -1046000.0,
        "Total Unusual Items Excluding Goodwill": -1046000.0,
        "Net Income From Continuing Operation Net Minority Interest": -20216000.0,
        "Reconciled Depreciation": 27000.0,
        "Reconciled Cost Of Revenue": 27000.0,
        "EBITDA": -20216000.0,
        "EBIT": -20216000.0,
        "Net Interest Income": 0.0,
        "Interest Expense": 0.0,
        "Interest Income": NaN,
        "Normalized Income": -19170000.0,
        "Net Income From Continuing And Discontinued Operation": -20216000.0,
        "Total Expenses": 14278000.0,
        "Diluted Average Shares": 100659839.0,
        "Basic Average Shares": 100659839.0,
        "Diluted EPS": -0.21,
        "Basic EPS": -0.21,
        "Diluted NI Availto Com Stockholders": -20216000.0,
        "Net Income Common Stockholders": -20216000.0,
        "Net Income": -20216000.0,
        "Net Income Including Noncontrolling Interests": -20216000.0,
        "Net Income Continuous Operations": -20216000.0,
        "Pretax Income": -20216000.0,
        "Other Income Expense": -5938000.0,
        "Other Non Operating Income Expenses": -4892000.0,
        "Gain On Sale Of Security": -1046000.0,
        "Net Non Operating Interest Income Expense": 0.0,
        "Total Other Finance Cost": NaN,
        "Interest Expense Non Operating": 0.0,
        "Interest Income Non Operating": NaN,
        "Operating Income": -14278000.0,
        "Operating Expense": 14251000.0,
        "Other Taxes": NaN,
        "Selling General And Administration": 14251000.0,
        "General And Administrative Expense": 14251000.0,
        "Other Gand A": 2949000.0,
        "Insurance And Claims": NaN,
        "Salaries And Wages": 11302000.0,
        "Gross Profit": -27000.0,
        "Cost Of Revenue": 27000.0,
        "Total Revenue": 0.0,
        "Operating Revenue": 0.0
    },
    "2022-12-31": {
        "Tax Effect Of Unusual Items": 0.0,
        "Tax Rate For Calcs": 0.0,
        "Normalized EBITDA": -69087000.0,
        "Total Unusual Items": -10160000.0,
        "Total Unusual Items Excluding Goodwill": -10160000.0,
        "Net Income From Continuing Operation Net Minority Interest": -80367000.0,
        "Reconciled Depreciation": 38000.0,
        "Reconciled Cost Of Revenue": 102000.0,
        "EBITDA": -79247000.0,
        "EBIT": -79285000.0,
        "Net Interest Income": 5834000.0,
        "Interest Expense": 1082000.0,
        "Interest Income": 6916000.0,
        "Normalized Income": -70207000.0,
        "Net Income From Continuing And Discontinued Operation": -80367000.0,
        "Total Expenses": 80933000.0,
        "Diluted Average Shares": NaN,
        "Basic Average Shares": NaN,
        "Diluted EPS": NaN,
        "Basic EPS": NaN,
        "Diluted NI Availto Com Stockholders": -80367000.0,
        "Net Income Common Stockholders": -80367000.0,
        "Net Income": -80367000.0,
        "Net Income Including Noncontrolling Interests": -80367000.0,
        "Net Income Continuous Operations": -80367000.0,
        "Tax Provision": NaN,
        "Pretax Income": -80367000.0,
        "Other Income Expense": -5268000.0,
        "Special Income Charges": NaN,
        "Gain On Sale Of Security": -11208000.0,
        "Net Non Operating Interest Income Expense": 5834000.0,
        "Total Other Finance Cost": NaN,
        "Interest Expense Non Operating": 1082000.0,
        "Interest Income Non Operating": 6916000.0,
        "Operating Income": -80933000.0,
        "Operating Expense": 80831000.0,
        "Other Operating Expenses": NaN,
        "Other Taxes": NaN,
        "Selling General And Administration": 79783000.0,
        "Selling And Marketing Expense": NaN,
        "General And Administrative Expense": 79783000.0,
        "Other Gand A": 1501000.0,
        "Insurance And Claims": NaN,
        "Salaries And Wages": 76764000.0,
        "Gross Profit": -102000.0,
        "Cost Of Revenue": 102000.0,
        "Total Revenue": 0.0,
        "Operating Revenue": 0.0
    },
    "2022-09-30": {
        "Tax Effect Of Unusual Items": NaN,
        "Tax Rate For Calcs": NaN,
        "Normalized EBITDA": NaN,
        "Total Unusual Items": NaN,
        "Total Unusual Items Excluding Goodwill": NaN,
        "Net Income From Continuing Operation Net Minority Interest": NaN,
        "Reconciled Depreciation": NaN,
        "Reconciled Cost Of Revenue": NaN,
        "EBITDA": NaN,
        "EBIT": NaN,
        "Net Interest Income": NaN,
        "Interest Expense": NaN,
        "Interest Income": NaN,
        "Normalized Income": NaN,
        "Net Income From Continuing And Discontinued Operation": NaN,
        "Total Expenses": NaN,
        "Rent Expense Supplemental": NaN,
        "Total Operating Income As Reported": NaN,
        "Diluted Average Shares": 100740728.0,
        "Basic Average Shares": 100740728.0,
        "Diluted EPS": -0.13,
        "Basic EPS": -0.13,
        "Diluted NI Availto Com Stockholders": NaN,
        "Net Income Common Stockholders": NaN,
        "Net Income": NaN,
        "Net Income Including Noncontrolling Interests": NaN,
        "Net Income Continuous Operations": NaN,
        "Tax Provision": 0.0,
        "Pretax Income": NaN,
        "Other Income Expense": NaN,
        "Special Income Charges": -1048000.0,
        "Other Special Charges": 1048000.0,
        "Gain On Sale Of Security": NaN,
        "Net Non Operating Interest Income Expense": NaN,
        "Total Other Finance Cost": NaN,
        "Interest Expense Non Operating": NaN,
        "Interest Income Non Operating": NaN,
        "Operating Income": NaN,
        "Operating Expense": NaN,
        "Other Operating Expenses": NaN,
        "Other Taxes": NaN,
        "Depreciation Amortization Depletion Income Statement": NaN,
        "Depreciation And Amortization In Income Statement": NaN,
        "Depreciation Income Statement": NaN,
        "Selling General And Administration": NaN,
        "Selling And Marketing Expense": 0.0,
        "General And Administrative Expense": NaN,
        "Other Gand A": NaN,
        "Insurance And Claims": NaN,
        "Salaries And Wages": NaN,
        "Gross Profit": NaN,
        "Cost Of Revenue": NaN,
        "Total Revenue": NaN,
        "Operating Revenue": NaN
    },
    "2022-03-31": {
        "Diluted EPS": -0.08,
        "Total Revenue": NaN,
        "Gross Profit": NaN,
        "Operating Income": -10,
        "EBIT": -10,
        "Net Income": -8
    },
    "2021-09-30": {
        "Diluted EPS": -0.1,
        "Total Revenue": NaN,
        "Gross Profit": NaN,
        "Operating Income": -9,
        "EBIT": -9,
        "Net Income": -9
    },
    "2023-03-31": {
        "Tax Effect Of Unusual Items": NaN,
        "Tax Rate For Calcs": NaN,
        "Normalized EBITDA": NaN,
        "Total Unusual Items": NaN,
        "Total Unusual Items Excluding Goodwill": NaN,
        "Net Income From Continuing Operation Net Minority Interest": NaN,
        "Reconciled Depreciation": NaN,
        "Reconciled Cost Of Revenue": NaN,
        "EBITDA": NaN,
        "EBIT": NaN,
        "Net Interest Income": NaN,
        "Interest Expense": NaN,
        "Interest Income": NaN,
        "Normalized Income": NaN,
        "Net Income From Continuing And Discontinued Operation": NaN,
        "Total Expenses": NaN,
        "Rent Expense Supplemental": 0.0,
        "Total Operating Income As Reported": -34041000.0,
        "Diluted Average Shares": NaN,
        "Basic Average Shares": NaN,
        "Diluted EPS": NaN,
        "Basic EPS": NaN,
        "Diluted NI Availto Com Stockholders": NaN,
        "Net Income Common Stockholders": NaN,
        "Net Income": NaN,
        "Net Income Including Noncontrolling Interests": NaN,
        "Net Income Continuous Operations": NaN,
        "Tax Provision": NaN,
        "Pretax Income": NaN,
        "Other Income Expense": NaN,
        "Special Income Charges": NaN,
        "Restructuring And Mergern Acquisition": NaN,
        "Gain On Sale Of Security": NaN,
        "Net Non Operating Interest Income Expense": NaN,
        "Total Other Finance Cost": NaN,
        "Interest Expense Non Operating": NaN,
        "Interest Income Non Operating": NaN,
        "Operating Income": NaN,
        "Operating Expense": NaN,
        "Other Operating Expenses": NaN,
        "Other Taxes": NaN,
        "Depreciation Amortization Depletion Income Statement": NaN,
        "Depreciation And Amortization In Income Statement": NaN,
        "Depreciation Income Statement": NaN,
        "Research And Development": 748000.0,
        "Selling General And Administration": NaN,
        "Selling And Marketing Expense": NaN,
        "General And Administrative Expense": NaN,
        "Other Gand A": NaN,
        "Insurance And Claims": NaN,
        "Salaries And Wages": NaN,
        "Gross Profit": NaN,
        "Cost Of Revenue": NaN,
        "Total Revenue": NaN,
        "Operating Revenue": NaN
    },
    "2023-06-30": {
        "Tax Effect Of Unusual Items": NaN,
        "Tax Rate For Calcs": NaN,
        "Normalized EBITDA": NaN,
        "Total Unusual Items": NaN,
        "Total Unusual Items Excluding Goodwill": NaN,
        "Net Income From Continuing Operation Net Minority Interest": NaN,
        "Reconciled Depreciation": NaN,
        "Reconciled Cost Of Revenue": NaN,
        "EBITDA": NaN,
        "EBIT": NaN,
        "Net Interest Income": NaN,
        "Interest Expense": NaN,
        "Interest Income": NaN,
        "Normalized Income": NaN,
        "Net Income From Continuing And Discontinued Operation": NaN,
        "Total Expenses": NaN,
        "Rent Expense Supplemental": NaN,
        "Total Operating Income As Reported": -45499000.0,
        "Diluted Average Shares": 102440868.0,
        "Basic Average Shares": 102440868.0,
        "Diluted EPS": -0.43,
        "Basic EPS": -0.43,
        "Diluted NI Availto Com Stockholders": NaN,
        "Net Income Common Stockholders": NaN,
        "Net Income": NaN,
        "Net Income Including Noncontrolling Interests": NaN,
        "Net Income Continuous Operations": NaN,
        "Tax Provision": NaN,
        "Pretax Income": NaN,
        "Other Income Expense": NaN,
        "Special Income Charges": NaN,
        "Restructuring And Mergern Acquisition": NaN,
        "Gain On Sale Of Security": NaN,
        "Net Non Operating Interest Income Expense": NaN,
        "Total Other Finance Cost": NaN,
        "Interest Expense Non Operating": NaN,
        "Interest Income Non Operating": NaN,
        "Operating Income": NaN,
        "Operating Expense": NaN,
        "Other Operating Expenses": NaN,
        "Other Taxes": 925000.0,
        "Depreciation Amortization Depletion Income Statement": 41000.0,
        "Depreciation And Amortization In Income Statement": 41000.0,
        "Depreciation Income Statement": 41000.0,
        "Research And Development": 893000.0,
        "Selling General And Administration": NaN,
        "Selling And Marketing Expense": NaN,
        "General And Administrative Expense": NaN,
        "Other Gand A": NaN,
        "Insurance And Claims": 1538000.0,
        "Salaries And Wages": NaN,
        "Gross Profit": NaN,
        "Cost Of Revenue": NaN,
        "Total Revenue": NaN,
        "Operating Revenue": NaN
    },
    "2023-09-30": {
        "Tax Effect Of Unusual Items": NaN,
        "Tax Rate For Calcs": NaN,
        "Normalized EBITDA": NaN,
        "Total Unusual Items": NaN,
        "Total Unusual Items Excluding Goodwill": NaN,
        "Net Income From Continuing Operation Net Minority Interest": NaN,
        "Reconciled Depreciation": NaN,
        "Reconciled Cost Of Revenue": NaN,
        "EBITDA": NaN,
        "EBIT": NaN,
        "Net Interest Income": NaN,
        "Interest Expense": NaN,
        "Interest Income": NaN,
        "Normalized Income": NaN,
        "Net Income From Continuing And Discontinued Operation": NaN,
        "Total Expenses": NaN,
        "Rent Expense Supplemental": NaN,
        "Total Operating Income As Reported": NaN,
        "Diluted Average Shares": NaN,
        "Basic Average Shares": NaN,
        "Diluted EPS": NaN,
        "Basic EPS": NaN,
        "Diluted NI Availto Com Stockholders": NaN,
        "Net Income Common Stockholders": NaN,
        "Net Income": NaN,
        "Net Income Including Noncontrolling Interests": NaN,
        "Net Income Continuous Operations": NaN,
        "Tax Provision": NaN,
        "Pretax Income": NaN,
        "Other Income Expense": NaN,
        "Special Income Charges": 0.0,
        "Restructuring And Mergern Acquisition": 0.0,
        "Gain On Sale Of Security": NaN,
        "Net Non Operating Interest Income Expense": NaN,
        "Total Other Finance Cost": NaN,
        "Interest Expense Non Operating": NaN,
        "Interest Income Non Operating": NaN,
        "Operating Income": NaN,
        "Operating Expense": NaN,
        "Other Operating Expenses": NaN,
        "Other Taxes": NaN,
        "Depreciation Amortization Depletion Income Statement": NaN,
        "Depreciation And Amortization In Income Statement": NaN,
        "Depreciation Income Statement": NaN,
        "Research And Development": NaN,
        "Selling General And Administration": NaN,
        "Selling And Marketing Expense": NaN,
        "General And Administrative Expense": NaN,
        "Other Gand A": NaN,
        "Insurance And Claims": NaN,
        "Salaries And Wages": NaN,
        "Gross Profit": NaN,
        "Cost Of Revenue": NaN,
        "Total Revenue": NaN,
        "Operating Revenue": NaN
    },
    "2023-12-31": {
        "Tax Effect Of Unusual Items": 143910.105535,
        "Tax Rate For Calcs": 0.032647,
        "Normalized EBITDA": -7207000.0,
        "Total Unusual Items": 4408000.0,
        "Total Unusual Items Excluding Goodwill": 4408000.0,
        "Net Income From Continuing Operation Net Minority Interest": -12741000.0,
        "Reconciled Depreciation": 3208000.0,
        "Reconciled Cost Of Revenue": 45239000.0,
        "EBITDA": -2799000.0,
        "EBIT": -6007000.0,
        "Net Interest Income": -5450000.0,
        "Interest Expense": 7164000.0,
        "Interest Income": -292000.0,
        "Normalized Income": -17005089.894465,
        "Net Income From Continuing And Discontinued Operation": -12741000.0,
        "Total Expenses": 63541000.0,
        "Rent Expense Supplemental": NaN,
        "Total Operating Income As Reported": NaN,
        "Diluted Average Shares": NaN,
        "Basic Average Shares": NaN,
        "Diluted EPS": NaN,
        "Basic EPS": NaN,
        "Diluted NI Availto Com Stockholders": -12741000.0,
        "Net Income Common Stockholders": -12741000.0,
        "Net Income": -12741000.0,
        "Net Income Including Noncontrolling Interests": -12741000.0,
        "Net Income Continuous Operations": -12741000.0,
        "Tax Provision": -430000.0,
        "Pretax Income": -13171000.0,
        "Other Income Expense": 4514000.0,
        "Special Income Charges": NaN,
        "Restructuring And Mergern Acquisition": NaN,
        "Gain On Sale Of Security": 4408000.0,
        "Net Non Operating Interest Income Expense": -5450000.0,
        "Total Other Finance Cost": -2006000.0,
        "Interest Expense Non Operating": 7164000.0,
        "Interest Income Non Operating": -292000.0,
        "Operating Income": -12235000.0,
        "Operating Expense": 18302000.0,
        "Other Operating Expenses": -292000.0,
        "Other Taxes": NaN,
        "Depreciation Amortization Depletion Income Statement": NaN,
        "Depreciation And Amortization In Income Statement": NaN,
        "Depreciation Income Statement": NaN,
        "Research And Development": NaN,
        "Selling General And Administration": 14060000.0,
        "Selling And Marketing Expense": 5608000.0,
        "General And Administrative Expense": 8452000.0,
        "Other Gand A": -14399000.0,
        "Insurance And Claims": NaN,
        "Salaries And Wages": 17065000.0,
        "Gross Profit": 6067000.0,
        "Cost Of Revenue": 45239000.0,
        "Total Revenue": 51306000.0,
        "Operating Revenue": 51306000.0
    },
    "2024-03-31": {
        "Tax Effect Of Unusual Items": NaN,
        "Tax Rate For Calcs": NaN,
        "Normalized EBITDA": NaN,
        "Total Unusual Items": NaN,
        "Total Unusual Items Excluding Goodwill": NaN,
        "Net Income From Continuing Operation Net Minority Interest": NaN,
        "Reconciled Depreciation": NaN,
        "Reconciled Cost Of Revenue": NaN,
        "EBITDA": NaN,
        "EBIT": NaN,
        "Net Interest Income": NaN,
        "Interest Expense": NaN,
        "Interest Income": NaN,
        "Normalized Income": NaN,
        "Net Income From Continuing And Discontinued Operation": NaN,
        "Total Expenses": NaN,
        "Rent Expense Supplemental": NaN,
        "Total Operating Income As Reported": -315000.0,
        "Diluted Average Shares": NaN,
        "Basic Average Shares": NaN,
        "Diluted EPS": NaN,
        "Basic EPS": NaN,
        "Diluted NI Availto Com Stockholders": NaN,
        "Net Income Common Stockholders": NaN,
        "Net Income": NaN,
        "Net Income Including Noncontrolling Interests": NaN,
        "Net Income Continuous Operations": NaN,
        "Tax Provision": NaN,
        "Pretax Income": NaN,
        "Other Income Expense": NaN,
        "Special Income Charges": NaN,
        "Write Off": NaN,
        "Restructuring And Mergern Acquisition": NaN,
        "Gain On Sale Of Security": NaN,
        "Net Non Operating Interest Income Expense": NaN,
        "Total Other Finance Cost": NaN,
        "Interest Expense Non Operating": NaN,
        "Interest Income Non Operating": NaN,
        "Operating Income": NaN,
        "Operating Expense": NaN,
        "Other Operating Expenses": NaN,
        "Other Taxes": NaN,
        "Depreciation Amortization Depletion Income Statement": NaN,
        "Depreciation And Amortization In Income Statement": NaN,
        "Depreciation Income Statement": NaN,
        "Research And Development": 276000.0,
        "Selling General And Administration": NaN,
        "Selling And Marketing Expense": NaN,
        "General And Administrative Expense": NaN,
        "Other Gand A": NaN,
        "Insurance And Claims": NaN,
        "Salaries And Wages": NaN,
        "Gross Profit": NaN,
        "Cost Of Revenue": NaN,
        "Total Revenue": NaN,
        "Operating Revenue": NaN
    },
    "2024-06-30": {
        "Tax Effect Of Unusual Items": NaN,
        "Tax Rate For Calcs": NaN,
        "Normalized EBITDA": NaN,
        "Total Unusual Items": NaN,
        "Total Unusual Items Excluding Goodwill": NaN,
        "Net Income From Continuing Operation Net Minority Interest": NaN,
        "Reconciled Depreciation": NaN,
        "Reconciled Cost Of Revenue": NaN,
        "EBITDA": NaN,
        "EBIT": NaN,
        "Net Interest Income": NaN,
        "Interest Expense": NaN,
        "Interest Income": NaN,
        "Normalized Income": NaN,
        "Net Income From Continuing And Discontinued Operation": NaN,
        "Total Expenses": NaN,
        "Rent Expense Supplemental": 399000.0,
        "Total Operating Income As Reported": 5606000.0,
        "Diluted Average Shares": NaN,
        "Basic Average Shares": NaN,
        "Diluted EPS": NaN,
        "Basic EPS": NaN,
        "Diluted NI Availto Com Stockholders": NaN,
        "Net Income Common Stockholders": NaN,
        "Net Income": NaN,
        "Net Income Including Noncontrolling Interests": NaN,
        "Net Income Continuous Operations": NaN,
        "Tax Provision": NaN,
        "Pretax Income": NaN,
        "Other Income Expense": NaN,
        "Special Income Charges": NaN,
        "Write Off": NaN,
        "Restructuring And Mergern Acquisition": NaN,
        "Gain On Sale Of Security": NaN,
        "Net Non Operating Interest Income Expense": NaN,
        "Total Other Finance Cost": NaN,
        "Interest Expense Non Operating": NaN,
        "Interest Income Non Operating": NaN,
        "Operating Income": NaN,
        "Operating Expense": NaN,
        "Other Operating Expenses": NaN,
        "Other Taxes": NaN,
        "Depreciation Amortization Depletion Income Statement": NaN,
        "Depreciation And Amortization In Income Statement": NaN,
        "Depreciation Income Statement": NaN,
        "Research And Development": 209534.934657,
        "Selling General And Administration": NaN,
        "Selling And Marketing Expense": NaN,
        "General And Administrative Expense": NaN,
        "Other Gand A": NaN,
        "Insurance And Claims": 565000.0,
        "Salaries And Wages": NaN,
        "Gross Profit": NaN,
        "Cost Of Revenue": NaN,
        "Total Revenue": NaN,
        "Operating Revenue": NaN
    },
    "2024-09-30": {
        "Tax Effect Of Unusual Items": -714000.0,
        "Tax Rate For Calcs": 0.34,
        "Normalized EBITDA": -13897000.0,
        "Total Unusual Items": -2100000.0,
        "Total Unusual Items Excluding Goodwill": -2100000.0,
        "Net Income From Continuing Operation Net Minority Interest": -25098000.0,
        "Reconciled Depreciation": 1929000.0,
        "Reconciled Cost Of Revenue": 27303000.0,
        "EBITDA": -15997000.0,
        "EBIT": -17926000.0,
        "Net Interest Income": -6330000.0,
        "Interest Expense": 6159000.0,
        "Interest Income": 367113.716434,
        "Normalized Income": -23712000.0,
        "Net Income From Continuing And Discontinued Operation": -25098000.0,
        "Total Expenses": 36549000.0,
        "Rent Expense Supplemental": 510702.549072,
        "Total Operating Income As Reported": -15655000.0,
        "Diluted Average Shares": 110821505.0,
        "Basic Average Shares": 110821505.0,
        "Diluted EPS": -0.23,
        "Basic EPS": -0.23,
        "Diluted NI Availto Com Stockholders": -25098000.0,
        "Net Income Common Stockholders": -25098000.0,
        "Net Income": -25098000.0,
        "Net Income Including Noncontrolling Interests": -25098000.0,
        "Net Income Continuous Operations": -25098000.0,
        "Tax Provision": 1013000.0,
        "Pretax Income": -24085000.0,
        "Other Income Expense": -2100000.0,
        "Special Income Charges": 0.0,
        "Write Off": 0.0,
        "Restructuring And Mergern Acquisition": 316783.610149,
        "Gain On Sale Of Security": -2100000.0,
        "Net Non Operating Interest Income Expense": -6330000.0,
        "Total Other Finance Cost": 171000.0,
        "Interest Expense Non Operating": 6159000.0,
        "Interest Income Non Operating": 367113.716434,
        "Operating Income": -15655000.0,
        "Operating Expense": 7317000.0,
        "Other Operating Expenses": 304000.0,
        "Other Taxes": 0.0,
        "Depreciation Amortization Depletion Income Statement": 0.0,
        "Depreciation And Amortization In Income Statement": 0.0,
        "Depreciation Income Statement": 0.0,
        "Research And Development": NaN,
        "Selling General And Administration": 7013000.0,
        "Selling And Marketing Expense": 392000.0,
        "General And Administrative Expense": 6621000.0,
        "Other Gand A": 5252000.0,
        "Insurance And Claims": 544749.385677,
        "Salaries And Wages": 1369000.0,
        "Gross Profit": -8338000.0,
        "Cost Of Revenue": 29232000.0,
        "Total Revenue": 20894000.0,
        "Operating Revenue": 20894000.0
    },
    "2024-12-31": {
        "Tax Effect Of Unusual Items": -4675859.788039,
        "Tax Rate For Calcs": 0.34,
        "Normalized EBITDA": 4934128.827263,
        "Total Unusual Items": -13752528.78835,
        "Total Unusual Items Excluding Goodwill": -13752528.78835,
        "Net Income From Continuing Operation Net Minority Interest": -5608646.303414,
        "Reconciled Depreciation": 3831197.285937,
        "Reconciled Cost Of Revenue": 22576220.596256,
        "EBITDA": -8818399.961086,
        "EBIT": -12649597.247023,
        "Net Interest Income": -7018451.449715,
        "Interest Expense": 5455350.600476,
        "Interest Income": 1160365.777875,
        "Normalized Income": 3468022.696897,
        "Net Income From Continuing And Discontinued Operation": -5608646.303414,
        "Total Expenses": 38022366.296332,
        "Rent Expense Supplemental": 382425.436294,
        "Total Operating Income As Reported": NaN,
        "Diluted Average Shares": 116790000.0,
        "Basic Average Shares": 116790000.0,
        "Diluted EPS": -0.07323,
        "Basic EPS": -0.069677,
        "Diluted NI Availto Com Stockholders": -5608646.303414,
        "Net Income Common Stockholders": -5608646.303414,
        "Net Income": -5608646.303414,
        "Net Income Including Noncontrolling Interests": -5608646.303414,
        "Net Income Continuous Operations": -5608646.303414,
        "Tax Provision": -12496301.544086,
        "Pretax Income": -18104947.847499,
        "Other Income Expense": -13752528.78835,
        "Special Income Charges": -76195.71663,
        "Write Off": NaN,
        "Restructuring And Mergern Acquisition": 76195.71663,
        "Gain On Sale Of Security": -13676333.07172,
        "Net Non Operating Interest Income Expense": -7018451.449715,
        "Total Other Finance Cost": 2723466.627114,
        "Interest Expense Non Operating": 5455350.600476,
        "Interest Income Non Operating": 1160365.777875,
        "Operating Income": 2666032.390566,
        "Operating Expense": 11623499.645089,
        "Other Operating Expenses": 1766478.109748,
        "Other Taxes": 3557500.594491,
        "Depreciation Amortization Depletion Income Statement": 8551.230949,
        "Depreciation And Amortization In Income Statement": 8551.230949,
        "Depreciation Income Statement": 8551.230949,
        "Research And Development": NaN,
        "Selling General And Administration": 6290969.709901,
        "Selling And Marketing Expense": 1371733.532709,
        "General And Administrative Expense": 4919236.177192,
        "Other Gand A": 1833712.58159,
        "Insurance And Claims": 383928.7241,
        "Salaries And Wages": 2701594.871502,
        "Gross Profit": 14289532.035655,
        "Cost Of Revenue": 26398866.651243,
        "Total Revenue": 40688398.686898,
        "Operating Revenue": 40688398.686898
    },
    "2025-03-31": {
        "Tax Effect Of Unusual Items": 2475540.0,
        "Tax Rate For Calcs": 0.34,
        "Normalized EBITDA": 7607000.0,
        "Total Unusual Items": 7281000.0,
        "Total Unusual Items Excluding Goodwill": 7281000.0,
        "Net Income From Continuing Operation Net Minority Interest": 4728000.0,
        "Reconciled Depreciation": 22000.0,
        "Reconciled Cost Of Revenue": 34218000.0,
        "EBITDA": 14888000.0,
        "EBIT": 14866000.0,
        "Net Interest Income": -4286000.0,
        "Interest Expense": 5138000.0,
        "Interest Income": 925000.0,
        "Normalized Income": -77460.0,
        "Net Income From Continuing And Discontinued Operation": 4728000.0,
        "Total Expenses": 40940000.0,
        "Rent Expense Supplemental": 405000.0,
        "Total Operating Income As Reported": NaN,
        "Diluted Average Shares": 111278529.0,
        "Basic Average Shares": 111278529.0,
        "Diluted EPS": 0.042488,
        "Basic EPS": 0.042488,
        "Diluted NI Availto Com Stockholders": 4728000.0,
        "Net Income Common Stockholders": 4728000.0,
        "Net Income": 4728000.0,
        "Net Income Including Noncontrolling Interests": 4728000.0,
        "Net Income Continuous Operations": 4728000.0,
        "Tax Provision": 5000000.0,
        "Pretax Income": 9728000.0,
        "Other Income Expense": 7281000.0,
        "Special Income Charges": NaN,
        "Write Off": NaN,
        "Restructuring And Mergern Acquisition": NaN,
        "Gain On Sale Of Security": 7281000.0,
        "Net Non Operating Interest Income Expense": -4286000.0,
        "Total Other Finance Cost": 73000.0,
        "Interest Expense Non Operating": 5138000.0,
        "Interest Income Non Operating": 925000.0,
        "Operating Income": 6733000.0,
        "Operating Expense": 6722000.0,
        "Other Operating Expenses": 953000.0,
        "Other Taxes": 6000.0,
        "Depreciation Amortization Depletion Income Statement": 22000.0,
        "Depreciation And Amortization In Income Statement": 22000.0,
        "Depreciation Income Statement": 22000.0,
        "Research And Development": NaN,
        "Selling General And Administration": 5741000.0,
        "Selling And Marketing Expense": 378000.0,
        "General And Administrative Expense": 5363000.0,
        "Other Gand A": 2802000.0,
        "Insurance And Claims": 519000.0,
        "Salaries And Wages": 2042000.0,
        "Gross Profit": 13455000.0,
        "Cost Of Revenue": 34218000.0,
        "Total Revenue": 47673000.0,
        "Operating Revenue": 47673000.0
    },
    "2025-06-30": {
        "Tax Effect Of Unusual Items": 0.0,
        "Tax Rate For Calcs": 0.0,
        "Normalized EBITDA": -11744000.0,
        "Total Unusual Items": -1979000.0,
        "Total Unusual Items Excluding Goodwill": -1979000.0,
        "Net Income From Continuing Operation Net Minority Interest": -18859000.0,
        "Reconciled Depreciation": 29000.0,
        "Reconciled Cost Of Revenue": 23564000.0,
        "EBITDA": -13723000.0,
        "EBIT": -13752000.0,
        "Net Interest Income": -4522000.0,
        "Interest Expense": 5107000.0,
        "Interest Income": 685000.0,
        "Normalized Income": -16880000.0,
        "Net Income From Continuing And Discontinued Operation": -18859000.0,
        "Total Expenses": 29246000.0,
        "Rent Expense Supplemental": 240000.0,
        "Total Operating Income As Reported": -20158000.0,
        "Diluted Average Shares": 111280482.0,
        "Basic Average Shares": 111280482.0,
        "Diluted EPS": -0.17,
        "Basic EPS": -0.17,
        "Diluted NI Availto Com Stockholders": -18859000.0,
        "Net Income Common Stockholders": -18859000.0,
        "Net Income": -18859000.0,
        "Net Income Including Noncontrolling Interests": -18859000.0,
        "Net Income Continuous Operations": -18859000.0,
        "Tax Provision": 0.0,
        "Pretax Income": -18859000.0,
        "Other Income Expense": -1979000.0,
        "Special Income Charges": -7859000.0,
        "Write Off": 7859000.0,
        "Restructuring And Mergern Acquisition": NaN,
        "Gain On Sale Of Security": 5880000.0,
        "Net Non Operating Interest Income Expense": -4522000.0,
        "Total Other Finance Cost": 100000.0,
        "Interest Expense Non Operating": 5107000.0,
        "Interest Income Non Operating": 685000.0,
        "Operating Income": -12358000.0,
        "Operating Expense": 5682000.0,
        "Other Operating Expenses": 684000.0,
        "Other Taxes": 8000.0,
        "Depreciation Amortization Depletion Income Statement": 29000.0,
        "Depreciation And Amortization In Income Statement": 29000.0,
        "Depreciation Income Statement": 29000.0,
        "Research And Development": NaN,
        "Selling General And Administration": 4961000.0,
        "Selling And Marketing Expense": 359000.0,
        "General And Administrative Expense": 4602000.0,
        "Other Gand A": 2235000.0,
        "Insurance And Claims": 524000.0,
        "Salaries And Wages": 1843000.0,
        "Gross Profit": -6676000.0,
        "Cost Of Revenue": 23564000.0,
        "Total Revenue": 16888000.0,
        "Operating Revenue": 16888000.0
    },
    "2025-09-30": {
        "Tax Effect Of Unusual Items": 29934.0,
        "Tax Rate For Calcs": 0.009,
        "Normalized EBITDA": -6043000.0,
        "Total Unusual Items": 3326000.0,
        "Total Unusual Items Excluding Goodwill": 3326000.0,
        "Net Income From Continuing Operation Net Minority Interest": -11575000.0,
        "Reconciled Depreciation": 2825000.0,
        "Reconciled Cost Of Revenue": 27266000.0,
        "EBITDA": -2717000.0,
        "EBIT": -5542000.0,
        "Net Interest Income": -5938000.0,
        "Interest Expense": 6136000.0,
        "Interest Income": 629000.0,
        "Normalized Income": -14871066.0,
        "Net Income From Continuing And Discontinued Operation": -11575000.0,
        "Total Expenses": 37615000.0,
        "Rent Expense Supplemental": NaN,
        "Total Operating Income As Reported": -9066000.0,
        "Diluted Average Shares": 111307968.0,
        "Basic Average Shares": 111307968.0,
        "Diluted EPS": -0.1,
        "Basic EPS": -0.1,
        "Diluted NI Availto Com Stockholders": -11575000.0,
        "Net Income Common Stockholders": -11575000.0,
        "Net Income": -11575000.0,
        "Net Income Including Noncontrolling Interests": -11575000.0,
        "Net Income Continuous Operations": -11575000.0,
        "Tax Provision": -103000.0,
        "Pretax Income": -11678000.0,
        "Other Income Expense": 3326000.0,
        "Special Income Charges": 0.0,
        "Write Off": 0.0,
        "Restructuring And Mergern Acquisition": NaN,
        "Gain On Sale Of Security": 3326000.0,
        "Net Non Operating Interest Income Expense": -5938000.0,
        "Total Other Finance Cost": 431000.0,
        "Interest Expense Non Operating": 6136000.0,
        "Interest Income Non Operating": 629000.0,
        "Operating Income": -9066000.0,
        "Operating Expense": 7533000.0,
        "Other Operating Expenses": 999000.0,
        "Other Taxes": 1360000.0,
        "Depreciation Amortization Depletion Income Statement": 9000.0,
        "Depreciation And Amortization In Income Statement": 9000.0,
        "Depreciation Income Statement": 9000.0,
        "Research And Development": NaN,
        "Selling General And Administration": 5165000.0,
        "Selling And Marketing Expense": 189000.0,
        "General And Administrative Expense": 4976000.0,
        "Other Gand A": 4523000.0,
        "Insurance And Claims": NaN,
        "Salaries And Wages": 453000.0,
        "Gross Profit": -1533000.0,
        "Cost Of Revenue": 30082000.0,
        "Total Revenue": 28549000.0,
        "Operating Revenue": 28549000.0
    }
}