{
    "2023-06-30": {
        "Tax Effect Of Unusual Items": NaN,
        "Tax Rate For Calcs": NaN,
        "Normalized EBITDA": NaN,
        "Total Unusual Items": NaN,
        "Total Unusual Items Excluding Goodwill": NaN,
        "Net Income From Continuing Operation Net Minority Interest": NaN,
        "Reconciled Depreciation": NaN,
        "Reconciled Cost Of Revenue": NaN,
        "EBITDA": NaN,
        "EBIT": NaN,
        "Net Interest Income": NaN,
        "Interest Expense": NaN,
        "Interest Income": NaN,
        "Normalized Income": NaN,
        "Net Income From Continuing And Discontinued Operation": NaN,
        "Total Expenses": NaN,
        "Diluted Average Shares": NaN,
        "Basic Average Shares": NaN,
        "Diluted EPS": NaN,
        "Basic EPS": NaN,
        "Diluted NI Availto Com Stockholders": NaN,
        "Net Income Common Stockholders": NaN,
        "Otherunder Preferred Stock Dividend": NaN,
        "Net Income": NaN,
        "Minority Interests": NaN,
        "Net Income Including Noncontrolling Interests": NaN,
        "Net Income Continuous Operations": NaN,
        "Tax Provision": NaN,
        "Pretax Income": NaN,
        "Special Income Charges": NaN,
        "Other Special Charges": NaN,
        "Write Off": 2164000000.0,
        "Impairment Of Capital Assets": 2164000000.0,
        "Net Non Operating Interest Income Expense": NaN,
        "Total Other Finance Cost": -113000000.0,
        "Interest Expense Non Operating": NaN,
        "Interest Income Non Operating": NaN,
        "Operating Income": NaN,
        "Operating Expense": NaN,
        "Other Operating Expenses": NaN,
        "Research And Development": NaN,
        "Selling General And Administration": NaN,
        "General And Administrative Expense": NaN,
        "Gross Profit": NaN,
        "Cost Of Revenue": NaN,
        "Total Revenue": NaN,
        "Operating Revenue": NaN
    },
    "2023-03-31": {
        "Tax Effect Of Unusual Items": NaN,
        "Tax Rate For Calcs": NaN,
        "Normalized EBITDA": NaN,
        "Total Unusual Items": NaN,
        "Total Unusual Items Excluding Goodwill": NaN,
        "Net Income From Continuing Operation Net Minority Interest": NaN,
        "Reconciled Depreciation": NaN,
        "Reconciled Cost Of Revenue": NaN,
        "EBITDA": NaN,
        "EBIT": NaN,
        "Net Interest Income": NaN,
        "Interest Expense": NaN,
        "Interest Income": NaN,
        "Normalized Income": NaN,
        "Net Income From Continuing And Discontinued Operation": NaN,
        "Total Expenses": NaN,
        "Diluted Average Shares": NaN,
        "Basic Average Shares": NaN,
        "Diluted EPS": NaN,
        "Basic EPS": NaN,
        "Diluted NI Availto Com Stockholders": NaN,
        "Net Income Common Stockholders": NaN,
        "Otherunder Preferred Stock Dividend": NaN,
        "Net Income": NaN,
        "Minority Interests": NaN,
        "Net Income Including Noncontrolling Interests": NaN,
        "Net Income Continuous Operations": NaN,
        "Tax Provision": NaN,
        "Pretax Income": NaN,
        "Special Income Charges": NaN,
        "Other Special Charges": NaN,
        "Write Off": 589000000.0,
        "Impairment Of Capital Assets": 589000000.0,
        "Net Non Operating Interest Income Expense": NaN,
        "Total Other Finance Cost": -171000000.0,
        "Interest Expense Non Operating": NaN,
        "Interest Income Non Operating": NaN,
        "Operating Income": NaN,
        "Operating Expense": NaN,
        "Other Operating Expenses": NaN,
        "Research And Development": NaN,
        "Selling General And Administration": NaN,
        "General And Administrative Expense": NaN,
        "Gross Profit": NaN,
        "Cost Of Revenue": NaN,
        "Total Revenue": NaN,
        "Operating Revenue": NaN
    },
    "2022-12-31": {
        "Tax Effect Of Unusual Items": 33428606.178545,
        "Tax Rate For Calcs": 0.363354,
        "Normalized EBITDA": 19142000000.0,
        "Total Unusual Items": 92000000.0,
        "Total Unusual Items Excluding Goodwill": 92000000.0,
        "Net Income From Continuing Operation Net Minority Interest": 10410000000.0,
        "Reconciled Depreciation": 1867000000.0,
        "Reconciled Cost Of Revenue": 79167000000.0,
        "EBITDA": 19234000000.0,
        "EBIT": 17367000000.0,
        "Net Interest Income": -478000000.0,
        "Interest Expense": 923000000.0,
        "Interest Income": 445000000.0,
        "Normalized Income": 10351428606.178545,
        "Net Income From Continuing And Discontinued Operation": 10410000000.0,
        "Total Expenses": 83710000000.0,
        "Diluted Average Shares": 3563600000.0,
        "Basic Average Shares": 3531950000.0,
        "Diluted EPS": 2.92,
        "Basic EPS": 2.94,
        "Diluted NI Availto Com Stockholders": 10410000000.0,
        "Net Income Common Stockholders": 10410000000.0,
        "Otherunder Preferred Stock Dividend": 0.0,
        "Net Income": 10410000000.0,
        "Minority Interests": -60000000.0,
        "Net Income Including Noncontrolling Interests": 10469000000.0,
        "Net Income Continuous Operations": 10469000000.0,
        "Tax Provision": 5975000000.0,
        "Pretax Income": 16444000000.0,
        "Special Income Charges": 21000000.0,
        "Other Special Charges": -21000000.0,
        "Impairment Of Capital Assets": NaN,
        "Net Non Operating Interest Income Expense": -478000000.0,
        "Total Other Finance Cost": NaN,
        "Interest Expense Non Operating": 923000000.0,
        "Interest Income Non Operating": 445000000.0,
        "Operating Income": 17593000000.0,
        "Operating Expense": 4543000000.0,
        "Other Operating Expenses": 649000000.0,
        "Research And Development": 403000000.0,
        "Selling General And Administration": 3491000000.0,
        "General And Administrative Expense": 3491000000.0,
        "Gross Profit": 22136000000.0,
        "Cost Of Revenue": 79167000000.0,
        "Total Revenue": 101303000000.0,
        "Operating Revenue": 101303000000.0
    },
    "2022-09-30": {
        "Tax Effect Of Unusual Items": NaN,
        "Tax Rate For Calcs": NaN,
        "Normalized EBITDA": NaN,
        "Total Unusual Items": NaN,
        "Total Unusual Items Excluding Goodwill": NaN,
        "Net Income From Continuing Operation Net Minority Interest": NaN,
        "Reconciled Depreciation": NaN,
        "Reconciled Cost Of Revenue": NaN,
        "EBITDA": NaN,
        "EBIT": NaN,
        "Net Interest Income": NaN,
        "Interest Expense": NaN,
        "Interest Income": NaN,
        "Normalized Income": NaN,
        "Net Income From Continuing And Discontinued Operation": NaN,
        "Total Expenses": NaN,
        "Diluted Average Shares": NaN,
        "Basic Average Shares": NaN,
        "Diluted EPS": NaN,
        "Basic EPS": NaN,
        "Diluted NI Availto Com Stockholders": NaN,
        "Net Income Common Stockholders": NaN,
        "Otherunder Preferred Stock Dividend": NaN,
        "Net Income": NaN,
        "Minority Interests": NaN,
        "Net Income Including Noncontrolling Interests": NaN,
        "Net Income Continuous Operations": NaN,
        "Tax Provision": NaN,
        "Pretax Income": NaN,
        "Special Income Charges": NaN,
        "Other Special Charges": NaN,
        "Impairment Of Capital Assets": NaN,
        "Net Non Operating Interest Income Expense": NaN,
        "Total Other Finance Cost": -69000000.0,
        "Interest Expense Non Operating": NaN,
        "Interest Income Non Operating": NaN,
        "Operating Income": NaN,
        "Operating Expense": NaN,
        "Other Operating Expenses": NaN,
        "Research And Development": NaN,
        "Selling General And Administration": NaN,
        "General And Administrative Expense": NaN,
        "Gross Profit": NaN,
        "Cost Of Revenue": NaN,
        "Total Revenue": NaN,
        "Operating Revenue": NaN
    },
    "2022-06-30": {
        "Tax Effect Of Unusual Items": 101144801.223242,
        "Tax Rate For Calcs": 0.302829,
        "Normalized EBITDA": 32129000000.0,
        "Total Unusual Items": 334000000.0,
        "Total Unusual Items Excluding Goodwill": 334000000.0,
        "Net Income From Continuing Operation Net Minority Interest": 18040000000.0,
        "Reconciled Depreciation": 5608000000.0,
        "Reconciled Cost Of Revenue": 72669000000.0,
        "EBITDA": 32463000000.0,
        "EBIT": 26855000000.0,
        "Net Interest Income": -400000000.0,
        "Interest Expense": 695000000.0,
        "Interest Income": 295000000.0,
        "Normalized Income": 17807144801.223244,
        "Net Income From Continuing And Discontinued Operation": 18040000000.0,
        "Total Expenses": 76227000000.0,
        "Diluted Average Shares": 3759250000.0,
        "Basic Average Shares": 3726600000.0,
        "Diluted EPS": 4.8,
        "Basic EPS": 4.84,
        "Diluted NI Availto Com Stockholders": 18040000000.0,
        "Net Income Common Stockholders": 18040000000.0,
        "Otherunder Preferred Stock Dividend": 0.0,
        "Net Income": 18040000000.0,
        "Minority Interests": -198000000.0,
        "Net Income Including Noncontrolling Interests": 18238000000.0,
        "Net Income Continuous Operations": 18238000000.0,
        "Tax Provision": 7922000000.0,
        "Pretax Income": 26160000000.0,
        "Special Income Charges": 334000000.0,
        "Other Special Charges": -334000000.0,
        "Impairment Of Capital Assets": NaN,
        "Net Non Operating Interest Income Expense": -400000000.0,
        "Total Other Finance Cost": NaN,
        "Interest Expense Non Operating": 695000000.0,
        "Interest Income Non Operating": 295000000.0,
        "Operating Income": 23832000000.0,
        "Operating Expense": 3558000000.0,
        "Other Operating Expenses": 370000000.0,
        "Research And Development": 264000000.0,
        "Selling General And Administration": 2924000000.0,
        "General And Administrative Expense": 2924000000.0,
        "Gross Profit": 27390000000.0,
        "Cost Of Revenue": 72669000000.0,
        "Total Revenue": 100059000000.0,
        "Operating Revenue": 100059000000.0
    },
    "2022-03-31": {
        "Diluted EPS": 1.86,
        "Total Revenue": NaN,
        "Gross Profit": NaN,
        "Operating Income": NaN,
        "EBIT": NaN,
        "Net Income": NaN
    },
    "2021-12-31": {
        "Diluted EPS": 2.94,
        "Total Revenue": NaN,
        "Gross Profit": NaN,
        "Operating Income": NaN,
        "EBIT": NaN,
        "Net Income": NaN
    },
    "2021-09-30": {
        "Diluted EPS": -0.12,
        "Total Revenue": NaN,
        "Gross Profit": NaN,
        "Operating Income": NaN,
        "EBIT": NaN,
        "Net Income": -447
    },
    "2021-06-30": {
        "Diluted EPS": 0.88,
        "Total Revenue": NaN,
        "Gross Profit": NaN,
        "Operating Income": NaN,
        "EBIT": NaN,
        "Net Income": NaN
    },
    "2021-03-31": {
        "Diluted EPS": 1.44,
        "Total Revenue": NaN,
        "Gross Profit": NaN,
        "Operating Income": NaN,
        "EBIT": NaN,
        "Net Income": NaN
    },
    "2020-12-31": {
        "Diluted EPS": -1.02,
        "Total Revenue": NaN,
        "Gross Profit": NaN,
        "Operating Income": NaN,
        "EBIT": NaN,
        "Net Income": NaN
    },
    "2020-09-30": {
        "Diluted EPS": 0.12,
        "Total Revenue": NaN,
        "Gross Profit": NaN,
        "Operating Income": NaN,
        "EBIT": NaN,
        "Net Income": 489
    },
    "2020-06-30": {
        "Diluted EPS": -4.66,
        "Total Revenue": NaN,
        "Gross Profit": NaN,
        "Operating Income": NaN,
        "EBIT": NaN,
        "Net Income": NaN
    },
    "2020-03-31": {
        "Diluted EPS": 0.0,
        "Total Revenue": NaN,
        "Gross Profit": NaN,
        "Operating Income": NaN,
        "EBIT": NaN,
        "Net Income": -24
    },
    "2019-12-31": {
        "Diluted EPS": 0.24,
        "Total Revenue": NaN,
        "Gross Profit": NaN,
        "Operating Income": NaN,
        "EBIT": NaN,
        "Net Income": 964
    },
    "2019-09-30": {
        "Diluted EPS": 1.46,
        "Total Revenue": NaN,
        "Gross Profit": NaN,
        "Operating Income": NaN,
        "EBIT": NaN,
        "Net Income": NaN
    },
    "2019-06-30": {
        "Diluted EPS": 0.74,
        "Total Revenue": NaN,
        "Gross Profit": NaN,
        "Operating Income": NaN,
        "EBIT": NaN,
        "Net Income": NaN
    },
    "2019-03-31": {
        "Diluted EPS": 1.46,
        "Total Revenue": NaN,
        "Gross Profit": NaN,
        "Operating Income": NaN,
        "EBIT": NaN,
        "Net Income": NaN
    },
    "2018-12-31": {
        "Diluted EPS": 1.36,
        "Total Revenue": NaN,
        "Gross Profit": NaN,
        "Operating Income": NaN,
        "EBIT": NaN,
        "Net Income": NaN
    },
    "2018-09-30": {
        "Diluted EPS": 1.4,
        "Total Revenue": NaN,
        "Gross Profit": NaN,
        "Operating Income": NaN,
        "EBIT": NaN,
        "Net Income": NaN
    },
    "2018-06-30": {
        "Diluted EPS": 1.44,
        "Total Revenue": NaN,
        "Gross Profit": NaN,
        "Operating Income": NaN,
        "EBIT": NaN,
        "Net Income": NaN
    },
    "2018-03-31": {
        "Diluted EPS": 1.4,
        "Total Revenue": NaN,
        "Gross Profit": NaN,
        "Operating Income": NaN,
        "EBIT": NaN,
        "Net Income": NaN
    },
    "2017-12-31": {
        "Diluted EPS": 0.9,
        "Total Revenue": NaN,
        "Gross Profit": NaN,
        "Operating Income": NaN,
        "EBIT": NaN,
        "Net Income": NaN
    },
    "2017-09-30": {
        "Diluted EPS": 0.98,
        "Total Revenue": NaN,
        "Gross Profit": NaN,
        "Operating Income": NaN,
        "EBIT": NaN,
        "Net Income": NaN
    },
    "2017-06-30": {
        "Diluted EPS": 0.38,
        "Total Revenue": NaN,
        "Gross Profit": NaN,
        "Operating Income": NaN,
        "EBIT": NaN,
        "Net Income": NaN
    },
    "2017-03-31": {
        "Diluted EPS": 0.86,
        "Total Revenue": NaN,
        "Gross Profit": NaN,
        "Operating Income": NaN,
        "EBIT": NaN,
        "Net Income": NaN
    },
    "2016-12-31": {
        "Diluted EPS": 0.38,
        "Total Revenue": NaN,
        "Gross Profit": NaN,
        "Operating Income": NaN,
        "EBIT": NaN,
        "Net Income": NaN
    },
    "2016-09-30": {
        "Diluted EPS": 0.34,
        "Total Revenue": NaN,
        "Gross Profit": NaN,
        "Operating Income": NaN,
        "EBIT": NaN,
        "Net Income": NaN
    },
    "2016-06-30": {
        "Diluted EPS": 0.3,
        "Total Revenue": NaN,
        "Gross Profit": NaN,
        "Operating Income": NaN,
        "EBIT": NaN,
        "Net Income": NaN
    },
    "2016-03-31": {
        "Diluted EPS": 0.14,
        "Total Revenue": NaN,
        "Gross Profit": NaN,
        "Operating Income": -272,
        "EBIT": NaN,
        "Net Income": 484
    },
    "2015-12-31": {
        "Diluted EPS": 0.3,
        "Total Revenue": NaN,
        "Gross Profit": NaN,
        "Operating Income": 278,
        "EBIT": NaN,
        "Net Income": 939
    },
    "2015-09-30": {
        "Diluted EPS": -2.32,
        "Total Revenue": NaN,
        "Gross Profit": NaN,
        "Operating Income": NaN,
        "EBIT": NaN,
        "Net Income": NaN
    },
    "2015-06-30": {
        "Diluted EPS": 1.24,
        "Total Revenue": NaN,
        "Gross Profit": NaN,
        "Operating Income": NaN,
        "EBIT": NaN,
        "Net Income": NaN
    },
    "2015-03-31": {
        "Diluted EPS": 1.38,
        "Total Revenue": NaN,
        "Gross Profit": NaN,
        "Operating Income": NaN,
        "EBIT": NaN,
        "Net Income": NaN
    },
    "2014-12-31": {
        "Diluted EPS": 0.2,
        "Total Revenue": NaN,
        "Gross Profit": NaN,
        "Operating Income": NaN,
        "EBIT": NaN,
        "Net Income": 595
    },
    "2014-09-30": {
        "Diluted EPS": 1.4,
        "Total Revenue": NaN,
        "Gross Profit": NaN,
        "Operating Income": NaN,
        "EBIT": NaN,
        "Net Income": NaN
    },
    "2014-06-30": {
        "Diluted EPS": 1.68,
        "Total Revenue": NaN,
        "Gross Profit": NaN,
        "Operating Income": NaN,
        "EBIT": NaN,
        "Net Income": NaN
    },
    "2014-03-31": {
        "Diluted EPS": 1.44,
        "Total Revenue": NaN,
        "Gross Profit": NaN,
        "Operating Income": NaN,
        "EBIT": NaN,
        "Net Income": NaN
    },
    "2013-12-31": {
        "Diluted EPS": 0.58,
        "Total Revenue": NaN,
        "Gross Profit": NaN,
        "Operating Income": NaN,
        "EBIT": NaN,
        "Net Income": NaN
    },
    "2013-09-30": {
        "Diluted EPS": 1.5,
        "Total Revenue": NaN,
        "Gross Profit": NaN,
        "Operating Income": NaN,
        "EBIT": NaN,
        "Net Income": NaN
    },
    "2013-06-30": {
        "Diluted EPS": 0.54,
        "Total Revenue": NaN,
        "Gross Profit": NaN,
        "Operating Income": NaN,
        "EBIT": NaN,
        "Net Income": NaN
    },
    "2013-03-31": {
        "Diluted EPS": 2.58,
        "Total Revenue": NaN,
        "Gross Profit": NaN,
        "Operating Income": NaN,
        "EBIT": NaN,
        "Net Income": NaN
    },
    "2012-12-31": {
        "Diluted EPS": 2.14,
        "Total Revenue": NaN,
        "Gross Profit": NaN,
        "Operating Income": NaN,
        "EBIT": NaN,
        "Net Income": NaN
    },
    "2012-09-30": {
        "Diluted EPS": 2.28,
        "Total Revenue": NaN,
        "Gross Profit": NaN,
        "Operating Income": NaN,
        "EBIT": NaN,
        "Net Income": NaN
    },
    "2012-06-30": {
        "Diluted EPS": 1.32,
        "Total Revenue": NaN,
        "Gross Profit": NaN,
        "Operating Income": NaN,
        "EBIT": NaN,
        "Net Income": NaN
    },
    "2012-03-31": {
        "Diluted EPS": 2.8,
        "Total Revenue": NaN,
        "Gross Profit": NaN,
        "Operating Income": NaN,
        "EBIT": NaN,
        "Net Income": NaN
    },
    "2011-12-31": {
        "Diluted EPS": 2.08,
        "Total Revenue": NaN,
        "Gross Profit": NaN,
        "Operating Income": NaN,
        "Net Income": NaN
    },
    "2011-09-30": {
        "Diluted EPS": 2.24,
        "Total Revenue": NaN,
        "Gross Profit": NaN,
        "Operating Income": NaN,
        "EBIT": NaN,
        "Net Income": NaN
    },
    "2011-06-30": {
        "Diluted EPS": 2.78,
        "Total Revenue": NaN,
        "Gross Profit": NaN,
        "Operating Income": NaN,
        "EBIT": NaN,
        "Net Income": NaN
    },
    "2011-03-31": {
        "Diluted EPS": 2.84,
        "Total Revenue": NaN,
        "Gross Profit": NaN,
        "Operating Income": NaN,
        "EBIT": NaN,
        "Net Income": NaN
    },
    "2010-12-31": {
        "Diluted EPS": 2.22,
        "Total Revenue": NaN,
        "Gross Profit": NaN,
        "Operating Income": NaN,
        "EBIT": NaN,
        "Net Income": NaN
    },
    "2010-09-30": {
        "Diluted EPS": 1.12,
        "Total Revenue": NaN,
        "Gross Profit": NaN,
        "Operating Income": NaN,
        "EBIT": NaN,
        "Net Income": NaN
    },
    "2010-06-30": {
        "Diluted EPS": 1.44,
        "Total Revenue": NaN,
        "Gross Profit": NaN,
        "Operating Income": NaN,
        "EBIT": NaN,
        "Net Income": NaN
    },
    "2010-03-31": {
        "Diluted EPS": 1.78,
        "Total Revenue": NaN,
        "Gross Profit": NaN,
        "Operating Income": NaN,
        "EBIT": NaN,
        "Net Income": NaN
    },
    "2009-12-31": {
        "Diluted EPS": 0.64,
        "Total Revenue": NaN,
        "Gross Profit": NaN,
        "Operating Income": NaN,
        "EBIT": NaN,
        "Net Income": NaN
    },
    "2009-09-30": {
        "Diluted EPS": 1.06,
        "Total Revenue": NaN,
        "Gross Profit": NaN,
        "Operating Income": NaN,
        "EBIT": NaN,
        "Net Income": NaN
    },
    "2009-06-30": {
        "Diluted EPS": 1.24,
        "Total Revenue": NaN,
        "Gross Profit": NaN,
        "Operating Income": NaN,
        "EBIT": NaN,
        "Net Income": NaN
    },
    "2009-03-31": {
        "Diluted EPS": 1.14,
        "Total Revenue": NaN,
        "Gross Profit": NaN,
        "Operating Income": NaN,
        "EBIT": NaN,
        "Net Income": NaN
    },
    "2023-09-30": {
        "Tax Effect Of Unusual Items": NaN,
        "Tax Rate For Calcs": NaN,
        "Normalized EBITDA": NaN,
        "Total Unusual Items": NaN,
        "Total Unusual Items Excluding Goodwill": NaN,
        "Net Income From Continuing Operation Net Minority Interest": NaN,
        "Reconciled Depreciation": NaN,
        "Reconciled Cost Of Revenue": NaN,
        "EBITDA": NaN,
        "EBIT": NaN,
        "Net Interest Income": NaN,
        "Interest Expense": NaN,
        "Interest Income": NaN,
        "Normalized Income": NaN,
        "Net Income From Continuing And Discontinued Operation": NaN,
        "Total Expenses": NaN,
        "Diluted Average Shares": NaN,
        "Basic Average Shares": NaN,
        "Diluted EPS": NaN,
        "Basic EPS": NaN,
        "Diluted NI Availto Com Stockholders": NaN,
        "Net Income Common Stockholders": NaN,
        "Otherunder Preferred Stock Dividend": NaN,
        "Net Income": NaN,
        "Minority Interests": NaN,
        "Net Income Including Noncontrolling Interests": NaN,
        "Net Income Continuous Operations": NaN,
        "Tax Provision": NaN,
        "Pretax Income": NaN,
        "Special Income Charges": NaN,
        "Other Special Charges": NaN,
        "Write Off": 196000000.0,
        "Impairment Of Capital Assets": 196000000.0,
        "Net Non Operating Interest Income Expense": NaN,
        "Total Other Finance Cost": -195000000.0,
        "Interest Expense Non Operating": NaN,
        "Interest Income Non Operating": NaN,
        "Operating Income": NaN,
        "Operating Expense": NaN,
        "Other Operating Expenses": NaN,
        "Research And Development": NaN,
        "Selling General And Administration": NaN,
        "General And Administrative Expense": NaN,
        "Gross Profit": NaN,
        "Cost Of Revenue": NaN,
        "Total Revenue": NaN,
        "Operating Revenue": NaN
    },
    "2023-12-31": {
        "Tax Effect Of Unusual Items": NaN,
        "Tax Rate For Calcs": NaN,
        "Normalized EBITDA": NaN,
        "Total Unusual Items": NaN,
        "Total Unusual Items Excluding Goodwill": NaN,
        "Net Income From Continuing Operation Net Minority Interest": NaN,
        "Reconciled Depreciation": NaN,
        "Reconciled Cost Of Revenue": NaN,
        "EBITDA": NaN,
        "EBIT": NaN,
        "Net Interest Income": NaN,
        "Interest Expense": NaN,
        "Interest Income": NaN,
        "Normalized Income": NaN,
        "Net Income From Continuing And Discontinued Operation": NaN,
        "Total Expenses": NaN,
        "Diluted Average Shares": NaN,
        "Basic Average Shares": NaN,
        "Diluted EPS": NaN,
        "Basic EPS": NaN,
        "Diluted NI Availto Com Stockholders": NaN,
        "Net Income Common Stockholders": NaN,
        "Otherunder Preferred Stock Dividend": NaN,
        "Net Income": NaN,
        "Minority Interests": NaN,
        "Net Income Including Noncontrolling Interests": NaN,
        "Net Income Continuous Operations": NaN,
        "Tax Provision": NaN,
        "Pretax Income": NaN,
        "Special Income Charges": NaN,
        "Other Special Charges": NaN,
        "Write Off": NaN,
        "Impairment Of Capital Assets": 5236000000.0,
        "Net Non Operating Interest Income Expense": NaN,
        "Total Other Finance Cost": -199000000.0,
        "Interest Expense Non Operating": NaN,
        "Interest Income Non Operating": NaN,
        "Operating Income": NaN,
        "Operating Expense": NaN,
        "Other Operating Expenses": NaN,
        "Research And Development": NaN,
        "Selling General And Administration": NaN,
        "General And Administrative Expense": NaN,
        "Gross Profit": NaN,
        "Cost Of Revenue": NaN,
        "Total Revenue": NaN,
        "Operating Revenue": NaN
    },
    "2024-03-31": {
        "Tax Effect Of Unusual Items": NaN,
        "Tax Rate For Calcs": NaN,
        "Normalized EBITDA": NaN,
        "Total Unusual Items": NaN,
        "Total Unusual Items Excluding Goodwill": NaN,
        "Net Income From Continuing Operation Net Minority Interest": NaN,
        "Reconciled Depreciation": NaN,
        "Reconciled Cost Of Revenue": NaN,
        "EBITDA": NaN,
        "EBIT": NaN,
        "Net Interest Income": NaN,
        "Interest Expense": NaN,
        "Interest Income": NaN,
        "Normalized Income": NaN,
        "Net Income From Continuing And Discontinued Operation": NaN,
        "Total Expenses": NaN,
        "Diluted Average Shares": NaN,
        "Basic Average Shares": NaN,
        "Diluted EPS": NaN,
        "Basic EPS": NaN,
        "Diluted NI Availto Com Stockholders": NaN,
        "Net Income Common Stockholders": NaN,
        "Otherunder Preferred Stock Dividend": NaN,
        "Net Income": NaN,
        "Minority Interests": NaN,
        "Net Income Including Noncontrolling Interests": NaN,
        "Net Income Continuous Operations": NaN,
        "Tax Provision": NaN,
        "Pretax Income": NaN,
        "Special Income Charges": NaN,
        "Other Special Charges": -10000000.0,
        "Write Off": 228000000.0,
        "Impairment Of Capital Assets": 228000000.0,
        "Net Non Operating Interest Income Expense": NaN,
        "Interest Expense Non Operating": NaN,
        "Interest Income Non Operating": NaN,
        "Operating Income": NaN,
        "Operating Expense": NaN,
        "Other Operating Expenses": NaN,
        "Research And Development": NaN,
        "Selling General And Administration": NaN,
        "General And Administrative Expense": NaN,
        "Gross Profit": NaN,
        "Cost Of Revenue": NaN,
        "Total Revenue": NaN,
        "Operating Revenue": NaN
    },
    "2024-06-30": {
        "Tax Effect Of Unusual Items": 35750000.0,
        "Tax Rate For Calcs": 0.25,
        "Normalized EBITDA": 14138000000.0,
        "Total Unusual Items": 143000000.0,
        "Total Unusual Items Excluding Goodwill": 143000000.0,
        "Net Income From Continuing Operation Net Minority Interest": 3517000000.0,
        "Reconciled Depreciation": 5642000000.0,
        "Reconciled Cost Of Revenue": 62565000000.0,
        "EBITDA": 14281000000.0,
        "EBIT": 8639000000.0,
        "Net Interest Income": -545000000.0,
        "Interest Expense": 1235000000.0,
        "Interest Income": 690000000.0,
        "Normalized Income": 3409750000.0,
        "Net Income From Continuing And Discontinued Operation": 3517000000.0,
        "Total Expenses": 66418000000.0,
        "Diluted Average Shares": 3208800000.0,
        "Basic Average Shares": 3177700000.0,
        "Diluted EPS": 1.1,
        "Basic EPS": 1.1,
        "Diluted NI Availto Com Stockholders": 3517000000.0,
        "Net Income Common Stockholders": 3517000000.0,
        "Otherunder Preferred Stock Dividend": 0.0,
        "Net Income": 3517000000.0,
        "Minority Interests": -133000000.0,
        "Net Income Including Noncontrolling Interests": 3650000000.0,
        "Net Income Continuous Operations": 3650000000.0,
        "Tax Provision": 3754000000.0,
        "Pretax Income": 7404000000.0,
        "Special Income Charges": 143000000.0,
        "Other Special Charges": -143000000.0,
        "Write Off": NaN,
        "Impairment Of Capital Assets": NaN,
        "Net Non Operating Interest Income Expense": -545000000.0,
        "Interest Expense Non Operating": 1235000000.0,
        "Interest Income Non Operating": 690000000.0,
        "Operating Income": 8045000000.0,
        "Operating Expense": 3853000000.0,
        "Other Operating Expenses": 496000000.0,
        "Research And Development": 263000000.0,
        "Selling General And Administration": 3094000000.0,
        "General And Administrative Expense": 3094000000.0,
        "Gross Profit": 11898000000.0,
        "Cost Of Revenue": 62565000000.0,
        "Total Revenue": 74463000000.0,
        "Operating Revenue": 74463000000.0
    },
    "2024-09-30": {
        "Tax Effect Of Unusual Items": -194837414.030261,
        "Tax Rate For Calcs": 0.396011,
        "Normalized EBITDA": 14514000000.0,
        "Total Unusual Items": -492000000.0,
        "Total Unusual Items Excluding Goodwill": -492000000.0,
        "Net Income From Continuing Operation Net Minority Interest": 4291000000.0,
        "Reconciled Depreciation": 5578000000.0,
        "Reconciled Cost Of Revenue": 59941000000.0,
        "EBITDA": 14022000000.0,
        "EBIT": 8444000000.0,
        "Net Interest Income": -396000000.0,
        "Interest Expense": 1174000000.0,
        "Interest Income": 778000000.0,
        "Normalized Income": 4588162585.969739,
        "Net Income From Continuing And Discontinued Operation": 4291000000.0,
        "Total Expenses": 63679000000.0,
        "Diluted Average Shares": 3160450000.0,
        "Basic Average Shares": 3128250000.0,
        "Diluted EPS": 1.36,
        "Basic EPS": 1.38,
        "Diluted NI Availto Com Stockholders": 4291000000.0,
        "Net Income Common Stockholders": 4291000000.0,
        "Otherunder Preferred Stock Dividend": 0.0,
        "Net Income": 4291000000.0,
        "Minority Interests": -100000000.0,
        "Net Income Including Noncontrolling Interests": 4391000000.0,
        "Net Income Continuous Operations": 4391000000.0,
        "Tax Provision": 2879000000.0,
        "Pretax Income": 7270000000.0,
        "Special Income Charges": -492000000.0,
        "Other Special Charges": 154000000.0,
        "Write Off": 338000000.0,
        "Impairment Of Capital Assets": 338000000.0,
        "Net Non Operating Interest Income Expense": -396000000.0,
        "Interest Expense Non Operating": 1174000000.0,
        "Interest Income Non Operating": 778000000.0,
        "Operating Income": 7410000000.0,
        "Operating Expense": 3738000000.0,
        "Other Operating Expenses": 305000000.0,
        "Research And Development": 294000000.0,
        "Selling General And Administration": 3139000000.0,
        "General And Administrative Expense": 3139000000.0,
        "Gross Profit": 11148000000.0,
        "Cost Of Revenue": 59941000000.0,
        "Total Revenue": 71089000000.0,
        "Operating Revenue": 71089000000.0
    },
    "2024-12-31": {
        "Tax Effect Of Unusual Items": 565250000.0,
        "Tax Rate For Calcs": 0.25,
        "Normalized EBITDA": 9058000000.0,
        "Total Unusual Items": 2261000000.0,
        "Total Unusual Items Excluding Goodwill": 2261000000.0,
        "Net Income From Continuing Operation Net Minority Interest": 928000000.0,
        "Reconciled Depreciation": 5829000000.0,
        "Reconciled Cost Of Revenue": 59447000000.0,
        "EBITDA": 11319000000.0,
        "EBIT": 5490000000.0,
        "Net Interest Income": -1100000000.0,
        "Interest Expense": 1285000000.0,
        "Interest Income": 185000000.0,
        "Normalized Income": -767750000.0,
        "Net Income From Continuing And Discontinued Operation": 928000000.0,
        "Total Expenses": 63869000000.0,
        "Diluted Average Shares": 3106950000.0,
        "Basic Average Shares": 3074200000.0,
        "Diluted EPS": 0.3,
        "Basic EPS": 0.3,
        "Diluted NI Availto Com Stockholders": 928000000.0,
        "Net Income Common Stockholders": 928000000.0,
        "Otherunder Preferred Stock Dividend": 0.0,
        "Net Income": 928000000.0,
        "Minority Interests": -113000000.0,
        "Net Income Including Noncontrolling Interests": 1041000000.0,
        "Net Income Continuous Operations": 1041000000.0,
        "Tax Provision": 3164000000.0,
        "Pretax Income": 4205000000.0,
        "Special Income Charges": 2190000000.0,
        "Other Special Charges": NaN,
        "Write Off": NaN,
        "Impairment Of Capital Assets": NaN,
        "Net Non Operating Interest Income Expense": -1100000000.0,
        "Interest Expense Non Operating": 1285000000.0,
        "Interest Income Non Operating": 185000000.0,
        "Operating Income": 2412000000.0,
        "Operating Expense": 4422000000.0,
        "Other Operating Expenses": 860000000.0,
        "Research And Development": 331000000.0,
        "Selling General And Administration": 3231000000.0,
        "General And Administrative Expense": 3231000000.0,
        "Gross Profit": 6834000000.0,
        "Cost Of Revenue": 59447000000.0,
        "Total Revenue": 66281000000.0,
        "Operating Revenue": 66281000000.0
    },
    "2025-03-31": {
        "Tax Effect Of Unusual Items": -109250000.0,
        "Tax Rate For Calcs": 0.25,
        "Normalized EBITDA": 15646000000.0,
        "Total Unusual Items": -437000000.0,
        "Total Unusual Items Excluding Goodwill": -437000000.0,
        "Net Income From Continuing Operation Net Minority Interest": 4780000000.0,
        "Reconciled Depreciation": 5130000000.0,
        "Reconciled Cost Of Revenue": 56528000000.0,
        "EBITDA": 15209000000.0,
        "EBIT": 10079000000.0,
        "Net Interest Income": -554000000.0,
        "Interest Expense": 1120000000.0,
        "Interest Income": 566000000.0,
        "Normalized Income": 5107750000.0,
        "Net Income From Continuing And Discontinued Operation": 4780000000.0,
        "Total Expenses": 59763000000.0,
        "Diluted Average Shares": 3043900000.0,
        "Basic Average Shares": 3016750000.0,
        "Diluted EPS": 1.58,
        "Basic EPS": 1.58,
        "Diluted NI Availto Com Stockholders": 4780000000.0,
        "Net Income Common Stockholders": 4780000000.0,
        "Otherunder Preferred Stock Dividend": 0.0,
        "Net Income": 4780000000.0,
        "Minority Interests": -95000000.0,
        "Net Income Including Noncontrolling Interests": 4875000000.0,
        "Net Income Continuous Operations": 4875000000.0,
        "Tax Provision": 4083000000.0,
        "Pretax Income": 8959000000.0,
        "Special Income Charges": -437000000.0,
        "Other Special Charges": 127000000.0,
        "Write Off": NaN,
        "Impairment Of Capital Assets": 310000000.0,
        "Net Non Operating Interest Income Expense": -554000000.0,
        "Interest Expense Non Operating": 1120000000.0,
        "Interest Income Non Operating": 566000000.0,
        "Operating Income": 9471000000.0,
        "Operating Expense": 3235000000.0,
        "Other Operating Expenses": 210000000.0,
        "Research And Development": 185000000.0,
        "Selling General And Administration": 2840000000.0,
        "General And Administrative Expense": 2840000000.0,
        "Gross Profit": 12706000000.0,
        "Cost Of Revenue": 56528000000.0,
        "Total Revenue": 69234000000.0,
        "Operating Revenue": 69234000000.0
    },
    "2025-06-30": {
        "Tax Effect Of Unusual Items": 49957489.539749,
        "Tax Rate For Calcs": 0.390293,
        "Normalized EBITDA": 12385000000.0,
        "Total Unusual Items": 128000000.0,
        "Total Unusual Items Excluding Goodwill": 128000000.0,
        "Net Income From Continuing Operation Net Minority Interest": 3601000000.0,
        "Reconciled Depreciation": 5463000000.0,
        "Reconciled Cost Of Revenue": 55678000000.0,
        "EBITDA": 12513000000.0,
        "EBIT": 7050000000.0,
        "Net Interest Income": -474000000.0,
        "Interest Expense": 1075000000.0,
        "Interest Income": 601000000.0,
        "Normalized Income": 3522957489.539749,
        "Net Income From Continuing And Discontinued Operation": 3601000000.0,
        "Total Expenses": 59393000000.0,
        "Diluted Average Shares": 3002350000.0,
        "Basic Average Shares": 2973950000.0,
        "Diluted EPS": 1.2,
        "Basic EPS": 1.22,
        "Diluted NI Availto Com Stockholders": 3601000000.0,
        "Net Income Common Stockholders": 3601000000.0,
        "Otherunder Preferred Stock Dividend": 0.0,
        "Net Income": 3601000000.0,
        "Minority Interests": -43000000.0,
        "Net Income Including Noncontrolling Interests": 3644000000.0,
        "Net Income Continuous Operations": 3644000000.0,
        "Tax Provision": 2332000000.0,
        "Pretax Income": 5975000000.0,
        "Special Income Charges": 128000000.0,
        "Other Special Charges": -128000000.0,
        "Write Off": NaN,
        "Impairment Of Capital Assets": NaN,
        "Net Non Operating Interest Income Expense": -474000000.0,
        "Interest Expense Non Operating": 1075000000.0,
        "Interest Income Non Operating": 601000000.0,
        "Operating Income": 6013000000.0,
        "Operating Expense": 3715000000.0,
        "Other Operating Expenses": 360000000.0,
        "Research And Development": 278000000.0,
        "Selling General And Administration": 3077000000.0,
        "General And Administrative Expense": 3077000000.0,
        "Gross Profit": 9728000000.0,
        "Cost Of Revenue": 55678000000.0,
        "Total Revenue": 65406000000.0,
        "Operating Revenue": 65406000000.0
    }
}