{
    "2023-03-31": {
        "Tax Effect Of Unusual Items": NaN,
        "Tax Rate For Calcs": NaN,
        "Total Unusual Items": NaN,
        "Total Unusual Items Excluding Goodwill": NaN,
        "Net Income From Continuing Operation Net Minority Interest": NaN,
        "Reconciled Depreciation": NaN,
        "Net Interest Income": NaN,
        "Interest Expense": NaN,
        "Interest Income": NaN,
        "Normalized Income": NaN,
        "Net Income From Continuing And Discontinued Operation": NaN,
        "Rent Expense Supplemental": NaN,
        "Diluted Average Shares": NaN,
        "Basic Average Shares": NaN,
        "Diluted EPS": NaN,
        "Basic EPS": NaN,
        "Diluted NI Availto Com Stockholders": NaN,
        "Net Income Common Stockholders": NaN,
        "Otherunder Preferred Stock Dividend": NaN,
        "Net Income": NaN,
        "Minority Interests": -26385000000.0,
        "Net Income Including Noncontrolling Interests": NaN,
        "Net Income Continuous Operations": NaN,
        "Tax Provision": NaN,
        "Pretax Income": NaN,
        "Other Non Operating Income Expenses": NaN,
        "Special Income Charges": NaN,
        "Restructuring And Mergern Acquisition": NaN,
        "Gain On Sale Of Security": NaN,
        "Depreciation Amortization Depletion Income Statement": NaN,
        "Depreciation And Amortization In Income Statement": NaN,
        "Amortization": NaN,
        "Amortization Of Intangibles Income Statement": NaN,
        "Depreciation Income Statement": NaN,
        "Selling General And Administration": NaN,
        "Selling And Marketing Expense": NaN,
        "General And Administrative Expense": NaN,
        "Other Gand A": NaN,
        "Insurance And Claims": 289623000000.0,
        "Rent And Landing Fees": NaN,
        "Salaries And Wages": NaN,
        "Total Revenue": NaN,
        "Operating Revenue": NaN,
        "Other Non Interest Expense": NaN
    },
    "2022-12-31": {
        "Tax Effect Of Unusual Items": NaN,
        "Tax Rate For Calcs": NaN,
        "Net Income From Continuing Operation Net Minority Interest": NaN,
        "Reconciled Depreciation": NaN,
        "Net Interest Income": NaN,
        "Interest Expense": NaN,
        "Interest Income": NaN,
        "Normalized Income": NaN,
        "Net Income From Continuing And Discontinued Operation": NaN,
        "Diluted Average Shares": 508778517.0,
        "Basic Average Shares": 508778517.0,
        "Diluted EPS": 642.558577,
        "Basic EPS": 642.558577,
        "Diluted NI Availto Com Stockholders": NaN,
        "Net Income Common Stockholders": NaN,
        "Otherunder Preferred Stock Dividend": NaN,
        "Net Income": NaN,
        "Minority Interests": NaN,
        "Net Income Including Noncontrolling Interests": NaN,
        "Net Income Continuous Operations": NaN,
        "Tax Provision": NaN,
        "Pretax Income": NaN,
        "Other Non Operating Income Expenses": NaN,
        "Gain On Sale Of Security": NaN,
        "Depreciation Amortization Depletion Income Statement": NaN,
        "Depreciation And Amortization In Income Statement": NaN,
        "Amortization": NaN,
        "Amortization Of Intangibles Income Statement": NaN,
        "Depreciation Income Statement": NaN,
        "Selling General And Administration": NaN,
        "Selling And Marketing Expense": NaN,
        "General And Administrative Expense": NaN,
        "Other Gand A": NaN,
        "Insurance And Claims": NaN,
        "Salaries And Wages": NaN,
        "Total Revenue": NaN,
        "Operating Revenue": NaN,
        "Other Non Interest Expense": NaN
    },
    "2022-09-30": {
        "Tax Effect Of Unusual Items": 0.0,
        "Tax Rate For Calcs": 0.253,
        "Net Income From Continuing Operation Net Minority Interest": 1594559000000.0,
        "Reconciled Depreciation": 264667000000.0,
        "Net Interest Income": 3200829000000.0,
        "Interest Expense": 2005756000000.0,
        "Interest Income": 5206585000000.0,
        "Normalized Income": 1594559000000.0,
        "Net Income From Continuing And Discontinued Operation": 1594559000000.0,
        "Diluted Average Shares": 512927779.0,
        "Basic Average Shares": 512927779.0,
        "Diluted EPS": 3166.942924,
        "Basic EPS": 3166.942924,
        "Diluted NI Availto Com Stockholders": 1549744000000.0,
        "Net Income Common Stockholders": 1549744000000.0,
        "Otherunder Preferred Stock Dividend": 44815000000.0,
        "Net Income": 1594559000000.0,
        "Minority Interests": -23250000000.0,
        "Net Income Including Noncontrolling Interests": 1617809000000.0,
        "Net Income Continuous Operations": 1617809000000.0,
        "Tax Provision": 547938000000.0,
        "Pretax Income": 2165747000000.0,
        "Other Non Operating Income Expenses": 436483000000.0,
        "Gain On Sale Of Security": 51611000000.0,
        "Depreciation Amortization Depletion Income Statement": 173808000000.0,
        "Depreciation And Amortization In Income Statement": 173808000000.0,
        "Amortization": 48234000000.0,
        "Amortization Of Intangibles Income Statement": 48234000000.0,
        "Depreciation Income Statement": 125574000000.0,
        "Selling General And Administration": 2977130000000.0,
        "Selling And Marketing Expense": 80446000000.0,
        "General And Administrative Expense": 2896684000000.0,
        "Other Gand A": 233075000000.0,
        "Insurance And Claims": 1800827000000.0,
        "Salaries And Wages": 862782000000.0,
        "Total Revenue": 5470583000000.0,
        "Operating Revenue": 5470583000000.0
    },
    "2022-06-30": {
        "Tax Effect Of Unusual Items": 0.0,
        "Tax Rate For Calcs": 0.260756,
        "Net Income From Continuing Operation Net Minority Interest": 1320429000000.0,
        "Reconciled Depreciation": 257900000000.0,
        "Net Interest Income": 3107094000000.0,
        "Interest Expense": 1468483000000.0,
        "Interest Income": 4575577000000.0,
        "Normalized Income": 1320429000000.0,
        "Net Income From Continuing And Discontinued Operation": 1320429000000.0,
        "Diluted Average Shares": 530657929.0,
        "Basic Average Shares": 530657929.0,
        "Diluted EPS": 2380.0,
        "Basic EPS": 2380.0,
        "Diluted NI Availto Com Stockholders": 1285577000000.0,
        "Net Income Common Stockholders": 1285577000000.0,
        "Otherunder Preferred Stock Dividend": 34852000000.0,
        "Net Income": 1320429000000.0,
        "Minority Interests": -19481000000.0,
        "Net Income Including Noncontrolling Interests": 1339910000000.0,
        "Net Income Continuous Operations": 1339910000000.0,
        "Tax Provision": 472632000000.0,
        "Pretax Income": 1812542000000.0,
        "Other Non Operating Income Expenses": 47679000000.0,
        "Gain On Sale Of Security": 264839000000.0,
        "Depreciation Amortization Depletion Income Statement": 172434000000.0,
        "Depreciation And Amortization In Income Statement": 172434000000.0,
        "Amortization": 43764000000.0,
        "Amortization Of Intangibles Income Statement": 43764000000.0,
        "Depreciation Income Statement": 128670000000.0,
        "Selling General And Administration": 2920968000000.0,
        "Selling And Marketing Expense": 76387000000.0,
        "General And Administrative Expense": 2844581000000.0,
        "Other Gand A": 220324000000.0,
        "Insurance And Claims": 1775230000000.0,
        "Salaries And Wages": 849027000000.0,
        "Total Revenue": 5566088000000.0,
        "Operating Revenue": 5566088000000.0
    },
    "2022-03-31": {
        "Diluted EPS": 2.04,
        "Total Revenue": NaN,
        "Gross Profit": NaN,
        "Operating Income": NaN,
        "EBIT": NaN,
        "Net Income": NaN
    },
    "2021-12-31": {
        "Diluted EPS": 0.93,
        "Total Revenue": NaN,
        "Gross Profit": 231,
        "Operating Income": 753,
        "EBIT": NaN,
        "Net Income": 468
    },
    "2021-09-30": {
        "Diluted EPS": 1.62,
        "Total Revenue": NaN,
        "Gross Profit": NaN,
        "Operating Income": NaN,
        "EBIT": NaN,
        "Net Income": 863
    },
    "2021-06-30": {
        "Diluted EPS": 2.08,
        "Total Revenue": NaN,
        "Gross Profit": NaN,
        "Operating Income": NaN,
        "EBIT": NaN,
        "Net Income": NaN
    },
    "2021-03-31": {
        "Diluted EPS": 1.96,
        "Total Revenue": NaN,
        "Gross Profit": NaN,
        "Operating Income": NaN,
        "EBIT": NaN,
        "Net Income": NaN
    },
    "2020-12-31": {
        "Diluted EPS": 0.62,
        "Total Revenue": NaN,
        "Gross Profit": NaN,
        "Operating Income": 548,
        "EBIT": NaN,
        "Net Income": 395
    },
    "2020-09-30": {
        "Diluted EPS": 1.82,
        "Total Revenue": NaN,
        "Gross Profit": NaN,
        "Operating Income": NaN,
        "EBIT": NaN,
        "Net Income": 892
    },
    "2020-06-30": {
        "Diluted EPS": 1.41,
        "Total Revenue": NaN,
        "Gross Profit": NaN,
        "Operating Income": 985,
        "EBIT": NaN,
        "Net Income": 698
    },
    "2020-03-31": {
        "Diluted EPS": 1.48,
        "Total Revenue": NaN,
        "Gross Profit": NaN,
        "Operating Income": NaN,
        "EBIT": NaN,
        "Net Income": 746
    },
    "2019-12-31": {
        "Diluted EPS": 0.45,
        "Total Revenue": NaN,
        "Gross Profit": NaN,
        "Operating Income": 333,
        "EBIT": NaN,
        "Net Income": 198
    },
    "2019-09-30": {
        "Diluted EPS": 1.6,
        "Total Revenue": NaN,
        "Gross Profit": NaN,
        "Operating Income": NaN,
        "EBIT": NaN,
        "Net Income": 785
    },
    "2019-06-30": {
        "Diluted EPS": 1.83,
        "Total Revenue": NaN,
        "Gross Profit": NaN,
        "Operating Income": NaN,
        "EBIT": NaN,
        "Net Income": 880
    },
    "2019-03-31": {
        "Diluted EPS": 1.72,
        "Total Revenue": NaN,
        "Gross Profit": NaN,
        "Operating Income": NaN,
        "EBIT": NaN,
        "Net Income": 810
    },
    "2018-12-31": {
        "Diluted EPS": -0.61,
        "Total Revenue": NaN,
        "Gross Profit": NaN,
        "Operating Income": NaN,
        "EBIT": NaN,
        "Net Income": 477
    },
    "2018-09-30": {
        "Diluted EPS": 1.59,
        "Total Revenue": NaN,
        "Gross Profit": NaN,
        "Operating Income": NaN,
        "EBIT": NaN,
        "Net Income": 752
    },
    "2018-06-30": {
        "Diluted EPS": 1.77,
        "Total Revenue": NaN,
        "Gross Profit": NaN,
        "Operating Income": NaN,
        "EBIT": NaN,
        "Net Income": 839
    },
    "2018-03-31": {
        "Diluted EPS": 3.24,
        "Total Revenue": NaN,
        "Gross Profit": NaN,
        "Operating Income": NaN,
        "EBIT": NaN,
        "Net Income": 768
    },
    "2017-12-31": {
        "Diluted EPS": 0.3,
        "Total Revenue": NaN,
        "Gross Profit": NaN,
        "Operating Income": 626,
        "EBIT": NaN,
        "Net Income": 136
    },
    "2017-09-30": {
        "Diluted EPS": 1.55,
        "Total Revenue": NaN,
        "Gross Profit": NaN,
        "Operating Income": NaN,
        "EBIT": NaN,
        "Net Income": 733
    },
    "2017-06-30": {
        "Diluted EPS": 1.68,
        "Total Revenue": NaN,
        "Gross Profit": NaN,
        "Operating Income": NaN,
        "EBIT": NaN,
        "Net Income": 799
    },
    "2017-03-31": {
        "Diluted EPS": 1.88,
        "Total Revenue": NaN,
        "Gross Profit": NaN,
        "Operating Income": NaN,
        "EBIT": NaN,
        "Net Income": 897
    },
    "2016-12-31": {
        "Diluted EPS": -2.98,
        "Total Revenue": NaN,
        "Gross Profit": NaN,
        "Operating Income": 446,
        "EBIT": NaN,
        "Net Income": -116
    },
    "2016-09-30": {
        "Diluted EPS": 1.33,
        "Total Revenue": NaN,
        "Gross Profit": NaN,
        "Operating Income": NaN,
        "EBIT": NaN,
        "Net Income": 628
    },
    "2016-06-30": {
        "Diluted EPS": 1.22,
        "Total Revenue": NaN,
        "Gross Profit": NaN,
        "Operating Income": NaN,
        "EBIT": NaN,
        "Net Income": 588
    },
    "2016-03-31": {
        "Diluted EPS": 5.59,
        "Total Revenue": NaN,
        "Gross Profit": NaN,
        "Operating Income": NaN,
        "EBIT": NaN,
        "Net Income": NaN
    },
    "2015-12-31": {
        "Diluted EPS": 0.77,
        "Total Revenue": NaN,
        "Gross Profit": NaN,
        "Operating Income": NaN,
        "EBIT": NaN,
        "Net Income": 364
    },
    "2015-09-30": {
        "Diluted EPS": 1.24,
        "Total Revenue": NaN,
        "Gross Profit": NaN,
        "Operating Income": NaN,
        "EBIT": NaN,
        "Net Income": 611
    },
    "2015-06-30": {
        "Diluted EPS": 1.27,
        "Total Revenue": NaN,
        "Gross Profit": NaN,
        "Operating Income": 789,
        "EBIT": NaN,
        "Net Income": 623
    },
    "2015-03-31": {
        "Diluted EPS": 1.08,
        "Total Revenue": NaN,
        "Gross Profit": NaN,
        "Operating Income": 583,
        "EBIT": NaN,
        "Net Income": 533
    },
    "2014-12-31": {
        "Diluted EPS": 0.55,
        "Total Revenue": NaN,
        "Gross Profit": NaN,
        "Operating Income": -463,
        "EBIT": NaN,
        "Net Income": 282
    },
    "2014-09-30": {
        "Diluted EPS": 1.17,
        "Total Revenue": NaN,
        "Gross Profit": NaN,
        "Operating Income": 406,
        "EBIT": NaN,
        "Net Income": 575
    },
    "2014-06-30": {
        "Diluted EPS": 1.14,
        "Total Revenue": NaN,
        "Gross Profit": NaN,
        "Operating Income": 657,
        "EBIT": NaN,
        "Net Income": 560
    },
    "2014-03-31": {
        "Diluted EPS": 1.02,
        "Total Revenue": NaN,
        "Gross Profit": NaN,
        "Operating Income": NaN,
        "EBIT": NaN,
        "Net Income": 503
    },
    "2013-12-31": {
        "Diluted EPS": 0.62,
        "Total Revenue": NaN,
        "Gross Profit": NaN,
        "Operating Income": 338,
        "EBIT": NaN,
        "Net Income": 316
    },
    "2013-09-30": {
        "Diluted EPS": 0.95,
        "Total Revenue": NaN,
        "Gross Profit": NaN,
        "Operating Income": 684,
        "EBIT": NaN,
        "Net Income": 471
    },
    "2013-06-30": {
        "Diluted EPS": 1.01,
        "Total Revenue": NaN,
        "Gross Profit": NaN,
        "Operating Income": 702,
        "EBIT": NaN,
        "Net Income": 500
    },
    "2013-03-31": {
        "Diluted EPS": 0.9,
        "Total Revenue": NaN,
        "Gross Profit": NaN,
        "Operating Income": 634,
        "EBIT": NaN,
        "Net Income": 448
    },
    "2012-12-31": {
        "Diluted EPS": 0.0,
        "Total Revenue": NaN,
        "Gross Profit": NaN,
        "Operating Income": 518,
        "EBIT": NaN,
        "Net Income": 392
    },
    "2012-09-30": {
        "Diluted EPS": 0.87,
        "Total Revenue": NaN,
        "Gross Profit": NaN,
        "Operating Income": NaN,
        "EBIT": NaN,
        "Net Income": 469
    },
    "2012-06-30": {
        "Diluted EPS": 1.12,
        "Total Revenue": NaN,
        "Gross Profit": NaN,
        "Operating Income": NaN,
        "EBIT": NaN,
        "Net Income": 549
    },
    "2012-03-31": {
        "Diluted EPS": 1.14,
        "Total Revenue": NaN,
        "Gross Profit": NaN,
        "Operating Income": NaN,
        "EBIT": NaN,
        "Net Income": 568
    },
    "2011-12-31": {
        "Diluted EPS": 0.79,
        "Total Revenue": NaN,
        "Gross Profit": NaN,
        "Operating Income": NaN,
        "EBIT": NaN,
        "Net Income": 383
    },
    "2011-09-30": {
        "Diluted EPS": 1.22,
        "Total Revenue": NaN,
        "Gross Profit": NaN,
        "Operating Income": NaN,
        "EBIT": NaN,
        "Net Income": 655
    },
    "2011-06-30": {
        "Diluted EPS": 1.7,
        "Total Revenue": NaN,
        "Gross Profit": NaN,
        "Operating Income": NaN,
        "EBIT": NaN,
        "Net Income": 925
    },
    "2011-03-31": {
        "Diluted EPS": 1.59,
        "Total Revenue": NaN,
        "Gross Profit": NaN,
        "Operating Income": NaN,
        "EBIT": NaN,
        "Net Income": 823
    },
    "2010-12-31": {
        "Diluted EPS": 4.74,
        "Total Revenue": NaN,
        "Gross Profit": NaN,
        "Operating Income": NaN,
        "EBIT": NaN,
        "Net Income": NaN
    },
    "2010-09-30": {
        "Diluted EPS": -0.19,
        "Total Revenue": 48,
        "Gross Profit": 48,
        "Operating Income": 48,
        "EBIT": NaN,
        "Net Income": -43
    },
    "2010-06-30": {
        "Diluted EPS": -0.07,
        "Total Revenue": 122,
        "Gross Profit": 122,
        "Operating Income": 122,
        "EBIT": NaN,
        "Net Income": 11
    },
    "2010-03-31": {
        "Diluted EPS": 1.18,
        "Total Revenue": 714,
        "Gross Profit": 714,
        "Operating Income": 714,
        "EBIT": NaN,
        "Net Income": 624
    },
    "2009-12-31": {
        "Diluted EPS": 0.0,
        "Total Revenue": NaN,
        "Gross Profit": NaN,
        "Operating Income": NaN,
        "EBIT": NaN,
        "Net Income": NaN
    },
    "2023-06-30": {
        "Tax Effect Of Unusual Items": NaN,
        "Tax Rate For Calcs": NaN,
        "Total Unusual Items": -328000000.0,
        "Total Unusual Items Excluding Goodwill": -328000000.0,
        "Net Income From Continuing Operation Net Minority Interest": NaN,
        "Reconciled Depreciation": 294115000000.0,
        "Net Interest Income": NaN,
        "Interest Expense": 67497000000.0,
        "Interest Income": NaN,
        "Normalized Income": NaN,
        "Net Income From Continuing And Discontinued Operation": NaN,
        "Rent Expense Supplemental": 326000000.0,
        "Diluted Average Shares": 520676621.0,
        "Basic Average Shares": 520676621.0,
        "Diluted EPS": -115.0,
        "Basic EPS": -115.0,
        "Diluted NI Availto Com Stockholders": NaN,
        "Net Income Common Stockholders": NaN,
        "Otherunder Preferred Stock Dividend": 44030000000.0,
        "Net Income": NaN,
        "Minority Interests": -30515000000.0,
        "Net Income Including Noncontrolling Interests": NaN,
        "Net Income Continuous Operations": NaN,
        "Tax Provision": 4534000000.0,
        "Pretax Income": NaN,
        "Other Non Operating Income Expenses": 182000000.0,
        "Special Income Charges": -328000000.0,
        "Restructuring And Mergern Acquisition": 328000000.0,
        "Gain On Sale Of Security": 31613000000.0,
        "Depreciation Amortization Depletion Income Statement": 980000000.0,
        "Depreciation And Amortization In Income Statement": 980000000.0,
        "Amortization": 24000000.0,
        "Amortization Of Intangibles Income Statement": 24000000.0,
        "Depreciation Income Statement": 956000000.0,
        "Selling General And Administration": 33122000000.0,
        "Selling And Marketing Expense": 14351000000.0,
        "General And Administrative Expense": 18771000000.0,
        "Other Gand A": 7526000000.0,
        "Insurance And Claims": 551908000000.0,
        "Rent And Landing Fees": 326000000.0,
        "Salaries And Wages": 10919000000.0,
        "Total Revenue": NaN,
        "Operating Revenue": NaN,
        "Other Non Interest Expense": 197000000.0
    },
    "2023-09-30": {
        "Tax Effect Of Unusual Items": NaN,
        "Tax Rate For Calcs": NaN,
        "Total Unusual Items": NaN,
        "Total Unusual Items Excluding Goodwill": NaN,
        "Net Income From Continuing Operation Net Minority Interest": NaN,
        "Reconciled Depreciation": NaN,
        "Net Interest Income": NaN,
        "Interest Expense": NaN,
        "Interest Income": NaN,
        "Normalized Income": NaN,
        "Net Income From Continuing And Discontinued Operation": NaN,
        "Rent Expense Supplemental": NaN,
        "Diluted Average Shares": NaN,
        "Basic Average Shares": NaN,
        "Diluted EPS": NaN,
        "Basic EPS": NaN,
        "Diluted NI Availto Com Stockholders": NaN,
        "Net Income Common Stockholders": NaN,
        "Otherunder Preferred Stock Dividend": NaN,
        "Net Income": NaN,
        "Minority Interests": NaN,
        "Net Income Including Noncontrolling Interests": NaN,
        "Net Income Continuous Operations": NaN,
        "Tax Provision": NaN,
        "Pretax Income": NaN,
        "Other Non Operating Income Expenses": NaN,
        "Special Income Charges": NaN,
        "Restructuring And Mergern Acquisition": NaN,
        "Gain On Sale Of Security": NaN,
        "Depreciation Amortization Depletion Income Statement": NaN,
        "Depreciation And Amortization In Income Statement": NaN,
        "Amortization": NaN,
        "Amortization Of Intangibles Income Statement": NaN,
        "Depreciation Income Statement": NaN,
        "Selling General And Administration": NaN,
        "Selling And Marketing Expense": NaN,
        "General And Administrative Expense": NaN,
        "Other Gand A": NaN,
        "Insurance And Claims": 19876000000.0,
        "Rent And Landing Fees": NaN,
        "Salaries And Wages": NaN,
        "Total Revenue": NaN,
        "Operating Revenue": NaN,
        "Other Non Interest Expense": NaN
    },
    "2023-12-31": {
        "Tax Effect Of Unusual Items": NaN,
        "Tax Rate For Calcs": NaN,
        "Total Unusual Items": NaN,
        "Total Unusual Items Excluding Goodwill": NaN,
        "Net Income From Continuing Operation Net Minority Interest": NaN,
        "Reconciled Depreciation": NaN,
        "Net Interest Income": NaN,
        "Interest Expense": NaN,
        "Interest Income": NaN,
        "Normalized Income": NaN,
        "Net Income From Continuing And Discontinued Operation": NaN,
        "Rent Expense Supplemental": NaN,
        "Diluted Average Shares": NaN,
        "Basic Average Shares": NaN,
        "Diluted EPS": NaN,
        "Basic EPS": NaN,
        "Diluted NI Availto Com Stockholders": NaN,
        "Net Income Common Stockholders": NaN,
        "Otherunder Preferred Stock Dividend": NaN,
        "Net Income": NaN,
        "Minority Interests": NaN,
        "Net Income Including Noncontrolling Interests": NaN,
        "Net Income Continuous Operations": NaN,
        "Tax Provision": NaN,
        "Pretax Income": NaN,
        "Other Non Operating Income Expenses": NaN,
        "Special Income Charges": NaN,
        "Restructuring And Mergern Acquisition": NaN,
        "Gain On Sale Of Security": NaN,
        "Depreciation Amortization Depletion Income Statement": NaN,
        "Depreciation And Amortization In Income Statement": NaN,
        "Amortization": NaN,
        "Amortization Of Intangibles Income Statement": NaN,
        "Depreciation Income Statement": NaN,
        "Selling General And Administration": NaN,
        "Selling And Marketing Expense": NaN,
        "General And Administrative Expense": NaN,
        "Other Gand A": NaN,
        "Insurance And Claims": -57470000000.0,
        "Rent And Landing Fees": NaN,
        "Salaries And Wages": NaN,
        "Total Revenue": NaN,
        "Operating Revenue": NaN,
        "Other Non Interest Expense": NaN
    },
    "2024-03-31": {
        "Tax Effect Of Unusual Items": NaN,
        "Tax Rate For Calcs": NaN,
        "Total Unusual Items": NaN,
        "Total Unusual Items Excluding Goodwill": NaN,
        "Net Income From Continuing Operation Net Minority Interest": NaN,
        "Reconciled Depreciation": NaN,
        "Net Interest Income": NaN,
        "Interest Expense": NaN,
        "Interest Income": NaN,
        "Normalized Income": NaN,
        "Net Income From Continuing And Discontinued Operation": NaN,
        "Rent Expense Supplemental": NaN,
        "Diluted Average Shares": NaN,
        "Basic Average Shares": NaN,
        "Diluted EPS": NaN,
        "Basic EPS": NaN,
        "Diluted NI Availto Com Stockholders": NaN,
        "Net Income Common Stockholders": NaN,
        "Otherunder Preferred Stock Dividend": NaN,
        "Net Income": NaN,
        "Minority Interests": NaN,
        "Net Income Including Noncontrolling Interests": NaN,
        "Net Income Continuous Operations": NaN,
        "Tax Provision": NaN,
        "Pretax Income": NaN,
        "Other Non Operating Income Expenses": NaN,
        "Special Income Charges": NaN,
        "Restructuring And Mergern Acquisition": NaN,
        "Gain On Sale Of Security": NaN,
        "Depreciation Amortization Depletion Income Statement": NaN,
        "Depreciation And Amortization In Income Statement": NaN,
        "Amortization": NaN,
        "Amortization Of Intangibles Income Statement": NaN,
        "Depreciation Income Statement": NaN,
        "Selling General And Administration": NaN,
        "Selling And Marketing Expense": NaN,
        "General And Administrative Expense": NaN,
        "Other Gand A": NaN,
        "Insurance And Claims": 137864000000.0,
        "Rent And Landing Fees": NaN,
        "Salaries And Wages": NaN,
        "Total Revenue": NaN,
        "Operating Revenue": NaN,
        "Other Non Interest Expense": NaN
    },
    "2024-06-30": {
        "Tax Effect Of Unusual Items": -8751728569.298813,
        "Tax Rate For Calcs": 0.224668,
        "Total Unusual Items": -38954000000.0,
        "Total Unusual Items Excluding Goodwill": -38954000000.0,
        "Net Income From Continuing Operation Net Minority Interest": 1425479000000.0,
        "Reconciled Depreciation": 308911000000.0,
        "Net Interest Income": 2821843000000.0,
        "Interest Expense": 4423122000000.0,
        "Interest Income": 7244965000000.0,
        "Normalized Income": 1455681271430.7012,
        "Net Income From Continuing And Discontinued Operation": 1425479000000.0,
        "Rent Expense Supplemental": 536000000.0,
        "Diluted Average Shares": 508306029.0,
        "Basic Average Shares": 508306029.0,
        "Diluted EPS": 2706.0,
        "Basic EPS": 2706.0,
        "Diluted NI Availto Com Stockholders": 1375409000000.0,
        "Net Income Common Stockholders": 1375409000000.0,
        "Otherunder Preferred Stock Dividend": 50070000000.0,
        "Net Income": 1425479000000.0,
        "Minority Interests": -25507000000.0,
        "Net Income Including Noncontrolling Interests": 1450986000000.0,
        "Net Income Continuous Operations": 1450986000000.0,
        "Tax Provision": 420453000000.0,
        "Pretax Income": 1871439000000.0,
        "Other Non Operating Income Expenses": 26255000000.0,
        "Special Income Charges": -38954000000.0,
        "Restructuring And Mergern Acquisition": 38954000000.0,
        "Gain On Sale Of Security": 438758000000.0,
        "Depreciation Amortization Depletion Income Statement": 193843000000.0,
        "Depreciation And Amortization In Income Statement": 193843000000.0,
        "Amortization": 63391000000.0,
        "Amortization Of Intangibles Income Statement": 63391000000.0,
        "Depreciation Income Statement": 130452000000.0,
        "Selling General And Administration": 1141633000000.0,
        "Selling And Marketing Expense": 71664000000.0,
        "General And Administrative Expense": 1069969000000.0,
        "Other Gand A": 254983000000.0,
        "Insurance And Claims": 138677000000.0,
        "Rent And Landing Fees": 536000000.0,
        "Salaries And Wages": 814986000000.0,
        "Total Revenue": 4397951000000.0,
        "Operating Revenue": 4397951000000.0,
        "Other Non Interest Expense": 581803000000.0
    },
    "2024-09-30": {
        "Tax Effect Of Unusual Items": 0.0,
        "Tax Rate For Calcs": 0.2492,
        "Total Unusual Items": NaN,
        "Total Unusual Items Excluding Goodwill": NaN,
        "Net Income From Continuing Operation Net Minority Interest": 1297068000000.0,
        "Reconciled Depreciation": 332241000000.0,
        "Net Interest Income": 2854987000000.0,
        "Interest Expense": 4547657000000.0,
        "Interest Income": 7402644000000.0,
        "Normalized Income": 1297068000000.0,
        "Net Income From Continuing And Discontinued Operation": 1297068000000.0,
        "Rent Expense Supplemental": NaN,
        "Diluted Average Shares": 503986567.0,
        "Basic Average Shares": 503986567.0,
        "Diluted EPS": 2497.0,
        "Basic EPS": 2497.0,
        "Diluted NI Availto Com Stockholders": 1258477000000.0,
        "Net Income Common Stockholders": 1258477000000.0,
        "Otherunder Preferred Stock Dividend": 38591000000.0,
        "Net Income": 1297068000000.0,
        "Minority Interests": -28381000000.0,
        "Net Income Including Noncontrolling Interests": 1325449000000.0,
        "Net Income Continuous Operations": 1325449000000.0,
        "Tax Provision": 439919000000.0,
        "Pretax Income": 1765368000000.0,
        "Other Non Operating Income Expenses": -96688000000.0,
        "Special Income Charges": NaN,
        "Restructuring And Mergern Acquisition": NaN,
        "Gain On Sale Of Security": 428447000000.0,
        "Depreciation Amortization Depletion Income Statement": 215366000000.0,
        "Depreciation And Amortization In Income Statement": 215366000000.0,
        "Amortization": 76730000000.0,
        "Amortization Of Intangibles Income Statement": 76730000000.0,
        "Depreciation Income Statement": 138636000000.0,
        "Selling General And Administration": 1221426000000.0,
        "Selling And Marketing Expense": 75277000000.0,
        "General And Administrative Expense": 1146149000000.0,
        "Other Gand A": 242469000000.0,
        "Insurance And Claims": 11506000000.0,
        "Rent And Landing Fees": NaN,
        "Salaries And Wages": 892174000000.0,
        "Total Revenue": 4270615000000.0,
        "Operating Revenue": 4270615000000.0,
        "Other Non Interest Expense": 565887000000.0
    },
    "2024-12-31": {
        "Tax Effect Of Unusual Items": 0.0,
        "Tax Rate For Calcs": 0.278962,
        "Total Unusual Items": NaN,
        "Total Unusual Items Excluding Goodwill": NaN,
        "Net Income From Continuing Operation Net Minority Interest": 406098000000.0,
        "Reconciled Depreciation": 332990000000.0,
        "Net Interest Income": 2909602000000.0,
        "Interest Expense": 4461635000000.0,
        "Interest Income": 7371237000000.0,
        "Normalized Income": 406098000000.0,
        "Net Income From Continuing And Discontinued Operation": 406098000000.0,
        "Rent Expense Supplemental": NaN,
        "Diluted Average Shares": 498859764.0,
        "Basic Average Shares": 498859764.0,
        "Diluted EPS": 122.868197,
        "Basic EPS": 122.868197,
        "Diluted NI Availto Com Stockholders": 353550000000.0,
        "Net Income Common Stockholders": 353550000000.0,
        "Otherunder Preferred Stock Dividend": 52548000000.0,
        "Net Income": 406098000000.0,
        "Minority Interests": -27808000000.0,
        "Net Income Including Noncontrolling Interests": 433906000000.0,
        "Net Income Continuous Operations": 433906000000.0,
        "Tax Provision": 167874000000.0,
        "Pretax Income": 601780000000.0,
        "Other Non Operating Income Expenses": 132863000000.0,
        "Special Income Charges": NaN,
        "Restructuring And Mergern Acquisition": NaN,
        "Gain On Sale Of Security": -399979000000.0,
        "Depreciation Amortization Depletion Income Statement": 696013000000.0,
        "Depreciation And Amortization In Income Statement": 696013000000.0,
        "Amortization": 78370000000.0,
        "Amortization Of Intangibles Income Statement": 78370000000.0,
        "Depreciation Income Statement": 617643000000.0,
        "Selling General And Administration": 1448012000000.0,
        "Selling And Marketing Expense": 124169000000.0,
        "General And Administrative Expense": 1323843000000.0,
        "Other Gand A": 268623000000.0,
        "Insurance And Claims": NaN,
        "Rent And Landing Fees": NaN,
        "Salaries And Wages": 1105432000000.0,
        "Total Revenue": 4600080000000.0,
        "Operating Revenue": 4600080000000.0,
        "Other Non Interest Expense": 1131847000000.0
    },
    "2025-03-31": {
        "Tax Effect Of Unusual Items": 0.0,
        "Tax Rate For Calcs": 0.243579,
        "Total Unusual Items": NaN,
        "Total Unusual Items Excluding Goodwill": NaN,
        "Net Income From Continuing Operation Net Minority Interest": 1488346000000.0,
        "Reconciled Depreciation": 331677000000.0,
        "Net Interest Income": 2854888000000.0,
        "Interest Expense": 4213036000000.0,
        "Interest Income": 7067924000000.0,
        "Normalized Income": 1488346000000.0,
        "Net Income From Continuing And Discontinued Operation": 1488346000000.0,
        "Rent Expense Supplemental": NaN,
        "Diluted Average Shares": 495588643.0,
        "Basic Average Shares": 495588643.0,
        "Diluted EPS": 2917.0,
        "Basic EPS": 2917.0,
        "Diluted NI Availto Com Stockholders": 1445756000000.0,
        "Net Income Common Stockholders": 1445756000000.0,
        "Otherunder Preferred Stock Dividend": 42590000000.0,
        "Net Income": 1488346000000.0,
        "Minority Interests": -28700000000.0,
        "Net Income Including Noncontrolling Interests": 1517046000000.0,
        "Net Income Continuous Operations": 1517046000000.0,
        "Tax Provision": 488512000000.0,
        "Pretax Income": 2005558000000.0,
        "Other Non Operating Income Expenses": 21897000000.0,
        "Special Income Charges": NaN,
        "Restructuring And Mergern Acquisition": NaN,
        "Gain On Sale Of Security": 407093000000.0,
        "Depreciation Amortization Depletion Income Statement": 212859000000.0,
        "Depreciation And Amortization In Income Statement": 212859000000.0,
        "Amortization": 75962000000.0,
        "Amortization Of Intangibles Income Statement": 75962000000.0,
        "Depreciation Income Statement": 136897000000.0,
        "Selling General And Administration": 1137924000000.0,
        "Selling And Marketing Expense": 50857000000.0,
        "General And Administrative Expense": 1087067000000.0,
        "Other Gand A": 219868000000.0,
        "Insurance And Claims": NaN,
        "Rent And Landing Fees": NaN,
        "Salaries And Wages": 867199000000.0,
        "Total Revenue": 4346626000000.0,
        "Operating Revenue": 4346626000000.0,
        "Other Non Interest Expense": 633091000000.0
    },
    "2025-06-30": {
        "Tax Effect Of Unusual Items": -12093986566.441004,
        "Tax Rate For Calcs": 0.238832,
        "Total Unusual Items": -50638000000.0,
        "Total Unusual Items Excluding Goodwill": -50638000000.0,
        "Net Income From Continuing Operation Net Minority Interest": 1549053000000.0,
        "Reconciled Depreciation": 326980000000.0,
        "Net Interest Income": 2863952000000.0,
        "Interest Expense": 4103234000000.0,
        "Interest Income": 6967186000000.0,
        "Normalized Income": 1587597013433.559,
        "Net Income From Continuing And Discontinued Operation": 1549053000000.0,
        "Rent Expense Supplemental": NaN,
        "Diluted Average Shares": 487414572.0,
        "Basic Average Shares": 487414572.0,
        "Diluted EPS": 3062.0,
        "Basic EPS": 3062.0,
        "Diluted NI Availto Com Stockholders": 1492510000000.0,
        "Net Income Common Stockholders": 1492510000000.0,
        "Otherunder Preferred Stock Dividend": 56543000000.0,
        "Net Income": 1549053000000.0,
        "Minority Interests": -28181000000.0,
        "Net Income Including Noncontrolling Interests": 1577234000000.0,
        "Net Income Continuous Operations": 1577234000000.0,
        "Tax Provision": 494890000000.0,
        "Pretax Income": 2072124000000.0,
        "Other Non Operating Income Expenses": -17364000000.0,
        "Special Income Charges": -50638000000.0,
        "Restructuring And Mergern Acquisition": 50638000000.0,
        "Gain On Sale Of Security": 875075000000.0,
        "Depreciation Amortization Depletion Income Statement": 214197000000.0,
        "Depreciation And Amortization In Income Statement": 214197000000.0,
        "Amortization": 76822000000.0,
        "Amortization Of Intangibles Income Statement": 76822000000.0,
        "Depreciation Income Statement": 137375000000.0,
        "Selling General And Administration": 1132748000000.0,
        "Selling And Marketing Expense": 66088000000.0,
        "General And Administrative Expense": 1066660000000.0,
        "Other Gand A": 231483000000.0,
        "Insurance And Claims": NaN,
        "Rent And Landing Fees": NaN,
        "Salaries And Wages": 835177000000.0,
        "Total Revenue": 4724775000000.0,
        "Operating Revenue": 4724775000000.0,
        "Other Non Interest Expense": 683655000000.0
    }
}