{
    "2023-06-30": {
        "Tax Effect Of Unusual Items": 0.0,
        "Tax Rate For Calcs": 0.0,
        "Normalized EBITDA": -534679.0,
        "Total Unusual Items": 0.0,
        "Total Unusual Items Excluding Goodwill": 0.0,
        "Net Income From Continuing Operation Net Minority Interest": -566481.0,
        "Reconciled Depreciation": 3980.0,
        "Reconciled Cost Of Revenue": 44311.0,
        "EBITDA": -534679.0,
        "EBIT": -555395.0,
        "Net Interest Income": -10766.0,
        "Interest Expense": 11086.0,
        "Interest Income": 320.0,
        "Normalized Income": -566481.0,
        "Net Income From Continuing And Discontinued Operation": -359591.0,
        "Total Expenses": 1769314.0,
        "Rent Expense Supplemental": 52905.0,
        "Diluted Average Shares": 25551752.0,
        "Basic Average Shares": 25551752.0,
        "Diluted EPS": -0.01,
        "Basic EPS": -0.01,
        "Diluted NI Availto Com Stockholders": -359591.0,
        "Net Income Common Stockholders": -359591.0,
        "Net Income": -359591.0,
        "Net Income Including Noncontrolling Interests": -359591.0,
        "Net Income Discontinuous Operations": 206890.0,
        "Net Income Continuous Operations": -566481.0,
        "Pretax Income": -566481.0,
        "Other Income Expense": 1190294.0,
        "Other Non Operating Income Expenses": 1190294.0,
        "Special Income Charges": 0.0,
        "Gain On Sale Of Business": NaN,
        "Write Off": 0.0,
        "Earnings From Equity Interest": 0.0,
        "Gain On Sale Of Security": NaN,
        "Net Non Operating Interest Income Expense": -10766.0,
        "Interest Expense Non Operating": 11086.0,
        "Interest Income Non Operating": 320.0,
        "Operating Income": -1746009.0,
        "Operating Expense": 1741739.0,
        "Depreciation Amortization Depletion Income Statement": 20716.0,
        "Depreciation And Amortization In Income Statement": 20716.0,
        "Research And Development": 3780.0,
        "Selling General And Administration": 1717243.0,
        "Selling And Marketing Expense": 17006.0,
        "General And Administrative Expense": 1700237.0,
        "Other Gand A": 1427332.0,
        "Rent And Landing Fees": 52905.0,
        "Salaries And Wages": 220000.0,
        "Gross Profit": -4270.0,
        "Cost Of Revenue": 27575.0,
        "Total Revenue": 23305.0,
        "Operating Revenue": 23305.0
    },
    "2023-03-31": {
        "Tax Effect Of Unusual Items": NaN,
        "Tax Rate For Calcs": NaN,
        "Normalized EBITDA": NaN,
        "Total Unusual Items": 0.0,
        "Total Unusual Items Excluding Goodwill": 0.0,
        "Net Income From Continuing Operation Net Minority Interest": NaN,
        "Reconciled Depreciation": NaN,
        "Reconciled Cost Of Revenue": NaN,
        "EBITDA": NaN,
        "EBIT": NaN,
        "Net Interest Income": NaN,
        "Interest Expense": NaN,
        "Interest Income": NaN,
        "Normalized Income": NaN,
        "Net Income From Continuing And Discontinued Operation": NaN,
        "Total Expenses": NaN,
        "Rent Expense Supplemental": NaN,
        "Diluted Average Shares": NaN,
        "Basic Average Shares": NaN,
        "Diluted EPS": NaN,
        "Basic EPS": NaN,
        "Diluted NI Availto Com Stockholders": NaN,
        "Net Income Common Stockholders": NaN,
        "Net Income": NaN,
        "Net Income Including Noncontrolling Interests": NaN,
        "Net Income Discontinuous Operations": NaN,
        "Net Income Continuous Operations": NaN,
        "Pretax Income": NaN,
        "Other Income Expense": NaN,
        "Other Non Operating Income Expenses": -99.0,
        "Special Income Charges": 0.0,
        "Gain On Sale Of Business": NaN,
        "Write Off": 0.0,
        "Earnings From Equity Interest": NaN,
        "Gain On Sale Of Security": NaN,
        "Net Non Operating Interest Income Expense": NaN,
        "Interest Expense Non Operating": NaN,
        "Interest Income Non Operating": NaN,
        "Operating Income": NaN,
        "Operating Expense": NaN,
        "Depreciation Amortization Depletion Income Statement": NaN,
        "Depreciation And Amortization In Income Statement": NaN,
        "Research And Development": NaN,
        "Selling General And Administration": NaN,
        "Selling And Marketing Expense": NaN,
        "General And Administrative Expense": NaN,
        "Other Gand A": NaN,
        "Rent And Landing Fees": NaN,
        "Salaries And Wages": NaN,
        "Gross Profit": NaN,
        "Cost Of Revenue": NaN,
        "Total Revenue": NaN,
        "Operating Revenue": NaN
    },
    "2022-12-31": {
        "Tax Effect Of Unusual Items": NaN,
        "Tax Rate For Calcs": NaN,
        "Normalized EBITDA": NaN,
        "Total Unusual Items": NaN,
        "Total Unusual Items Excluding Goodwill": NaN,
        "Net Income From Continuing Operation Net Minority Interest": NaN,
        "Reconciled Depreciation": NaN,
        "Reconciled Cost Of Revenue": NaN,
        "EBITDA": NaN,
        "EBIT": NaN,
        "Net Interest Income": NaN,
        "Interest Expense": NaN,
        "Interest Income": NaN,
        "Normalized Income": NaN,
        "Net Income From Continuing And Discontinued Operation": NaN,
        "Total Expenses": NaN,
        "Rent Expense Supplemental": NaN,
        "Diluted Average Shares": NaN,
        "Basic Average Shares": NaN,
        "Diluted EPS": NaN,
        "Basic EPS": NaN,
        "Diluted NI Availto Com Stockholders": NaN,
        "Net Income Common Stockholders": NaN,
        "Net Income": NaN,
        "Net Income Including Noncontrolling Interests": NaN,
        "Net Income Discontinuous Operations": NaN,
        "Net Income Continuous Operations": NaN,
        "Pretax Income": NaN,
        "Other Income Expense": NaN,
        "Other Non Operating Income Expenses": -3269.0,
        "Special Income Charges": -1450000.0,
        "Gain On Sale Of Business": NaN,
        "Other Special Charges": 3269.0,
        "Write Off": NaN,
        "Impairment Of Capital Assets": 450000.0,
        "Earnings From Equity Interest": NaN,
        "Gain On Sale Of Security": NaN,
        "Net Non Operating Interest Income Expense": NaN,
        "Interest Expense Non Operating": NaN,
        "Interest Income Non Operating": NaN,
        "Operating Income": NaN,
        "Operating Expense": NaN,
        "Depreciation Amortization Depletion Income Statement": NaN,
        "Depreciation And Amortization In Income Statement": NaN,
        "Research And Development": NaN,
        "Selling General And Administration": NaN,
        "Selling And Marketing Expense": NaN,
        "General And Administrative Expense": NaN,
        "Other Gand A": NaN,
        "Rent And Landing Fees": NaN,
        "Salaries And Wages": NaN,
        "Gross Profit": NaN,
        "Cost Of Revenue": NaN,
        "Total Revenue": NaN,
        "Operating Revenue": NaN
    },
    "2022-09-30": {
        "Tax Effect Of Unusual Items": NaN,
        "Tax Rate For Calcs": NaN,
        "Normalized EBITDA": NaN,
        "Total Unusual Items": NaN,
        "Total Unusual Items Excluding Goodwill": NaN,
        "Net Income From Continuing Operation Net Minority Interest": NaN,
        "Reconciled Depreciation": NaN,
        "Reconciled Cost Of Revenue": NaN,
        "EBITDA": NaN,
        "EBIT": NaN,
        "Net Interest Income": NaN,
        "Interest Expense": NaN,
        "Interest Income": NaN,
        "Normalized Income": NaN,
        "Net Income From Continuing And Discontinued Operation": NaN,
        "Total Expenses": NaN,
        "Rent Expense Supplemental": 49022.0,
        "Diluted Average Shares": 21530012.0,
        "Basic Average Shares": 21530012.0,
        "Diluted EPS": -0.1,
        "Basic EPS": -0.1,
        "Diluted NI Availto Com Stockholders": NaN,
        "Net Income Common Stockholders": NaN,
        "Net Income": NaN,
        "Net Income Including Noncontrolling Interests": NaN,
        "Net Income Discontinuous Operations": 182879.0,
        "Net Income Continuous Operations": NaN,
        "Pretax Income": NaN,
        "Other Income Expense": NaN,
        "Other Non Operating Income Expenses": NaN,
        "Special Income Charges": 0.0,
        "Gain On Sale Of Business": 0.0,
        "Other Special Charges": NaN,
        "Write Off": 0.0,
        "Impairment Of Capital Assets": 0.0,
        "Earnings From Equity Interest": 0.0,
        "Gain On Sale Of Security": NaN,
        "Net Non Operating Interest Income Expense": NaN,
        "Interest Expense Non Operating": NaN,
        "Interest Income Non Operating": NaN,
        "Operating Income": NaN,
        "Operating Expense": NaN,
        "Depreciation Amortization Depletion Income Statement": 23186.0,
        "Depreciation And Amortization In Income Statement": 23186.0,
        "Research And Development": 3876.0,
        "Selling General And Administration": NaN,
        "Selling And Marketing Expense": 9575.0,
        "General And Administrative Expense": NaN,
        "Other Gand A": NaN,
        "Rent And Landing Fees": 49022.0,
        "Salaries And Wages": 295860.0,
        "Gross Profit": NaN,
        "Cost Of Revenue": NaN,
        "Total Revenue": NaN,
        "Operating Revenue": NaN
    },
    "2022-06-30": {
        "Tax Effect Of Unusual Items": 0.0,
        "Tax Rate For Calcs": 0.0,
        "Normalized EBITDA": -870331.0,
        "Total Unusual Items": 0.0,
        "Total Unusual Items Excluding Goodwill": 0.0,
        "Net Income From Continuing Operation Net Minority Interest": -1440756.0,
        "Reconciled Depreciation": 21871.0,
        "Reconciled Cost Of Revenue": 2495339.0,
        "EBITDA": -870331.0,
        "EBIT": -892202.0,
        "Net Interest Income": -548189.0,
        "Interest Expense": 548554.0,
        "Interest Income": 365.0,
        "Normalized Income": -1440756.0,
        "Net Income From Continuing And Discontinued Operation": -1440756.0,
        "Total Expenses": 3893149.0,
        "Rent Expense Supplemental": NaN,
        "Diluted Average Shares": 21949416.0,
        "Basic Average Shares": 21949416.0,
        "Diluted EPS": -0.07,
        "Basic EPS": -0.07,
        "Diluted NI Availto Com Stockholders": -1440756.0,
        "Net Income Common Stockholders": -1440756.0,
        "Net Income": -1440756.0,
        "Net Income Including Noncontrolling Interests": -1440756.0,
        "Net Income Continuous Operations": -1440756.0,
        "Pretax Income": -1440756.0,
        "Other Income Expense": NaN,
        "Other Non Operating Income Expenses": NaN,
        "Special Income Charges": 0.0,
        "Other Special Charges": NaN,
        "Write Off": 0.0,
        "Impairment Of Capital Assets": NaN,
        "Net Non Operating Interest Income Expense": -548189.0,
        "Interest Expense Non Operating": 548554.0,
        "Interest Income Non Operating": 365.0,
        "Operating Income": -892567.0,
        "Operating Expense": 1397810.0,
        "Depreciation Amortization Depletion Income Statement": NaN,
        "Depreciation And Amortization In Income Statement": NaN,
        "Research And Development": NaN,
        "Selling General And Administration": 1397810.0,
        "Selling And Marketing Expense": NaN,
        "General And Administrative Expense": 1397810.0,
        "Other Gand A": 1397810.0,
        "Rent And Landing Fees": NaN,
        "Salaries And Wages": NaN,
        "Gross Profit": 505243.0,
        "Cost Of Revenue": 2495339.0,
        "Total Revenue": 3000582.0,
        "Operating Revenue": 3000582.0
    },
    "2023-09-30": {
        "Tax Effect Of Unusual Items": 0.0,
        "Tax Rate For Calcs": 0.0,
        "Normalized EBITDA": -7118775.0,
        "Total Unusual Items": 0.0,
        "Total Unusual Items Excluding Goodwill": 0.0,
        "Net Income From Continuing Operation Net Minority Interest": -7277606.0,
        "Reconciled Depreciation": 104080.0,
        "Reconciled Cost Of Revenue": 9713.0,
        "EBITDA": -7118775.0,
        "EBIT": -7222855.0,
        "Net Interest Income": 1362.0,
        "Interest Expense": 54751.0,
        "Interest Income": 56113.0,
        "Normalized Income": -7277606.0,
        "Net Income From Continuing And Discontinued Operation": -7738301.0,
        "Total Expenses": 4137046.0,
        "Rent Expense Supplemental": 59563.0,
        "Diluted Average Shares": 29836485.0,
        "Basic Average Shares": 29836485.0,
        "Diluted EPS": -0.26,
        "Basic EPS": -0.26,
        "Diluted NI Availto Com Stockholders": -7738301.0,
        "Net Income Common Stockholders": -7738301.0,
        "Net Income": -7738301.0,
        "Net Income Including Noncontrolling Interests": -7738301.0,
        "Net Income Discontinuous Operations": -460695.0,
        "Net Income Continuous Operations": -7277606.0,
        "Pretax Income": -7277606.0,
        "Other Income Expense": -3153799.0,
        "Other Non Operating Income Expenses": -2426915.0,
        "Special Income Charges": 0.0,
        "Gain On Sale Of Business": -409549.0,
        "Write Off": 0.0,
        "Earnings From Equity Interest": -726884.0,
        "Gain On Sale Of Security": NaN,
        "Net Non Operating Interest Income Expense": 1362.0,
        "Interest Expense Non Operating": 54751.0,
        "Interest Income Non Operating": 56113.0,
        "Operating Income": -4125169.0,
        "Operating Expense": 4090608.0,
        "Depreciation Amortization Depletion Income Statement": 67355.0,
        "Depreciation And Amortization In Income Statement": 67355.0,
        "Research And Development": 61163.0,
        "Selling General And Administration": 3962090.0,
        "Selling And Marketing Expense": 170633.0,
        "General And Administrative Expense": 3791457.0,
        "Other Gand A": 2486865.0,
        "Rent And Landing Fees": 59563.0,
        "Salaries And Wages": 1245029.0,
        "Gross Profit": -34561.0,
        "Cost Of Revenue": 46438.0,
        "Total Revenue": 11877.0,
        "Operating Revenue": 11877.0
    },
    "2024-03-31": {
        "Tax Effect Of Unusual Items": 0.0,
        "Tax Rate For Calcs": 0.0,
        "Normalized EBITDA": -15669727.0,
        "Total Unusual Items": 151388.0,
        "Total Unusual Items Excluding Goodwill": 151388.0,
        "Net Income From Continuing Operation Net Minority Interest": -15674671.0,
        "Reconciled Depreciation": 104501.0,
        "Reconciled Cost Of Revenue": 2383285.0,
        "EBITDA": -15518339.0,
        "EBIT": -15622840.0,
        "Net Interest Income": -57799.0,
        "Interest Expense": 61831.0,
        "Interest Income": 4032.0,
        "Normalized Income": -15826059.0,
        "Net Income From Continuing And Discontinued Operation": -15674671.0,
        "Total Expenses": 15349837.0,
        "Rent Expense Supplemental": 84831.0,
        "Diluted Average Shares": 47435503.0,
        "Basic Average Shares": 47435503.0,
        "Diluted EPS": -0.33,
        "Basic EPS": -0.33,
        "Diluted NI Availto Com Stockholders": -15674671.0,
        "Net Income Common Stockholders": -15674671.0,
        "Net Income": -15674671.0,
        "Net Income Including Noncontrolling Interests": -15684671.0,
        "Net Income Discontinuous Operations": 0.0,
        "Net Income Continuous Operations": -15684671.0,
        "Pretax Income": -15684671.0,
        "Other Income Expense": -447767.0,
        "Other Non Operating Income Expenses": NaN,
        "Special Income Charges": NaN,
        "Gain On Sale Of Business": NaN,
        "Write Off": NaN,
        "Earnings From Equity Interest": -599155.0,
        "Gain On Sale Of Security": 151388.0,
        "Net Non Operating Interest Income Expense": -57799.0,
        "Interest Expense Non Operating": 61831.0,
        "Interest Income Non Operating": 4032.0,
        "Operating Income": -15179105.0,
        "Operating Expense": 12966552.0,
        "Depreciation Amortization Depletion Income Statement": 104501.0,
        "Depreciation And Amortization In Income Statement": 104501.0,
        "Research And Development": 141493.0,
        "Selling General And Administration": 12720558.0,
        "Selling And Marketing Expense": 1450773.0,
        "General And Administrative Expense": 11269785.0,
        "Other Gand A": 3094420.0,
        "Rent And Landing Fees": 84831.0,
        "Salaries And Wages": 8090534.0,
        "Gross Profit": -2212553.0,
        "Cost Of Revenue": 2383285.0,
        "Total Revenue": 170732.0,
        "Operating Revenue": 170732.0
    },
    "2024-06-30": {
        "Tax Effect Of Unusual Items": 0.0,
        "Tax Rate For Calcs": 0.0,
        "Normalized EBITDA": -7848674.0,
        "Total Unusual Items": -198046.0,
        "Total Unusual Items Excluding Goodwill": -198046.0,
        "Net Income From Continuing Operation Net Minority Interest": -8274094.0,
        "Reconciled Depreciation": 104501.0,
        "Reconciled Cost Of Revenue": 504528.0,
        "EBITDA": -8046720.0,
        "EBIT": -8151221.0,
        "Net Interest Income": -95690.0,
        "Interest Expense": 122873.0,
        "Interest Income": 27183.0,
        "Normalized Income": -8076048.0,
        "Net Income From Continuing And Discontinued Operation": -8274094.0,
        "Total Expenses": 9123146.0,
        "Rent Expense Supplemental": 135410.0,
        "Diluted Average Shares": 51735158.0,
        "Basic Average Shares": 51735158.0,
        "Diluted EPS": -0.16,
        "Basic EPS": -0.16,
        "Diluted NI Availto Com Stockholders": -8274094.0,
        "Net Income Common Stockholders": -8274094.0,
        "Net Income": -8274094.0,
        "Net Income Including Noncontrolling Interests": -8274094.0,
        "Net Income Discontinuous Operations": 0.0,
        "Net Income Continuous Operations": -8274094.0,
        "Pretax Income": -8274094.0,
        "Other Income Expense": 234502.0,
        "Other Non Operating Income Expenses": 432548.0,
        "Special Income Charges": NaN,
        "Gain On Sale Of Business": NaN,
        "Write Off": NaN,
        "Earnings From Equity Interest": 0.0,
        "Gain On Sale Of Security": -198046.0,
        "Net Non Operating Interest Income Expense": -95690.0,
        "Interest Expense Non Operating": 122873.0,
        "Interest Income Non Operating": 27183.0,
        "Operating Income": -8412906.0,
        "Operating Expense": 8618618.0,
        "Depreciation Amortization Depletion Income Statement": 104501.0,
        "Depreciation And Amortization In Income Statement": 104501.0,
        "Research And Development": 119911.0,
        "Selling General And Administration": 8394206.0,
        "Selling And Marketing Expense": 2593322.0,
        "General And Administrative Expense": 5800884.0,
        "Other Gand A": 2710339.0,
        "Rent And Landing Fees": 135410.0,
        "Salaries And Wages": 2955135.0,
        "Gross Profit": 205712.0,
        "Cost Of Revenue": 504528.0,
        "Total Revenue": 710240.0,
        "Operating Revenue": 710240.0
    },
    "2024-09-30": {
        "Tax Effect Of Unusual Items": 0.0,
        "Tax Rate For Calcs": 0.0,
        "Normalized EBITDA": -11453657.0,
        "Total Unusual Items": NaN,
        "Total Unusual Items Excluding Goodwill": NaN,
        "Net Income From Continuing Operation Net Minority Interest": -11630093.0,
        "Reconciled Depreciation": 109033.0,
        "Reconciled Cost Of Revenue": 402399.0,
        "EBITDA": -11453657.0,
        "EBIT": -11562690.0,
        "Net Interest Income": -57920.0,
        "Interest Expense": 67404.0,
        "Interest Income": 9484.0,
        "Normalized Income": -11630093.0,
        "Net Income From Continuing And Discontinued Operation": -11929277.0,
        "Total Expenses": 11750720.0,
        "Rent Expense Supplemental": 93357.0,
        "Diluted Average Shares": 55930639.0,
        "Basic Average Shares": 55930639.0,
        "Diluted EPS": -0.21,
        "Basic EPS": -0.21,
        "Diluted NI Availto Com Stockholders": -11929277.0,
        "Net Income Common Stockholders": -11929277.0,
        "Net Income": -11929277.0,
        "Net Income Including Noncontrolling Interests": -11929278.0,
        "Net Income Discontinuous Operations": -299184.0,
        "Net Income Continuous Operations": -11630094.0,
        "Pretax Income": -11630094.0,
        "Other Income Expense": 68333.0,
        "Other Non Operating Income Expenses": 68333.0,
        "Special Income Charges": NaN,
        "Gain On Sale Of Business": NaN,
        "Write Off": NaN,
        "Earnings From Equity Interest": 0.0,
        "Gain On Sale Of Security": NaN,
        "Net Non Operating Interest Income Expense": -57920.0,
        "Interest Expense Non Operating": 67404.0,
        "Interest Income Non Operating": 9484.0,
        "Operating Income": -11640507.0,
        "Operating Expense": 11348321.0,
        "Depreciation Amortization Depletion Income Statement": 109033.0,
        "Depreciation And Amortization In Income Statement": 109033.0,
        "Research And Development": 10315.0,
        "Selling General And Administration": 11228973.0,
        "Selling And Marketing Expense": 2186808.0,
        "General And Administrative Expense": 9042165.0,
        "Other Gand A": 3582787.0,
        "Rent And Landing Fees": 93357.0,
        "Salaries And Wages": 5366021.0,
        "Gross Profit": -292186.0,
        "Cost Of Revenue": 402399.0,
        "Total Revenue": 110213.0,
        "Operating Revenue": 110213.0
    },
    "2024-12-31": {
        "Tax Effect Of Unusual Items": 0.0,
        "Tax Rate For Calcs": 0.0,
        "Normalized EBITDA": -12798338.0,
        "Total Unusual Items": NaN,
        "Total Unusual Items Excluding Goodwill": NaN,
        "Net Income From Continuing Operation Net Minority Interest": -12832972.0,
        "Reconciled Depreciation": 110793.0,
        "Reconciled Cost Of Revenue": 598625.0,
        "EBITDA": -12798338.0,
        "EBIT": -12909131.0,
        "Net Interest Income": 93084.0,
        "Interest Expense": -76181.0,
        "Interest Income": 16903.0,
        "Normalized Income": -12832972.0,
        "Net Income From Continuing And Discontinued Operation": -13531590.0,
        "Total Expenses": 7287029.0,
        "Rent Expense Supplemental": NaN,
        "Diluted Average Shares": NaN,
        "Basic Average Shares": NaN,
        "Diluted EPS": NaN,
        "Basic EPS": NaN,
        "Diluted NI Availto Com Stockholders": -13531590.0,
        "Net Income Common Stockholders": -13531590.0,
        "Net Income": -13531590.0,
        "Net Income Including Noncontrolling Interests": -13531568.0,
        "Net Income Discontinuous Operations": -698618.0,
        "Net Income Continuous Operations": -12832950.0,
        "Pretax Income": -12832950.0,
        "Other Income Expense": -5821179.0,
        "Other Non Operating Income Expenses": -5005430.0,
        "Special Income Charges": NaN,
        "Gain On Sale Of Business": NaN,
        "Write Off": NaN,
        "Earnings From Equity Interest": -862407.0,
        "Gain On Sale Of Security": NaN,
        "Net Non Operating Interest Income Expense": 93084.0,
        "Interest Expense Non Operating": -76181.0,
        "Interest Income Non Operating": 16903.0,
        "Operating Income": -7104855.0,
        "Operating Expense": 6688404.0,
        "Depreciation Amortization Depletion Income Statement": NaN,
        "Depreciation And Amortization In Income Statement": NaN,
        "Research And Development": NaN,
        "Selling General And Administration": 7278158.0,
        "Selling And Marketing Expense": NaN,
        "General And Administrative Expense": 13509061.0,
        "Other Gand A": 30234349.0,
        "Rent And Landing Fees": NaN,
        "Salaries And Wages": NaN,
        "Gross Profit": -416451.0,
        "Cost Of Revenue": 598625.0,
        "Total Revenue": 182174.0,
        "Operating Revenue": 182174.0
    }
}