{
    "2023-03-31": {
        "Tax Effect Of Unusual Items": -15120.0,
        "Tax Rate For Calcs": 0.21,
        "Normalized EBITDA": -6850000.0,
        "Total Unusual Items": -72000.0,
        "Total Unusual Items Excluding Goodwill": -72000.0,
        "Net Income From Continuing Operation Net Minority Interest": -7403000.0,
        "Reconciled Depreciation": 442000.0,
        "Reconciled Cost Of Revenue": 4917000.0,
        "EBITDA": -6922000.0,
        "EBIT": -7364000.0,
        "Net Interest Income": 298000.0,
        "Interest Expense": 21000.0,
        "Interest Income": 319000.0,
        "Normalized Income": -7346120.0,
        "Net Income From Continuing And Discontinued Operation": -7403000.0,
        "Total Expenses": 15924000.0,
        "Total Operating Income As Reported": -7725000.0,
        "Diluted Average Shares": 6676331.0,
        "Basic Average Shares": 6676331.0,
        "Diluted EPS": -1.12,
        "Basic EPS": -1.12,
        "Diluted NI Availto Com Stockholders": -7403000.0,
        "Net Income Common Stockholders": -7403000.0,
        "Otherunder Preferred Stock Dividend": NaN,
        "Net Income": -7403000.0,
        "Net Income Including Noncontrolling Interests": -7403000.0,
        "Net Income Continuous Operations": -7403000.0,
        "Tax Provision": 18000.0,
        "Pretax Income": -7385000.0,
        "Other Income Expense": 42000.0,
        "Other Non Operating Income Expenses": 114000.0,
        "Special Income Charges": -72000.0,
        "Gain On Sale Of Ppe": -72000.0,
        "Write Off": NaN,
        "Restructuring And Mergern Acquisition": NaN,
        "Gain On Sale Of Security": NaN,
        "Net Non Operating Interest Income Expense": 298000.0,
        "Interest Expense Non Operating": 21000.0,
        "Interest Income Non Operating": 319000.0,
        "Operating Income": -7725000.0,
        "Operating Expense": 11007000.0,
        "Research And Development": 2526000.0,
        "Selling General And Administration": 8481000.0,
        "Gross Profit": 3282000.0,
        "Cost Of Revenue": 4917000.0,
        "Total Revenue": 8199000.0,
        "Operating Revenue": 8199000.0
    },
    "2022-12-31": {
        "Tax Effect Of Unusual Items": 3570.0,
        "Tax Rate For Calcs": 0.21,
        "Normalized EBITDA": -6466000.0,
        "Total Unusual Items": 17000.0,
        "Total Unusual Items Excluding Goodwill": 17000.0,
        "Net Income From Continuing Operation Net Minority Interest": -6960000.0,
        "Reconciled Depreciation": 482000.0,
        "Reconciled Cost Of Revenue": 5149000.0,
        "EBITDA": -6449000.0,
        "EBIT": -6931000.0,
        "Net Interest Income": 126000.0,
        "Interest Expense": 0.0,
        "Interest Income": 126000.0,
        "Normalized Income": -6973430.0,
        "Net Income From Continuing And Discontinued Operation": -6960000.0,
        "Total Expenses": 15897000.0,
        "Total Operating Income As Reported": -7192000.0,
        "Diluted Average Shares": 6644383.0,
        "Basic Average Shares": 6644383.0,
        "Diluted EPS": -1.04,
        "Basic EPS": -1.04,
        "Diluted NI Availto Com Stockholders": -6960000.0,
        "Net Income Common Stockholders": -6960000.0,
        "Otherunder Preferred Stock Dividend": 0.0,
        "Net Income": -6960000.0,
        "Net Income Including Noncontrolling Interests": -6960000.0,
        "Net Income Continuous Operations": -6960000.0,
        "Tax Provision": 29000.0,
        "Pretax Income": -6931000.0,
        "Other Income Expense": 135000.0,
        "Other Non Operating Income Expenses": 118000.0,
        "Special Income Charges": -249000.0,
        "Gain On Sale Of Ppe": NaN,
        "Write Off": NaN,
        "Restructuring And Mergern Acquisition": 200000.0,
        "Gain On Sale Of Security": 266000.0,
        "Net Non Operating Interest Income Expense": 126000.0,
        "Interest Expense Non Operating": 0.0,
        "Interest Income Non Operating": 126000.0,
        "Operating Income": -7192000.0,
        "Operating Expense": 10748000.0,
        "Research And Development": 3417000.0,
        "Selling General And Administration": 7331000.0,
        "Gross Profit": 3556000.0,
        "Cost Of Revenue": 5149000.0,
        "Total Revenue": 8705000.0,
        "Operating Revenue": 8705000.0
    },
    "2022-09-30": {
        "Tax Effect Of Unusual Items": NaN,
        "Tax Rate For Calcs": NaN,
        "Normalized EBITDA": NaN,
        "Total Unusual Items": NaN,
        "Total Unusual Items Excluding Goodwill": NaN,
        "Net Income From Continuing Operation Net Minority Interest": NaN,
        "Reconciled Depreciation": NaN,
        "Reconciled Cost Of Revenue": NaN,
        "EBITDA": NaN,
        "EBIT": NaN,
        "Net Interest Income": NaN,
        "Interest Expense": NaN,
        "Interest Income": NaN,
        "Normalized Income": NaN,
        "Net Income From Continuing And Discontinued Operation": NaN,
        "Total Expenses": NaN,
        "Total Operating Income As Reported": NaN,
        "Diluted Average Shares": 6648195.0,
        "Basic Average Shares": 6648195.0,
        "Diluted EPS": -0.68,
        "Basic EPS": -0.68,
        "Diluted NI Availto Com Stockholders": NaN,
        "Net Income Common Stockholders": NaN,
        "Otherunder Preferred Stock Dividend": 0.0,
        "Net Income": NaN,
        "Net Income Including Noncontrolling Interests": NaN,
        "Net Income Continuous Operations": NaN,
        "Tax Provision": NaN,
        "Pretax Income": NaN,
        "Other Income Expense": NaN,
        "Other Non Operating Income Expenses": NaN,
        "Special Income Charges": NaN,
        "Gain On Sale Of Ppe": 0.0,
        "Write Off": 0.0,
        "Restructuring And Mergern Acquisition": -1784000.0,
        "Gain On Sale Of Security": 31000.0,
        "Net Non Operating Interest Income Expense": NaN,
        "Interest Expense Non Operating": NaN,
        "Interest Income Non Operating": NaN,
        "Operating Income": NaN,
        "Operating Expense": NaN,
        "Research And Development": NaN,
        "Selling General And Administration": NaN,
        "Gross Profit": NaN,
        "Cost Of Revenue": NaN,
        "Total Revenue": NaN,
        "Operating Revenue": NaN
    },
    "2022-06-30": {
        "Tax Effect Of Unusual Items": 0.0,
        "Tax Rate For Calcs": 0.0,
        "Normalized EBITDA": -5063000.0,
        "Total Unusual Items": 765000.0,
        "Total Unusual Items Excluding Goodwill": 765000.0,
        "Net Income From Continuing Operation Net Minority Interest": -4674000.0,
        "Reconciled Depreciation": 377000.0,
        "Reconciled Cost Of Revenue": 4791000.0,
        "EBITDA": -4298000.0,
        "EBIT": -4675000.0,
        "Net Interest Income": 1000.0,
        "Interest Expense": 0.0,
        "Interest Income": 1000.0,
        "Normalized Income": -5439000.0,
        "Net Income From Continuing And Discontinued Operation": -4674000.0,
        "Total Expenses": 13912000.0,
        "Total Operating Income As Reported": -5479000.0,
        "Diluted Average Shares": 6633658.0,
        "Basic Average Shares": 6633658.0,
        "Diluted EPS": -0.7,
        "Basic EPS": -0.7,
        "Diluted NI Availto Com Stockholders": -4674000.0,
        "Net Income Common Stockholders": -4674000.0,
        "Otherunder Preferred Stock Dividend": NaN,
        "Net Income": -4674000.0,
        "Net Income Including Noncontrolling Interests": -4674000.0,
        "Net Income Continuous Operations": -4674000.0,
        "Tax Provision": -1000.0,
        "Pretax Income": -4675000.0,
        "Other Income Expense": 803000.0,
        "Other Non Operating Income Expenses": 38000.0,
        "Special Income Charges": 0.0,
        "Gain On Sale Of Ppe": NaN,
        "Gain On Sale Of Security": 765000.0,
        "Net Non Operating Interest Income Expense": 1000.0,
        "Interest Expense Non Operating": 0.0,
        "Interest Income Non Operating": 1000.0,
        "Operating Income": -5479000.0,
        "Operating Expense": 9121000.0,
        "Research And Development": 2355000.0,
        "Selling General And Administration": 6766000.0,
        "Gross Profit": 3642000.0,
        "Cost Of Revenue": 4791000.0,
        "Total Revenue": 8433000.0,
        "Operating Revenue": 8433000.0
    },
    "2022-03-31": {
        "Diluted EPS": -0.64,
        "Total Revenue": 8,
        "Gross Profit": 3,
        "Operating Income": -5,
        "EBIT": -5,
        "Net Income": -4
    },
    "2021-12-31": {
        "Diluted EPS": -0.29,
        "Total Revenue": 8,
        "Gross Profit": 4,
        "Operating Income": -5,
        "EBIT": -5,
        "Net Income": -2
    },
    "2021-09-30": {
        "Diluted EPS": -3.28,
        "Total Revenue": 8,
        "Gross Profit": 4,
        "Operating Income": -2,
        "EBIT": -2,
        "Net Income": -16
    },
    "2021-06-30": {
        "Diluted EPS": -0.03,
        "Total Revenue": 9,
        "Gross Profit": 4,
        "Operating Income": 0,
        "EBIT": 0,
        "Net Income": 0
    },
    "2021-03-31": {
        "Diluted EPS": 0.4,
        "Total Revenue": 9,
        "Gross Profit": 4,
        "Operating Income": 0,
        "EBIT": 0,
        "Net Income": 2
    },
    "2020-12-31": {
        "Diluted EPS": 0.88,
        "Total Revenue": 24,
        "Gross Profit": 10,
        "Operating Income": -2,
        "EBIT": -2,
        "Net Income": -3
    },
    "2020-09-30": {
        "Diluted EPS": -0.08,
        "Total Revenue": 8,
        "Gross Profit": 4,
        "Operating Income": 0,
        "EBIT": 0,
        "Net Income": 0
    },
    "2020-06-30": {
        "Diluted EPS": -3.2,
        "Total Revenue": NaN,
        "Gross Profit": NaN,
        "Operating Income": 0,
        "EBIT": 0,
        "Net Income": -1
    },
    "2020-03-31": {
        "Diluted EPS": 1.68,
        "Total Revenue": NaN,
        "Gross Profit": NaN,
        "Operating Income": 0,
        "EBIT": 0,
        "Net Income": 1
    },
    "2019-12-31": {
        "Diluted EPS": 0.0,
        "Total Revenue": NaN,
        "Gross Profit": NaN,
        "Operating Income": NaN,
        "EBIT": NaN,
        "Net Income": NaN
    },
    "2019-09-30": {
        "Diluted EPS": 0.0,
        "Total Revenue": NaN,
        "Gross Profit": NaN,
        "Operating Income": NaN,
        "EBIT": NaN,
        "Net Income": NaN
    },
    "2023-06-30": {
        "Tax Effect Of Unusual Items": -2730.0,
        "Tax Rate For Calcs": 0.21,
        "Normalized EBITDA": -6187000.0,
        "Total Unusual Items": -13000.0,
        "Total Unusual Items Excluding Goodwill": -13000.0,
        "Net Income From Continuing Operation Net Minority Interest": -6781000.0,
        "Reconciled Depreciation": 530000.0,
        "Reconciled Cost Of Revenue": 5029000.0,
        "EBITDA": -6200000.0,
        "EBIT": -6730000.0,
        "Net Interest Income": 316000.0,
        "Interest Expense": 31000.0,
        "Interest Income": 347000.0,
        "Normalized Income": -6770730.0,
        "Net Income From Continuing And Discontinued Operation": -6781000.0,
        "Total Expenses": 15588000.0,
        "Total Operating Income As Reported": -7148000.0,
        "Diluted Average Shares": 6835568.0,
        "Basic Average Shares": 6835568.0,
        "Diluted EPS": -0.99,
        "Basic EPS": -0.99,
        "Diluted NI Availto Com Stockholders": -6781000.0,
        "Net Income Common Stockholders": -6781000.0,
        "Otherunder Preferred Stock Dividend": NaN,
        "Net Income": -6781000.0,
        "Net Income Including Noncontrolling Interests": -6781000.0,
        "Net Income Continuous Operations": -6781000.0,
        "Tax Provision": 20000.0,
        "Pretax Income": -6761000.0,
        "Other Income Expense": 71000.0,
        "Other Non Operating Income Expenses": 84000.0,
        "Special Income Charges": -13000.0,
        "Gain On Sale Of Ppe": -13000.0,
        "Write Off": NaN,
        "Restructuring And Mergern Acquisition": NaN,
        "Gain On Sale Of Security": NaN,
        "Net Non Operating Interest Income Expense": 316000.0,
        "Interest Expense Non Operating": 31000.0,
        "Interest Income Non Operating": 347000.0,
        "Operating Income": -7148000.0,
        "Operating Expense": 10559000.0,
        "Research And Development": 2478000.0,
        "Selling General And Administration": 8081000.0,
        "Gross Profit": 3411000.0,
        "Cost Of Revenue": 5029000.0,
        "Total Revenue": 8440000.0,
        "Operating Revenue": 8440000.0
    },
    "2023-09-30": {
        "Tax Effect Of Unusual Items": -16456.0,
        "Tax Rate For Calcs": 0.0017,
        "Normalized EBITDA": -8964000.0,
        "Total Unusual Items": -9680000.0,
        "Total Unusual Items Excluding Goodwill": -9680000.0,
        "Net Income From Continuing Operation Net Minority Interest": -19193000.0,
        "Reconciled Depreciation": 495000.0,
        "Reconciled Cost Of Revenue": 4926000.0,
        "EBITDA": -18644000.0,
        "EBIT": -19139000.0,
        "Net Interest Income": 212000.0,
        "Interest Expense": 35000.0,
        "Interest Income": 247000.0,
        "Normalized Income": -9529456.0,
        "Net Income From Continuing And Discontinued Operation": -19193000.0,
        "Total Expenses": 18147000.0,
        "Total Operating Income As Reported": -19456000.0,
        "Diluted Average Shares": 6968534.0,
        "Basic Average Shares": 6968534.0,
        "Diluted EPS": -2.75,
        "Basic EPS": -2.75,
        "Diluted NI Availto Com Stockholders": -19193000.0,
        "Net Income Common Stockholders": -19193000.0,
        "Otherunder Preferred Stock Dividend": NaN,
        "Net Income": -19193000.0,
        "Net Income Including Noncontrolling Interests": -19193000.0,
        "Net Income Continuous Operations": -19193000.0,
        "Tax Provision": 19000.0,
        "Pretax Income": -19174000.0,
        "Other Income Expense": -9610000.0,
        "Other Non Operating Income Expenses": 70000.0,
        "Special Income Charges": -9680000.0,
        "Gain On Sale Of Ppe": 0.0,
        "Write Off": 9680000.0,
        "Restructuring And Mergern Acquisition": 0.0,
        "Gain On Sale Of Security": NaN,
        "Net Non Operating Interest Income Expense": 212000.0,
        "Interest Expense Non Operating": 35000.0,
        "Interest Income Non Operating": 247000.0,
        "Operating Income": -9776000.0,
        "Operating Expense": 13221000.0,
        "Research And Development": 2257000.0,
        "Selling General And Administration": 10964000.0,
        "Gross Profit": 3445000.0,
        "Cost Of Revenue": 4926000.0,
        "Total Revenue": 8371000.0,
        "Operating Revenue": 8371000.0
    },
    "2023-12-31": {
        "Tax Effect Of Unusual Items": -13135.043059,
        "Tax Rate For Calcs": 0.003123,
        "Normalized EBITDA": -5902000.0,
        "Total Unusual Items": -4206000.0,
        "Total Unusual Items Excluding Goodwill": -4206000.0,
        "Net Income From Continuing Operation Net Minority Interest": -10534000.0,
        "Reconciled Depreciation": 403000.0,
        "Reconciled Cost Of Revenue": 5083000.0,
        "EBITDA": -10108000.0,
        "EBIT": -10511000.0,
        "Net Interest Income": 102000.0,
        "Interest Expense": 56000.0,
        "Interest Income": 158000.0,
        "Normalized Income": -6341135.043059,
        "Net Income From Continuing And Discontinued Operation": -10534000.0,
        "Total Expenses": 16320000.0,
        "Total Operating Income As Reported": -11076000.0,
        "Diluted Average Shares": NaN,
        "Basic Average Shares": NaN,
        "Diluted EPS": NaN,
        "Basic EPS": NaN,
        "Diluted NI Availto Com Stockholders": -10534000.0,
        "Net Income Common Stockholders": -10534000.0,
        "Otherunder Preferred Stock Dividend": NaN,
        "Net Income": -10534000.0,
        "Net Income Including Noncontrolling Interests": -10534000.0,
        "Net Income Continuous Operations": -10534000.0,
        "Tax Provision": -33000.0,
        "Pretax Income": -10567000.0,
        "Other Income Expense": -3799000.0,
        "Other Non Operating Income Expenses": 407000.0,
        "Special Income Charges": -4206000.0,
        "Gain On Sale Of Ppe": 0.0,
        "Write Off": 3134000.0,
        "Restructuring And Mergern Acquisition": 0.0,
        "Gain On Sale Of Security": NaN,
        "Net Non Operating Interest Income Expense": 102000.0,
        "Interest Expense Non Operating": 56000.0,
        "Interest Income Non Operating": 158000.0,
        "Operating Income": -6870000.0,
        "Operating Expense": 11237000.0,
        "Research And Development": 2041000.0,
        "Selling General And Administration": 9196000.0,
        "Gross Profit": 4367000.0,
        "Cost Of Revenue": 5083000.0,
        "Total Revenue": 9450000.0,
        "Operating Revenue": 9450000.0
    }
}