{
    "2023-06-30": {
        "Tax Effect Of Unusual Items": NaN,
        "Tax Rate For Calcs": NaN,
        "Normalized EBITDA": NaN,
        "Total Unusual Items": NaN,
        "Total Unusual Items Excluding Goodwill": NaN,
        "Net Income From Continuing Operation Net Minority Interest": NaN,
        "Reconciled Depreciation": NaN,
        "Reconciled Cost Of Revenue": NaN,
        "EBITDA": NaN,
        "EBIT": NaN,
        "Net Interest Income": NaN,
        "Interest Expense": NaN,
        "Interest Income": NaN,
        "Normalized Income": NaN,
        "Net Income From Continuing And Discontinued Operation": NaN,
        "Total Expenses": NaN,
        "Diluted Average Shares": NaN,
        "Basic Average Shares": NaN,
        "Diluted EPS": NaN,
        "Basic EPS": NaN,
        "Diluted NI Availto Com Stockholders": NaN,
        "Net Income Common Stockholders": NaN,
        "Net Income": NaN,
        "Net Income Including Noncontrolling Interests": NaN,
        "Net Income Continuous Operations": NaN,
        "Tax Provision": NaN,
        "Pretax Income": NaN,
        "Other Income Expense": NaN,
        "Other Non Operating Income Expenses": NaN,
        "Special Income Charges": NaN,
        "Gain On Sale Of Ppe": NaN,
        "Gain On Sale Of Business": NaN,
        "Write Off": 34000000.0,
        "Impairment Of Capital Assets": 34000000.0,
        "Gain On Sale Of Security": NaN,
        "Net Non Operating Interest Income Expense": NaN,
        "Total Other Finance Cost": NaN,
        "Interest Expense Non Operating": NaN,
        "Interest Income Non Operating": NaN,
        "Operating Income": NaN,
        "Operating Expense": NaN,
        "Other Operating Expenses": NaN,
        "Selling General And Administration": NaN,
        "General And Administrative Expense": NaN,
        "Other Gand A": NaN,
        "Salaries And Wages": -5100000.0,
        "Gross Profit": NaN,
        "Cost Of Revenue": NaN,
        "Total Revenue": NaN,
        "Operating Revenue": NaN
    },
    "2023-03-31": {
        "Tax Effect Of Unusual Items": 223000.0,
        "Tax Rate For Calcs": 0.223,
        "Normalized EBITDA": 877200000.0,
        "Total Unusual Items": 1000000.0,
        "Total Unusual Items Excluding Goodwill": 1000000.0,
        "Net Income From Continuing Operation Net Minority Interest": 477400000.0,
        "Reconciled Depreciation": 154100000.0,
        "Reconciled Cost Of Revenue": 3021500000.0,
        "EBITDA": 878200000.0,
        "EBIT": 724100000.0,
        "Net Interest Income": -109700000.0,
        "Interest Expense": 109300000.0,
        "Interest Income": 3500000.0,
        "Normalized Income": 476623000.0,
        "Net Income From Continuing And Discontinued Operation": 477400000.0,
        "Total Expenses": 4724500000.0,
        "Diluted Average Shares": 259700000.0,
        "Basic Average Shares": 256700000.0,
        "Diluted EPS": 1.84,
        "Basic EPS": 1.86,
        "Diluted NI Availto Com Stockholders": 477400000.0,
        "Net Income Common Stockholders": 477400000.0,
        "Net Income": 477400000.0,
        "Net Income Including Noncontrolling Interests": 477400000.0,
        "Net Income Continuous Operations": 477400000.0,
        "Tax Provision": 137400000.0,
        "Pretax Income": 614800000.0,
        "Other Income Expense": 6600000.0,
        "Other Non Operating Income Expenses": 5600000.0,
        "Special Income Charges": 4600000.0,
        "Gain On Sale Of Ppe": 4600000.0,
        "Gain On Sale Of Business": NaN,
        "Impairment Of Capital Assets": NaN,
        "Gain On Sale Of Security": -3600000.0,
        "Net Non Operating Interest Income Expense": -109700000.0,
        "Total Other Finance Cost": 3900000.0,
        "Interest Expense Non Operating": 109300000.0,
        "Interest Income Non Operating": 3500000.0,
        "Operating Income": 717900000.0,
        "Operating Expense": 1703000000.0,
        "Other Operating Expenses": 12700000.0,
        "Depreciation Amortization Depletion Income Statement": NaN,
        "Depreciation And Amortization In Income Statement": NaN,
        "Amortization": NaN,
        "Amortization Of Intangibles Income Statement": NaN,
        "Selling General And Administration": 1690300000.0,
        "General And Administrative Expense": 1690300000.0,
        "Other Gand A": 1695400000.0,
        "Salaries And Wages": -5100000.0,
        "Gross Profit": 2420900000.0,
        "Cost Of Revenue": 3021500000.0,
        "Total Revenue": 5442400000.0,
        "Operating Revenue": 5442400000.0
    },
    "2022-12-31": {
        "Tax Effect Of Unusual Items": NaN,
        "Tax Rate For Calcs": NaN,
        "Normalized EBITDA": NaN,
        "Total Unusual Items": NaN,
        "Total Unusual Items Excluding Goodwill": NaN,
        "Net Income From Continuing Operation Net Minority Interest": NaN,
        "Reconciled Depreciation": NaN,
        "Reconciled Cost Of Revenue": NaN,
        "EBITDA": NaN,
        "EBIT": NaN,
        "Net Interest Income": NaN,
        "Interest Expense": NaN,
        "Interest Income": NaN,
        "Normalized Income": NaN,
        "Net Income From Continuing And Discontinued Operation": NaN,
        "Total Expenses": NaN,
        "Diluted Average Shares": NaN,
        "Basic Average Shares": NaN,
        "Diluted EPS": NaN,
        "Basic EPS": NaN,
        "Diluted NI Availto Com Stockholders": NaN,
        "Net Income Common Stockholders": NaN,
        "Net Income": NaN,
        "Net Income Including Noncontrolling Interests": NaN,
        "Net Income Continuous Operations": NaN,
        "Tax Provision": NaN,
        "Pretax Income": NaN,
        "Other Income Expense": NaN,
        "Other Non Operating Income Expenses": NaN,
        "Special Income Charges": NaN,
        "Gain On Sale Of Ppe": NaN,
        "Gain On Sale Of Business": 0.0,
        "Write Off": NaN,
        "Impairment Of Capital Assets": NaN,
        "Gain On Sale Of Security": NaN,
        "Net Non Operating Interest Income Expense": NaN,
        "Total Other Finance Cost": NaN,
        "Interest Expense Non Operating": NaN,
        "Interest Income Non Operating": NaN,
        "Operating Income": NaN,
        "Operating Expense": NaN,
        "Other Operating Expenses": NaN,
        "Depreciation Amortization Depletion Income Statement": 79300000.0,
        "Depreciation And Amortization In Income Statement": 79300000.0,
        "Amortization": 79300000.0,
        "Amortization Of Intangibles Income Statement": 79300000.0,
        "Selling General And Administration": NaN,
        "General And Administrative Expense": NaN,
        "Other Gand A": NaN,
        "Salaries And Wages": NaN,
        "Gross Profit": NaN,
        "Cost Of Revenue": NaN,
        "Total Revenue": NaN,
        "Operating Revenue": NaN
    },
    "2022-09-30": {
        "Tax Effect Of Unusual Items": NaN,
        "Tax Rate For Calcs": NaN,
        "Normalized EBITDA": NaN,
        "Total Unusual Items": NaN,
        "Total Unusual Items Excluding Goodwill": NaN,
        "Net Income From Continuing Operation Net Minority Interest": NaN,
        "Reconciled Depreciation": NaN,
        "Reconciled Cost Of Revenue": NaN,
        "EBITDA": NaN,
        "EBIT": NaN,
        "Net Interest Income": NaN,
        "Interest Expense": NaN,
        "Interest Income": NaN,
        "Normalized Income": NaN,
        "Net Income From Continuing And Discontinued Operation": NaN,
        "Total Expenses": NaN,
        "Diluted Average Shares": NaN,
        "Basic Average Shares": NaN,
        "Diluted EPS": NaN,
        "Basic EPS": NaN,
        "Diluted NI Availto Com Stockholders": NaN,
        "Net Income Common Stockholders": NaN,
        "Net Income": NaN,
        "Net Income Including Noncontrolling Interests": NaN,
        "Net Income Continuous Operations": NaN,
        "Tax Provision": NaN,
        "Pretax Income": NaN,
        "Other Income Expense": NaN,
        "Other Non Operating Income Expenses": NaN,
        "Special Income Charges": NaN,
        "Gain On Sale Of Ppe": NaN,
        "Gain On Sale Of Business": 0.0,
        "Impairment Of Capital Assets": 0.0,
        "Gain On Sale Of Security": NaN,
        "Net Non Operating Interest Income Expense": NaN,
        "Total Other Finance Cost": NaN,
        "Interest Expense Non Operating": NaN,
        "Interest Income Non Operating": NaN,
        "Operating Income": NaN,
        "Operating Expense": NaN,
        "Other Operating Expenses": NaN,
        "Depreciation Amortization Depletion Income Statement": 81300000.0,
        "Depreciation And Amortization In Income Statement": 81300000.0,
        "Amortization": 81300000.0,
        "Amortization Of Intangibles Income Statement": 81300000.0,
        "Selling General And Administration": NaN,
        "General And Administrative Expense": NaN,
        "Other Gand A": NaN,
        "Salaries And Wages": NaN,
        "Gross Profit": NaN,
        "Cost Of Revenue": NaN,
        "Total Revenue": NaN,
        "Operating Revenue": NaN
    },
    "2022-06-30": {
        "Tax Effect Of Unusual Items": -3219300.0,
        "Tax Rate For Calcs": 0.219,
        "Normalized EBITDA": 990800000.0,
        "Total Unusual Items": -14700000.0,
        "Total Unusual Items Excluding Goodwill": -14700000.0,
        "Net Income From Continuing Operation Net Minority Interest": 577900000.0,
        "Reconciled Depreciation": 143300000.0,
        "Reconciled Cost Of Revenue": 3358500000.0,
        "EBITDA": 976100000.0,
        "EBIT": 832800000.0,
        "Net Interest Income": -94600000.0,
        "Interest Expense": 92900000.0,
        "Interest Income": 1300000.0,
        "Normalized Income": 589380700.0,
        "Net Income From Continuing And Discontinued Operation": 577900000.0,
        "Total Expenses": 5025000000.0,
        "Diluted Average Shares": 261800000.0,
        "Basic Average Shares": 258100000.0,
        "Diluted EPS": 2.21,
        "Basic EPS": 2.24,
        "Diluted NI Availto Com Stockholders": 577900000.0,
        "Net Income Common Stockholders": 577900000.0,
        "Net Income": 577900000.0,
        "Net Income Including Noncontrolling Interests": 577900000.0,
        "Net Income Continuous Operations": 577900000.0,
        "Tax Provision": 162000000.0,
        "Pretax Income": 739900000.0,
        "Other Income Expense": -12800000.0,
        "Other Non Operating Income Expenses": 1900000.0,
        "Special Income Charges": -300000.0,
        "Gain On Sale Of Ppe": -300000.0,
        "Gain On Sale Of Business": 0.0,
        "Impairment Of Capital Assets": NaN,
        "Gain On Sale Of Security": -14400000.0,
        "Net Non Operating Interest Income Expense": -94600000.0,
        "Total Other Finance Cost": 3000000.0,
        "Interest Expense Non Operating": 92900000.0,
        "Interest Income Non Operating": 1300000.0,
        "Operating Income": 847300000.0,
        "Operating Expense": 1601700000.0,
        "Other Operating Expenses": 4100000.0,
        "Depreciation Amortization Depletion Income Statement": 78500000.0,
        "Depreciation And Amortization In Income Statement": 78500000.0,
        "Amortization": 78500000.0,
        "Amortization Of Intangibles Income Statement": 78500000.0,
        "Selling General And Administration": 1519100000.0,
        "Gross Profit": 2449000000.0,
        "Cost Of Revenue": 3423300000.0,
        "Total Revenue": 5872300000.0,
        "Operating Revenue": 5872300000.0
    },
    "2022-03-31": {
        "Diluted EPS": 1.41,
        "Total Revenue": NaN,
        "Gross Profit": NaN,
        "Operating Income": 565,
        "EBIT": 721,
        "Net Income": 371
    },
    "2021-12-31": {
        "Diluted EPS": 1.17,
        "Total Revenue": NaN,
        "Gross Profit": NaN,
        "Operating Income": 373,
        "EBIT": 514,
        "Net Income": 304
    },
    "2021-09-30": {
        "Diluted EPS": 1.88,
        "Total Revenue": NaN,
        "Gross Profit": NaN,
        "Operating Income": 696,
        "EBIT": 837,
        "Net Income": 502
    },
    "2021-06-30": {
        "Diluted EPS": 2.42,
        "Total Revenue": NaN,
        "Gross Profit": NaN,
        "Operating Income": 901,
        "EBIT": NaN,
        "Net Income": 649
    },
    "2021-03-31": {
        "Diluted EPS": 1.51,
        "Total Revenue": NaN,
        "Gross Profit": NaN,
        "Operating Income": 589,
        "EBIT": 736,
        "Net Income": 410
    },
    "2020-12-31": {
        "Diluted EPS": 1.5,
        "Total Revenue": NaN,
        "Gross Profit": NaN,
        "Operating Income": 563,
        "EBIT": 714,
        "Net Income": 407
    },
    "2020-09-30": {
        "Diluted EPS": 2.55,
        "Total Revenue": NaN,
        "Gross Profit": NaN,
        "Operating Income": 959,
        "EBIT": NaN,
        "Net Income": 706
    },
    "2020-06-30": {
        "Diluted EPS": 2.16,
        "Total Revenue": NaN,
        "Gross Profit": NaN,
        "Operating Income": 841,
        "EBIT": 987,
        "Net Income": 596
    },
    "2020-03-31": {
        "Diluted EPS": 1.15,
        "Total Revenue": NaN,
        "Gross Profit": NaN,
        "Operating Income": 500,
        "EBIT": 647,
        "Net Income": 322
    },
    "2019-12-31": {
        "Diluted EPS": 0.9,
        "Total Revenue": NaN,
        "Gross Profit": NaN,
        "Operating Income": 441,
        "EBIT": 710,
        "Net Income": 249
    },
    "2019-09-30": {
        "Diluted EPS": 2.05,
        "Total Revenue": NaN,
        "Gross Profit": NaN,
        "Operating Income": 791,
        "EBIT": 937,
        "Net Income": 577
    },
    "2019-06-30": {
        "Diluted EPS": 1.68,
        "Total Revenue": NaN,
        "Gross Profit": NaN,
        "Operating Income": 765,
        "EBIT": 910,
        "Net Income": 471
    },
    "2019-03-31": {
        "Diluted EPS": 0.87,
        "Total Revenue": NaN,
        "Gross Profit": NaN,
        "Operating Income": 413,
        "EBIT": 559,
        "Net Income": 245
    },
    "2018-12-31": {
        "Diluted EPS": 0.36,
        "Total Revenue": NaN,
        "Gross Profit": NaN,
        "Operating Income": 218,
        "EBIT": 366,
        "Net Income": 101
    },
    "2018-09-30": {
        "Diluted EPS": 1.24,
        "Total Revenue": NaN,
        "Gross Profit": NaN,
        "Operating Income": 646,
        "EBIT": 797,
        "Net Income": 354
    },
    "2018-06-30": {
        "Diluted EPS": 1.42,
        "Total Revenue": NaN,
        "Gross Profit": NaN,
        "Operating Income": 630,
        "EBIT": 779,
        "Net Income": 404
    },
    "2018-03-31": {
        "Diluted EPS": 0.87,
        "Total Revenue": NaN,
        "Gross Profit": NaN,
        "Operating Income": 384,
        "EBIT": 544,
        "Net Income": 250
    },
    "2017-12-31": {
        "Diluted EPS": 2.99,
        "Total Revenue": NaN,
        "Gross Profit": NaN,
        "Operating Income": 311,
        "EBIT": 526,
        "Net Income": 853
    },
    "2017-09-30": {
        "Diluted EPS": 1.11,
        "Total Revenue": NaN,
        "Gross Profit": NaN,
        "Operating Income": 507,
        "EBIT": 738,
        "Net Income": 317
    },
    "2017-06-30": {
        "Diluted EPS": 1.12,
        "Total Revenue": NaN,
        "Gross Profit": NaN,
        "Operating Income": 550,
        "EBIT": 668,
        "Net Income": 319
    },
    "2017-03-31": {
        "Diluted EPS": 0.84,
        "Total Revenue": NaN,
        "Gross Profit": NaN,
        "Operating Income": 326,
        "EBIT": 377,
        "Net Income": 239
    },
    "2016-12-31": {
        "Diluted EPS": 0.72,
        "Total Revenue": NaN,
        "Gross Profit": NaN,
        "Operating Income": 345,
        "EBIT": 424,
        "Net Income": 203
    },
    "2016-09-30": {
        "Diluted EPS": 1.36,
        "Total Revenue": NaN,
        "Gross Profit": NaN,
        "Operating Income": 577,
        "EBIT": 646,
        "Net Income": 387
    },
    "2016-06-30": {
        "Diluted EPS": 1.33,
        "Total Revenue": NaN,
        "Gross Profit": NaN,
        "Operating Income": 579,
        "EBIT": 648,
        "Net Income": 378
    },
    "2016-03-31": {
        "Diluted EPS": 0.58,
        "Total Revenue": NaN,
        "Gross Profit": NaN,
        "Operating Income": 242,
        "EBIT": 297,
        "Net Income": 165
    },
    "2015-12-31": {
        "Diluted EPS": 0.7,
        "Total Revenue": NaN,
        "Gross Profit": NaN,
        "Operating Income": 318,
        "EBIT": 370,
        "Net Income": 198
    },
    "2015-09-30": {
        "Diluted EPS": 1.32,
        "Total Revenue": NaN,
        "Gross Profit": NaN,
        "Operating Income": 572,
        "EBIT": 621,
        "Net Income": 374
    },
    "2015-06-30": {
        "Diluted EPS": 1.23,
        "Total Revenue": NaN,
        "Gross Profit": NaN,
        "Operating Income": 521,
        "EBIT": 571,
        "Net Income": 350
    },
    "2015-03-31": {
        "Diluted EPS": 0.46,
        "Total Revenue": NaN,
        "Gross Profit": NaN,
        "Operating Income": 205,
        "EBIT": 255,
        "Net Income": 131
    },
    "2014-12-31": {
        "Diluted EPS": 0.45,
        "Total Revenue": NaN,
        "Gross Profit": NaN,
        "Operating Income": 207,
        "EBIT": 261,
        "Net Income": 137
    },
    "2014-09-30": {
        "Diluted EPS": 1.12,
        "Total Revenue": NaN,
        "Gross Profit": NaN,
        "Operating Income": 475,
        "EBIT": 524,
        "Net Income": 324
    },
    "2014-06-30": {
        "Diluted EPS": 0.98,
        "Total Revenue": NaN,
        "Gross Profit": NaN,
        "Operating Income": 440,
        "EBIT": 489,
        "Net Income": 290
    },
    "2014-03-31": {
        "Diluted EPS": 0.38,
        "Total Revenue": NaN,
        "Gross Profit": NaN,
        "Operating Income": 182,
        "EBIT": 231,
        "Net Income": 115
    },
    "2013-12-31": {
        "Diluted EPS": 0.38,
        "Total Revenue": NaN,
        "Gross Profit": NaN,
        "Operating Income": 165,
        "EBIT": 213,
        "Net Income": 116
    },
    "2013-09-30": {
        "Diluted EPS": 0.85,
        "Total Revenue": NaN,
        "Gross Profit": NaN,
        "Operating Income": 405,
        "EBIT": 452,
        "Net Income": 261
    },
    "2013-06-30": {
        "Diluted EPS": 0.82,
        "Total Revenue": NaN,
        "Gross Profit": NaN,
        "Operating Income": 396,
        "EBIT": 442,
        "Net Income": 256
    },
    "2013-03-31": {
        "Diluted EPS": 0.37,
        "Total Revenue": NaN,
        "Gross Profit": 963,
        "Operating Income": 180,
        "EBIT": 227,
        "Net Income": 116
    },
    "2012-12-31": {
        "Diluted EPS": 0.22,
        "Total Revenue": NaN,
        "Gross Profit": 996,
        "Operating Income": 108,
        "EBIT": 157,
        "Net Income": 68
    },
    "2012-09-30": {
        "Diluted EPS": 0.75,
        "Total Revenue": NaN,
        "Gross Profit": NaN,
        "Operating Income": 349,
        "EBIT": 394,
        "Net Income": 233
    },
    "2012-06-30": {
        "Diluted EPS": 0.72,
        "Total Revenue": NaN,
        "Gross Profit": NaN,
        "Operating Income": 337,
        "EBIT": 381,
        "Net Income": 226
    },
    "2012-03-31": {
        "Diluted EPS": 0.32,
        "Total Revenue": NaN,
        "Gross Profit": 910,
        "Operating Income": 147,
        "EBIT": 192,
        "Net Income": 99
    },
    "2011-12-31": {
        "Diluted EPS": 0.05,
        "Total Revenue": NaN,
        "Gross Profit": 886,
        "Operating Income": 131,
        "EBIT": 176,
        "Net Income": 15
    },
    "2011-09-30": {
        "Diluted EPS": 0.57,
        "Total Revenue": NaN,
        "Gross Profit": NaN,
        "Operating Income": 277,
        "EBIT": 325,
        "Net Income": 178
    },
    "2011-06-30": {
        "Diluted EPS": 0.55,
        "Total Revenue": NaN,
        "Gross Profit": NaN,
        "Operating Income": 268,
        "EBIT": 312,
        "Net Income": 177
    },
    "2011-03-31": {
        "Diluted EPS": 0.21,
        "Total Revenue": NaN,
        "Gross Profit": 797,
        "Operating Income": 105,
        "EBIT": 149,
        "Net Income": 68
    },
    "2010-12-31": {
        "Diluted EPS": 0.22,
        "Total Revenue": NaN,
        "Gross Profit": 846,
        "Operating Income": 128,
        "EBIT": 185,
        "Net Income": 72
    },
    "2010-09-30": {
        "Diluted EPS": 0.53,
        "Total Revenue": NaN,
        "Gross Profit": 972,
        "Operating Income": 269,
        "EBIT": 312,
        "Net Income": 173
    },
    "2010-06-30": {
        "Diluted EPS": 0.55,
        "Total Revenue": NaN,
        "Gross Profit": 972,
        "Operating Income": 276,
        "EBIT": 315,
        "Net Income": 180
    },
    "2010-03-31": {
        "Diluted EPS": 0.1,
        "Total Revenue": NaN,
        "Gross Profit": 692,
        "Operating Income": 77,
        "EBIT": 117,
        "Net Income": 32
    },
    "2009-12-31": {
        "Diluted EPS": 0.2,
        "Total Revenue": NaN,
        "Gross Profit": 758,
        "Operating Income": 126,
        "EBIT": 183,
        "Net Income": 64
    },
    "2009-09-30": {
        "Diluted EPS": 0.5,
        "Total Revenue": NaN,
        "Gross Profit": 929,
        "Operating Income": 268,
        "EBIT": 311,
        "Net Income": 173
    },
    "2009-06-30": {
        "Diluted EPS": 0.45,
        "Total Revenue": NaN,
        "Gross Profit": 895,
        "Operating Income": 239,
        "EBIT": 283,
        "Net Income": 156
    },
    "2009-03-31": {
        "Diluted EPS": 0.11,
        "Total Revenue": NaN,
        "Gross Profit": 681,
        "Operating Income": 61,
        "EBIT": 103,
        "Net Income": 37
    },
    "2023-09-30": {
        "Tax Effect Of Unusual Items": NaN,
        "Tax Rate For Calcs": NaN,
        "Normalized EBITDA": NaN,
        "Total Unusual Items": NaN,
        "Total Unusual Items Excluding Goodwill": NaN,
        "Net Income From Continuing Operation Net Minority Interest": NaN,
        "Reconciled Depreciation": NaN,
        "Reconciled Cost Of Revenue": NaN,
        "EBITDA": NaN,
        "EBIT": NaN,
        "Net Interest Income": NaN,
        "Interest Expense": NaN,
        "Interest Income": NaN,
        "Normalized Income": NaN,
        "Net Income From Continuing And Discontinued Operation": NaN,
        "Total Expenses": NaN,
        "Diluted Average Shares": NaN,
        "Basic Average Shares": NaN,
        "Diluted EPS": NaN,
        "Basic EPS": NaN,
        "Diluted NI Availto Com Stockholders": NaN,
        "Net Income Common Stockholders": NaN,
        "Net Income": NaN,
        "Net Income Including Noncontrolling Interests": NaN,
        "Net Income Continuous Operations": NaN,
        "Tax Provision": NaN,
        "Pretax Income": NaN,
        "Other Income Expense": NaN,
        "Other Non Operating Income Expenses": NaN,
        "Special Income Charges": NaN,
        "Gain On Sale Of Ppe": NaN,
        "Gain On Sale Of Business": 0.0,
        "Write Off": 0.0,
        "Impairment Of Capital Assets": 0.0,
        "Gain On Sale Of Security": NaN,
        "Net Non Operating Interest Income Expense": NaN,
        "Total Other Finance Cost": NaN,
        "Interest Expense Non Operating": NaN,
        "Interest Income Non Operating": NaN,
        "Operating Income": NaN,
        "Operating Expense": NaN,
        "Other Operating Expenses": NaN,
        "Selling General And Administration": NaN,
        "General And Administrative Expense": NaN,
        "Other Gand A": NaN,
        "Salaries And Wages": -5200000.0,
        "Gross Profit": NaN,
        "Cost Of Revenue": NaN,
        "Total Revenue": NaN,
        "Operating Revenue": NaN
    },
    "2023-12-31": {
        "Tax Effect Of Unusual Items": NaN,
        "Tax Rate For Calcs": NaN,
        "Normalized EBITDA": NaN,
        "Total Unusual Items": NaN,
        "Total Unusual Items Excluding Goodwill": NaN,
        "Net Income From Continuing Operation Net Minority Interest": NaN,
        "Reconciled Depreciation": NaN,
        "Reconciled Cost Of Revenue": NaN,
        "EBITDA": NaN,
        "EBIT": NaN,
        "Net Interest Income": NaN,
        "Interest Expense": NaN,
        "Interest Income": NaN,
        "Normalized Income": NaN,
        "Net Income From Continuing And Discontinued Operation": NaN,
        "Total Expenses": NaN,
        "Diluted Average Shares": NaN,
        "Basic Average Shares": NaN,
        "Diluted EPS": NaN,
        "Basic EPS": NaN,
        "Diluted NI Availto Com Stockholders": NaN,
        "Net Income Common Stockholders": NaN,
        "Net Income": NaN,
        "Net Income Including Noncontrolling Interests": NaN,
        "Net Income Continuous Operations": NaN,
        "Tax Provision": NaN,
        "Pretax Income": NaN,
        "Other Income Expense": NaN,
        "Other Non Operating Income Expenses": NaN,
        "Special Income Charges": NaN,
        "Gain On Sale Of Ppe": NaN,
        "Gain On Sale Of Business": 0.0,
        "Write Off": NaN,
        "Impairment Of Capital Assets": 23900000.0,
        "Gain On Sale Of Security": NaN,
        "Net Non Operating Interest Income Expense": NaN,
        "Total Other Finance Cost": NaN,
        "Interest Expense Non Operating": NaN,
        "Interest Income Non Operating": NaN,
        "Operating Income": NaN,
        "Operating Expense": NaN,
        "Other Operating Expenses": NaN,
        "Selling General And Administration": NaN,
        "General And Administrative Expense": NaN,
        "Other Gand A": NaN,
        "Salaries And Wages": -5700000.0,
        "Gross Profit": NaN,
        "Cost Of Revenue": NaN,
        "Total Revenue": NaN,
        "Operating Revenue": NaN
    },
    "2024-03-31": {
        "Tax Effect Of Unusual Items": NaN,
        "Tax Rate For Calcs": NaN,
        "Normalized EBITDA": NaN,
        "Total Unusual Items": NaN,
        "Total Unusual Items Excluding Goodwill": NaN,
        "Net Income From Continuing Operation Net Minority Interest": NaN,
        "Reconciled Depreciation": NaN,
        "Reconciled Cost Of Revenue": NaN,
        "EBITDA": NaN,
        "EBIT": NaN,
        "Net Interest Income": NaN,
        "Interest Expense": NaN,
        "Interest Income": NaN,
        "Normalized Income": NaN,
        "Net Income From Continuing And Discontinued Operation": NaN,
        "Total Expenses": NaN,
        "Diluted Average Shares": NaN,
        "Basic Average Shares": NaN,
        "Diluted EPS": NaN,
        "Basic EPS": NaN,
        "Diluted NI Availto Com Stockholders": NaN,
        "Net Income Common Stockholders": NaN,
        "Net Income": NaN,
        "Net Income Including Noncontrolling Interests": NaN,
        "Net Income Continuous Operations": NaN,
        "Tax Provision": NaN,
        "Pretax Income": NaN,
        "Other Income Expense": NaN,
        "Other Non Operating Income Expenses": NaN,
        "Special Income Charges": NaN,
        "Gain On Sale Of Ppe": NaN,
        "Gain On Sale Of Business": NaN,
        "Write Off": NaN,
        "Gain On Sale Of Security": NaN,
        "Net Non Operating Interest Income Expense": NaN,
        "Total Other Finance Cost": NaN,
        "Interest Expense Non Operating": NaN,
        "Interest Income Non Operating": NaN,
        "Operating Income": NaN,
        "Operating Expense": NaN,
        "Other Operating Expenses": NaN,
        "Selling General And Administration": NaN,
        "General And Administrative Expense": NaN,
        "Other Gand A": NaN,
        "Salaries And Wages": -4900000.0,
        "Gross Profit": NaN,
        "Cost Of Revenue": NaN,
        "Total Revenue": NaN,
        "Operating Revenue": NaN
    },
    "2024-06-30": {
        "Tax Effect Of Unusual Items": NaN,
        "Tax Rate For Calcs": NaN,
        "Normalized EBITDA": NaN,
        "Total Unusual Items": NaN,
        "Total Unusual Items Excluding Goodwill": NaN,
        "Net Income From Continuing Operation Net Minority Interest": NaN,
        "Reconciled Depreciation": NaN,
        "Reconciled Cost Of Revenue": NaN,
        "EBITDA": NaN,
        "EBIT": NaN,
        "Net Interest Income": NaN,
        "Interest Expense": NaN,
        "Interest Income": NaN,
        "Normalized Income": NaN,
        "Net Income From Continuing And Discontinued Operation": NaN,
        "Total Expenses": NaN,
        "Diluted Average Shares": NaN,
        "Basic Average Shares": NaN,
        "Diluted EPS": NaN,
        "Basic EPS": NaN,
        "Diluted NI Availto Com Stockholders": NaN,
        "Net Income Common Stockholders": NaN,
        "Net Income": NaN,
        "Net Income Including Noncontrolling Interests": NaN,
        "Net Income Continuous Operations": NaN,
        "Tax Provision": NaN,
        "Pretax Income": NaN,
        "Other Income Expense": NaN,
        "Other Non Operating Income Expenses": NaN,
        "Special Income Charges": NaN,
        "Gain On Sale Of Ppe": NaN,
        "Gain On Sale Of Business": 0.0,
        "Write Off": 0.0,
        "Gain On Sale Of Security": NaN,
        "Net Non Operating Interest Income Expense": NaN,
        "Total Other Finance Cost": NaN,
        "Interest Expense Non Operating": NaN,
        "Interest Income Non Operating": NaN,
        "Operating Income": NaN,
        "Operating Expense": NaN,
        "Other Operating Expenses": NaN,
        "Selling General And Administration": NaN,
        "General And Administrative Expense": NaN,
        "Other Gand A": NaN,
        "Salaries And Wages": -4900000.0,
        "Gross Profit": NaN,
        "Cost Of Revenue": NaN,
        "Total Revenue": NaN,
        "Operating Revenue": NaN
    },
    "2024-09-30": {
        "Tax Effect Of Unusual Items": -614800.0,
        "Tax Rate For Calcs": 0.212,
        "Normalized EBITDA": 1284700000.0,
        "Total Unusual Items": -2900000.0,
        "Total Unusual Items Excluding Goodwill": -2900000.0,
        "Net Income From Continuing Operation Net Minority Interest": 806200000.0,
        "Reconciled Depreciation": 155600000.0,
        "Reconciled Cost Of Revenue": 3135000000.0,
        "EBITDA": 1281800000.0,
        "EBIT": 1126200000.0,
        "Net Interest Income": -104400000.0,
        "Interest Expense": 103400000.0,
        "Interest Income": 2600000.0,
        "Normalized Income": 808485200.0,
        "Net Income From Continuing And Discontinued Operation": 806200000.0,
        "Total Expenses": 5031400000.0,
        "Diluted Average Shares": 253900000.0,
        "Basic Average Shares": 250600000.0,
        "Diluted EPS": 3.18,
        "Basic EPS": 3.22,
        "Diluted NI Availto Com Stockholders": 806200000.0,
        "Net Income Common Stockholders": 806200000.0,
        "Net Income": 806200000.0,
        "Net Income Including Noncontrolling Interests": 806200000.0,
        "Net Income Continuous Operations": 806200000.0,
        "Tax Provision": 216600000.0,
        "Pretax Income": 1022800000.0,
        "Other Income Expense": -3900000.0,
        "Other Non Operating Income Expenses": -1000000.0,
        "Special Income Charges": 2000000.0,
        "Gain On Sale Of Ppe": 2000000.0,
        "Gain On Sale Of Business": 0.0,
        "Write Off": 0.0,
        "Gain On Sale Of Security": -4900000.0,
        "Net Non Operating Interest Income Expense": -104400000.0,
        "Total Other Finance Cost": 3600000.0,
        "Interest Expense Non Operating": 103400000.0,
        "Interest Income Non Operating": 2600000.0,
        "Operating Income": 1131100000.0,
        "Operating Expense": 1896400000.0,
        "Other Operating Expenses": 2800000.0,
        "Selling General And Administration": 1893600000.0,
        "General And Administrative Expense": 1893600000.0,
        "Other Gand A": 1893600000.0,
        "Salaries And Wages": NaN,
        "Gross Profit": 3027500000.0,
        "Cost Of Revenue": 3135000000.0,
        "Total Revenue": 6162500000.0,
        "Operating Revenue": 6162500000.0
    },
    "2024-12-31": {
        "Tax Effect Of Unusual Items": 8078053.931124,
        "Tax Rate For Calcs": 0.22011,
        "Normalized EBITDA": 839300000.0,
        "Total Unusual Items": 36700000.0,
        "Total Unusual Items Excluding Goodwill": 36700000.0,
        "Net Income From Continuing Operation Net Minority Interest": 480100000.0,
        "Reconciled Depreciation": 161900000.0,
        "Reconciled Cost Of Revenue": 2724000000.0,
        "EBITDA": 876000000.0,
        "EBIT": 714100000.0,
        "Net Interest Income": -101500000.0,
        "Interest Expense": 98500000.0,
        "Interest Income": 1400000.0,
        "Normalized Income": 451478053.931124,
        "Net Income From Continuing And Discontinued Operation": 480100000.0,
        "Total Expenses": 4623700000.0,
        "Diluted Average Shares": 253200000.0,
        "Basic Average Shares": 249800000.0,
        "Diluted EPS": 1.9,
        "Basic EPS": 1.92,
        "Diluted NI Availto Com Stockholders": 480100000.0,
        "Net Income Common Stockholders": 480100000.0,
        "Net Income": 480100000.0,
        "Net Income Including Noncontrolling Interests": 480100000.0,
        "Net Income Continuous Operations": 480100000.0,
        "Tax Provision": 135500000.0,
        "Pretax Income": 615600000.0,
        "Other Income Expense": 43600000.0,
        "Other Non Operating Income Expenses": 6900000.0,
        "Special Income Charges": 24700000.0,
        "Gain On Sale Of Ppe": 24700000.0,
        "Gain On Sale Of Business": 0.0,
        "Write Off": 0.0,
        "Gain On Sale Of Security": 12000000.0,
        "Net Non Operating Interest Income Expense": -101500000.0,
        "Total Other Finance Cost": 4400000.0,
        "Interest Expense Non Operating": 98500000.0,
        "Interest Income Non Operating": 1400000.0,
        "Operating Income": 673500000.0,
        "Operating Expense": 1899700000.0,
        "Other Operating Expenses": 6400000.0,
        "Selling General And Administration": 1893300000.0,
        "General And Administrative Expense": 1893300000.0,
        "Other Gand A": 1893300000.0,
        "Salaries And Wages": NaN,
        "Gross Profit": 2573200000.0,
        "Cost Of Revenue": 2724000000.0,
        "Total Revenue": 5297200000.0,
        "Operating Revenue": 5297200000.0
    },
    "2025-03-31": {
        "Tax Effect Of Unusual Items": -1071600.0,
        "Tax Rate For Calcs": 0.228,
        "Normalized EBITDA": 922400000.0,
        "Total Unusual Items": -4700000.0,
        "Total Unusual Items Excluding Goodwill": -4700000.0,
        "Net Income From Continuing Operation Net Minority Interest": 503900000.0,
        "Reconciled Depreciation": 160900000.0,
        "Reconciled Cost Of Revenue": 2746600000.0,
        "EBITDA": 917700000.0,
        "EBIT": 756800000.0,
        "Net Interest Income": -104400000.0,
        "Interest Expense": 103800000.0,
        "Interest Income": 3300000.0,
        "Normalized Income": 507528400.0,
        "Net Income From Continuing And Discontinued Operation": 503900000.0,
        "Total Expenses": 4551400000.0,
        "Diluted Average Shares": 252500000.0,
        "Basic Average Shares": 249400000.0,
        "Diluted EPS": 2.0,
        "Basic EPS": 2.02,
        "Diluted NI Availto Com Stockholders": 503900000.0,
        "Net Income Common Stockholders": 503900000.0,
        "Net Income": 503900000.0,
        "Net Income Including Noncontrolling Interests": 503900000.0,
        "Net Income Continuous Operations": 503900000.0,
        "Tax Provision": 149100000.0,
        "Pretax Income": 653000000.0,
        "Other Income Expense": 3100000.0,
        "Other Non Operating Income Expenses": 7800000.0,
        "Special Income Charges": 2100000.0,
        "Gain On Sale Of Ppe": 2100000.0,
        "Gain On Sale Of Business": NaN,
        "Write Off": NaN,
        "Gain On Sale Of Security": -6800000.0,
        "Net Non Operating Interest Income Expense": -104400000.0,
        "Total Other Finance Cost": 3900000.0,
        "Interest Expense Non Operating": 103800000.0,
        "Interest Income Non Operating": 3300000.0,
        "Operating Income": 754300000.0,
        "Operating Expense": 1804800000.0,
        "Other Operating Expenses": 3100000.0,
        "Selling General And Administration": 1801700000.0,
        "General And Administrative Expense": 1801700000.0,
        "Other Gand A": 1801700000.0,
        "Salaries And Wages": NaN,
        "Gross Profit": 2559100000.0,
        "Cost Of Revenue": 2746600000.0,
        "Total Revenue": 5305700000.0,
        "Operating Revenue": 5305700000.0
    },
    "2025-06-30": {
        "Tax Effect Of Unusual Items": -1287000.0,
        "Tax Rate For Calcs": 0.234,
        "Normalized EBITDA": 1266300000.0,
        "Total Unusual Items": -5500000.0,
        "Total Unusual Items Excluding Goodwill": -5500000.0,
        "Net Income From Continuing Operation Net Minority Interest": 754700000.0,
        "Reconciled Depreciation": 162700000.0,
        "Reconciled Cost Of Revenue": 3196200000.0,
        "EBITDA": 1260800000.0,
        "EBIT": 1098100000.0,
        "Net Interest Income": -114200000.0,
        "Interest Expense": 112400000.0,
        "Interest Income": 2400000.0,
        "Normalized Income": 758913000.0,
        "Net Income From Continuing And Discontinued Operation": 754700000.0,
        "Total Expenses": 5215400000.0,
        "Diluted Average Shares": 251300000.0,
        "Basic Average Shares": 248400000.0,
        "Diluted EPS": 3.0,
        "Basic EPS": 3.04,
        "Diluted NI Availto Com Stockholders": 754700000.0,
        "Net Income Common Stockholders": 754700000.0,
        "Net Income": 754700000.0,
        "Net Income Including Noncontrolling Interests": 754700000.0,
        "Net Income Continuous Operations": 754700000.0,
        "Tax Provision": 231000000.0,
        "Pretax Income": 985700000.0,
        "Other Income Expense": 800000.0,
        "Other Non Operating Income Expenses": 6300000.0,
        "Special Income Charges": 1300000.0,
        "Gain On Sale Of Ppe": 1300000.0,
        "Gain On Sale Of Business": NaN,
        "Write Off": NaN,
        "Gain On Sale Of Security": -6800000.0,
        "Net Non Operating Interest Income Expense": -114200000.0,
        "Total Other Finance Cost": 4200000.0,
        "Interest Expense Non Operating": 112400000.0,
        "Interest Income Non Operating": 2400000.0,
        "Operating Income": 1099100000.0,
        "Operating Expense": 2019200000.0,
        "Other Operating Expenses": 400000.0,
        "Selling General And Administration": 2018800000.0,
        "General And Administrative Expense": 2018800000.0,
        "Other Gand A": 2018800000.0,
        "Salaries And Wages": NaN,
        "Gross Profit": 3118300000.0,
        "Cost Of Revenue": 3196200000.0,
        "Total Revenue": 6314500000.0,
        "Operating Revenue": 6314500000.0
    },
    "2025-09-30": {
        "Tax Effect Of Unusual Items": 2846200.0,
        "Tax Rate For Calcs": 0.214,
        "Normalized EBITDA": 1331300000.0,
        "Total Unusual Items": 13300000.0,
        "Total Unusual Items Excluding Goodwill": 13300000.0,
        "Net Income From Continuing Operation Net Minority Interest": 833100000.0,
        "Reconciled Depreciation": 166900000.0,
        "Reconciled Cost Of Revenue": 3232700000.0,
        "EBITDA": 1344600000.0,
        "EBIT": 1177700000.0,
        "Net Interest Income": -118700000.0,
        "Interest Expense": 117200000.0,
        "Interest Income": 2600000.0,
        "Normalized Income": 822646200.0,
        "Net Income From Continuing And Discontinued Operation": 833100000.0,
        "Total Expenses": 5204600000.0,
        "Diluted Average Shares": 249000000.0,
        "Basic Average Shares": 246200000.0,
        "Diluted EPS": 3.35,
        "Basic EPS": 3.38,
        "Diluted NI Availto Com Stockholders": 833100000.0,
        "Net Income Common Stockholders": 833100000.0,
        "Net Income": 833100000.0,
        "Net Income Including Noncontrolling Interests": 833100000.0,
        "Net Income Continuous Operations": 833100000.0,
        "Tax Provision": 227400000.0,
        "Pretax Income": 1060500000.0,
        "Other Income Expense": 25600000.0,
        "Other Non Operating Income Expenses": 12300000.0,
        "Special Income Charges": 23800000.0,
        "Gain On Sale Of Ppe": 23800000.0,
        "Gain On Sale Of Business": NaN,
        "Write Off": NaN,
        "Gain On Sale Of Security": -10500000.0,
        "Net Non Operating Interest Income Expense": -118700000.0,
        "Total Other Finance Cost": 4100000.0,
        "Interest Expense Non Operating": 117200000.0,
        "Interest Income Non Operating": 2600000.0,
        "Operating Income": 1153600000.0,
        "Operating Expense": 1971900000.0,
        "Other Operating Expenses": 10600000.0,
        "Selling General And Administration": 1961300000.0,
        "General And Administrative Expense": 1961300000.0,
        "Other Gand A": 1961300000.0,
        "Salaries And Wages": NaN,
        "Gross Profit": 3125500000.0,
        "Cost Of Revenue": 3232700000.0,
        "Total Revenue": 6358200000.0,
        "Operating Revenue": 6358200000.0
    }
}