{
    "2023-03-31": {
        "Tax Effect Of Unusual Items": NaN,
        "Tax Rate For Calcs": NaN,
        "Normalized EBITDA": NaN,
        "Net Income From Continuing Operation Net Minority Interest": NaN,
        "Reconciled Depreciation": NaN,
        "Reconciled Cost Of Revenue": NaN,
        "EBITDA": NaN,
        "EBIT": NaN,
        "Net Interest Income": NaN,
        "Interest Expense": NaN,
        "Interest Income": NaN,
        "Normalized Income": NaN,
        "Net Income From Continuing And Discontinued Operation": NaN,
        "Total Expenses": NaN,
        "Rent Expense Supplemental": 86387.0,
        "Total Operating Income As Reported": NaN,
        "Diluted Average Shares": NaN,
        "Basic Average Shares": NaN,
        "Diluted EPS": NaN,
        "Basic EPS": NaN,
        "Diluted NI Availto Com Stockholders": NaN,
        "Net Income Common Stockholders": NaN,
        "Preferred Stock Dividends": NaN,
        "Net Income": NaN,
        "Net Income Including Noncontrolling Interests": NaN,
        "Net Income Continuous Operations": NaN,
        "Tax Provision": NaN,
        "Pretax Income": NaN,
        "Other Income Expense": NaN,
        "Other Non Operating Income Expenses": NaN,
        "Net Non Operating Interest Income Expense": NaN,
        "Total Other Finance Cost": 566229.0,
        "Interest Expense Non Operating": NaN,
        "Interest Income Non Operating": NaN,
        "Operating Income": NaN,
        "Operating Expense": NaN,
        "Selling General And Administration": NaN,
        "Selling And Marketing Expense": 188597.0,
        "General And Administrative Expense": 3353572.0,
        "Other Gand A": 1550642.0,
        "Rent And Landing Fees": 86387.0,
        "Salaries And Wages": 1716543.0,
        "Gross Profit": NaN,
        "Cost Of Revenue": NaN,
        "Total Revenue": NaN,
        "Operating Revenue": NaN
    },
    "2022-12-31": {
        "Tax Effect Of Unusual Items": NaN,
        "Tax Rate For Calcs": NaN,
        "Normalized EBITDA": NaN,
        "Total Unusual Items": 0.0,
        "Total Unusual Items Excluding Goodwill": 0.0,
        "Net Income From Continuing Operation Net Minority Interest": NaN,
        "Reconciled Depreciation": NaN,
        "Reconciled Cost Of Revenue": NaN,
        "EBITDA": NaN,
        "EBIT": NaN,
        "Net Interest Income": NaN,
        "Interest Expense": NaN,
        "Interest Income": NaN,
        "Normalized Income": NaN,
        "Net Income From Continuing And Discontinued Operation": NaN,
        "Total Expenses": NaN,
        "Rent Expense Supplemental": 87019.0,
        "Total Operating Income As Reported": NaN,
        "Diluted Average Shares": NaN,
        "Basic Average Shares": NaN,
        "Diluted EPS": NaN,
        "Basic EPS": NaN,
        "Diluted NI Availto Com Stockholders": NaN,
        "Net Income Common Stockholders": NaN,
        "Preferred Stock Dividends": NaN,
        "Net Income": NaN,
        "Net Income Including Noncontrolling Interests": NaN,
        "Net Income Continuous Operations": NaN,
        "Tax Provision": NaN,
        "Pretax Income": NaN,
        "Other Income Expense": NaN,
        "Other Non Operating Income Expenses": NaN,
        "Special Income Charges": 0.0,
        "Net Non Operating Interest Income Expense": NaN,
        "Total Other Finance Cost": NaN,
        "Interest Expense Non Operating": NaN,
        "Interest Income Non Operating": NaN,
        "Operating Income": NaN,
        "Operating Expense": NaN,
        "Depreciation Amortization Depletion Income Statement": 42319.0,
        "Depreciation And Amortization In Income Statement": 42319.0,
        "Depreciation Income Statement": 42319.0,
        "Selling General And Administration": NaN,
        "Selling And Marketing Expense": 164177.0,
        "General And Administrative Expense": 3497179.0,
        "Other Gand A": 1627025.0,
        "Rent And Landing Fees": 87019.0,
        "Salaries And Wages": 1783135.0,
        "Gross Profit": NaN,
        "Cost Of Revenue": NaN,
        "Total Revenue": NaN,
        "Operating Revenue": NaN
    },
    "2022-09-30": {
        "Tax Effect Of Unusual Items": NaN,
        "Tax Rate For Calcs": NaN,
        "Normalized EBITDA": NaN,
        "Total Unusual Items": 0.0,
        "Total Unusual Items Excluding Goodwill": 0.0,
        "Net Income From Continuing Operation Net Minority Interest": NaN,
        "Reconciled Depreciation": NaN,
        "Reconciled Cost Of Revenue": NaN,
        "EBITDA": NaN,
        "EBIT": NaN,
        "Net Interest Income": NaN,
        "Interest Expense": NaN,
        "Normalized Income": NaN,
        "Net Income From Continuing And Discontinued Operation": NaN,
        "Total Expenses": NaN,
        "Rent Expense Supplemental": 80019.0,
        "Total Operating Income As Reported": NaN,
        "Diluted Average Shares": 171786.0,
        "Basic Average Shares": 171786.0,
        "Diluted EPS": -23.0,
        "Basic EPS": -23.0,
        "Diluted NI Availto Com Stockholders": NaN,
        "Net Income Common Stockholders": NaN,
        "Preferred Stock Dividends": NaN,
        "Net Income": NaN,
        "Net Income Including Noncontrolling Interests": NaN,
        "Net Income Continuous Operations": NaN,
        "Tax Provision": NaN,
        "Pretax Income": NaN,
        "Other Income Expense": NaN,
        "Other Non Operating Income Expenses": NaN,
        "Special Income Charges": 0.0,
        "Net Non Operating Interest Income Expense": NaN,
        "Total Other Finance Cost": NaN,
        "Interest Expense Non Operating": NaN,
        "Operating Income": NaN,
        "Operating Expense": NaN,
        "Depreciation Amortization Depletion Income Statement": 28015.0,
        "Depreciation And Amortization In Income Statement": 28015.0,
        "Depreciation Income Statement": 28015.0,
        "Selling General And Administration": NaN,
        "Selling And Marketing Expense": 192305.0,
        "General And Administrative Expense": 3569475.0,
        "Other Gand A": 1862215.0,
        "Rent And Landing Fees": 80019.0,
        "Salaries And Wages": 1627241.0,
        "Gross Profit": NaN,
        "Cost Of Revenue": NaN,
        "Total Revenue": NaN,
        "Operating Revenue": NaN
    },
    "2022-06-30": {
        "Tax Effect Of Unusual Items": 0.0,
        "Tax Rate For Calcs": 0.0,
        "Normalized EBITDA": -2332291.0,
        "Total Unusual Items": 0.0,
        "Total Unusual Items Excluding Goodwill": 0.0,
        "Net Income From Continuing Operation Net Minority Interest": -2457835.0,
        "Reconciled Depreciation": 67124.0,
        "Reconciled Cost Of Revenue": 1480980.0,
        "EBITDA": -2332291.0,
        "EBIT": -2399415.0,
        "Net Interest Income": -58420.0,
        "Interest Expense": 58420.0,
        "Normalized Income": -2457835.0,
        "Net Income From Continuing And Discontinued Operation": -2457835.0,
        "Total Expenses": 4246778.0,
        "Rent Expense Supplemental": 86352.0,
        "Total Operating Income As Reported": -2399415.0,
        "Diluted Average Shares": 10836332.0,
        "Basic Average Shares": 10836332.0,
        "Diluted EPS": -0.23,
        "Basic EPS": -0.23,
        "Diluted NI Availto Com Stockholders": -2457835.0,
        "Net Income Common Stockholders": -2457835.0,
        "Net Income": -2457835.0,
        "Net Income Including Noncontrolling Interests": -2457835.0,
        "Net Income Continuous Operations": -2457835.0,
        "Tax Provision": 0.0,
        "Pretax Income": -2457835.0,
        "Other Income Expense": NaN,
        "Other Non Operating Income Expenses": NaN,
        "Special Income Charges": 0.0,
        "Net Non Operating Interest Income Expense": -58420.0,
        "Total Other Finance Cost": NaN,
        "Interest Expense Non Operating": 58420.0,
        "Operating Income": -2399415.0,
        "Operating Expense": 2746179.0,
        "Depreciation Amortization Depletion Income Statement": 47505.0,
        "Depreciation And Amortization In Income Statement": 47505.0,
        "Depreciation Income Statement": 47505.0,
        "Selling General And Administration": 2698674.0,
        "Selling And Marketing Expense": 112153.0,
        "General And Administrative Expense": 2586521.0,
        "Other Gand A": 1108718.0,
        "Rent And Landing Fees": 86352.0,
        "Salaries And Wages": 1391451.0,
        "Gross Profit": 346764.0,
        "Cost Of Revenue": 1500599.0,
        "Total Revenue": 1847363.0,
        "Operating Revenue": 1847363.0
    },
    "2022-03-31": {
        "Diluted EPS": -0.14,
        "Total Revenue": 2,
        "Gross Profit": 1,
        "Operating Income": -2,
        "EBIT": -2,
        "Net Income": -2
    },
    "2021-12-31": {
        "Diluted EPS": -0.21,
        "Total Revenue": 1,
        "Gross Profit": 0,
        "Operating Income": -2,
        "EBIT": -2,
        "Net Income": -2
    },
    "2021-09-30": {
        "Diluted EPS": -0.06,
        "Total Revenue": 1,
        "Gross Profit": 0,
        "Operating Income": -1,
        "EBIT": -1,
        "Net Income": -1
    },
    "2021-06-30": {
        "Diluted EPS": -0.05,
        "Total Revenue": 0,
        "Gross Profit": 0,
        "Operating Income": 0,
        "EBIT": 0,
        "Net Income": 0
    },
    "2021-03-31": {
        "Diluted EPS": -0.02,
        "Total Revenue": 0,
        "Gross Profit": 0,
        "Operating Income": -1,
        "EBIT": 0,
        "Net Income": 0
    },
    "2020-12-31": {
        "Diluted EPS": 0.0,
        "Total Revenue": NaN,
        "Gross Profit": NaN,
        "Operating Income": NaN,
        "EBIT": NaN,
        "Net Income": NaN
    },
    "2023-06-30": {
        "Tax Effect Of Unusual Items": NaN,
        "Tax Rate For Calcs": NaN,
        "Normalized EBITDA": NaN,
        "Net Income From Continuing Operation Net Minority Interest": NaN,
        "Reconciled Depreciation": NaN,
        "Reconciled Cost Of Revenue": NaN,
        "EBITDA": NaN,
        "EBIT": NaN,
        "Net Interest Income": NaN,
        "Interest Expense": NaN,
        "Interest Income": 0.0,
        "Normalized Income": NaN,
        "Net Income From Continuing And Discontinued Operation": NaN,
        "Total Expenses": NaN,
        "Rent Expense Supplemental": 88668.0,
        "Total Operating Income As Reported": NaN,
        "Diluted Average Shares": 511315.0,
        "Basic Average Shares": 511315.0,
        "Diluted EPS": -6.85,
        "Basic EPS": -6.85,
        "Diluted NI Availto Com Stockholders": NaN,
        "Net Income Common Stockholders": NaN,
        "Preferred Stock Dividends": NaN,
        "Net Income": NaN,
        "Net Income Including Noncontrolling Interests": NaN,
        "Net Income Continuous Operations": NaN,
        "Tax Provision": NaN,
        "Pretax Income": NaN,
        "Other Income Expense": NaN,
        "Other Non Operating Income Expenses": NaN,
        "Net Non Operating Interest Income Expense": NaN,
        "Total Other Finance Cost": 240525.0,
        "Interest Expense Non Operating": NaN,
        "Interest Income Non Operating": 0.0,
        "Operating Income": NaN,
        "Operating Expense": NaN,
        "Selling General And Administration": NaN,
        "Selling And Marketing Expense": 165928.0,
        "General And Administrative Expense": 3394554.0,
        "Other Gand A": 1444870.0,
        "Rent And Landing Fees": 88668.0,
        "Salaries And Wages": 1861016.0,
        "Gross Profit": NaN,
        "Cost Of Revenue": NaN,
        "Total Revenue": NaN,
        "Operating Revenue": NaN
    },
    "2023-09-30": {
        "Tax Effect Of Unusual Items": NaN,
        "Tax Rate For Calcs": NaN,
        "Normalized EBITDA": NaN,
        "Net Income From Continuing Operation Net Minority Interest": NaN,
        "Reconciled Depreciation": NaN,
        "Reconciled Cost Of Revenue": NaN,
        "EBITDA": NaN,
        "EBIT": NaN,
        "Net Interest Income": NaN,
        "Interest Expense": NaN,
        "Interest Income": NaN,
        "Normalized Income": NaN,
        "Net Income From Continuing And Discontinued Operation": NaN,
        "Total Expenses": NaN,
        "Total Operating Income As Reported": NaN,
        "Diluted Average Shares": 743049.0,
        "Basic Average Shares": 743049.0,
        "Diluted EPS": -5.49,
        "Basic EPS": -5.49,
        "Diluted NI Availto Com Stockholders": NaN,
        "Net Income Common Stockholders": NaN,
        "Preferred Stock Dividends": NaN,
        "Net Income": NaN,
        "Net Income Including Noncontrolling Interests": NaN,
        "Net Income Continuous Operations": NaN,
        "Tax Provision": NaN,
        "Pretax Income": NaN,
        "Other Income Expense": NaN,
        "Other Non Operating Income Expenses": NaN,
        "Net Non Operating Interest Income Expense": NaN,
        "Total Other Finance Cost": NaN,
        "Interest Expense Non Operating": NaN,
        "Interest Income Non Operating": NaN,
        "Operating Income": NaN,
        "Operating Expense": NaN,
        "Selling General And Administration": NaN,
        "Gross Profit": NaN,
        "Cost Of Revenue": NaN,
        "Total Revenue": NaN,
        "Operating Revenue": NaN
    },
    "2023-12-31": {
        "Tax Effect Of Unusual Items": NaN,
        "Tax Rate For Calcs": NaN,
        "Normalized EBITDA": NaN,
        "Net Income From Continuing Operation Net Minority Interest": NaN,
        "Reconciled Depreciation": NaN,
        "Reconciled Cost Of Revenue": NaN,
        "EBITDA": NaN,
        "EBIT": NaN,
        "Net Interest Income": NaN,
        "Interest Expense": NaN,
        "Interest Income": NaN,
        "Normalized Income": NaN,
        "Net Income From Continuing And Discontinued Operation": NaN,
        "Total Expenses": NaN,
        "Total Operating Income As Reported": NaN,
        "Diluted Average Shares": NaN,
        "Basic Average Shares": NaN,
        "Diluted EPS": NaN,
        "Basic EPS": NaN,
        "Diluted NI Availto Com Stockholders": NaN,
        "Net Income Common Stockholders": NaN,
        "Preferred Stock Dividends": NaN,
        "Net Income": NaN,
        "Net Income Including Noncontrolling Interests": NaN,
        "Net Income Continuous Operations": NaN,
        "Tax Provision": NaN,
        "Pretax Income": NaN,
        "Other Income Expense": NaN,
        "Other Non Operating Income Expenses": NaN,
        "Net Non Operating Interest Income Expense": NaN,
        "Total Other Finance Cost": 111094.0,
        "Interest Expense Non Operating": NaN,
        "Interest Income Non Operating": NaN,
        "Operating Income": NaN,
        "Operating Expense": NaN,
        "Selling General And Administration": NaN,
        "Gross Profit": NaN,
        "Cost Of Revenue": NaN,
        "Total Revenue": NaN,
        "Operating Revenue": NaN
    },
    "2024-03-31": {
        "Tax Effect Of Unusual Items": NaN,
        "Tax Rate For Calcs": NaN,
        "Normalized EBITDA": NaN,
        "Net Income From Continuing Operation Net Minority Interest": NaN,
        "Reconciled Depreciation": NaN,
        "Reconciled Cost Of Revenue": NaN,
        "EBITDA": NaN,
        "EBIT": NaN,
        "Net Interest Income": NaN,
        "Interest Expense": 153526.0,
        "Interest Income": NaN,
        "Normalized Income": NaN,
        "Net Income From Continuing And Discontinued Operation": NaN,
        "Total Expenses": NaN,
        "Total Operating Income As Reported": NaN,
        "Diluted Average Shares": 2719812.0,
        "Basic Average Shares": 2719812.0,
        "Diluted EPS": -1.42,
        "Basic EPS": -1.42,
        "Diluted NI Availto Com Stockholders": NaN,
        "Net Income Common Stockholders": NaN,
        "Preferred Stock Dividends": 42375.0,
        "Net Income": NaN,
        "Net Income Including Noncontrolling Interests": NaN,
        "Net Income Continuous Operations": NaN,
        "Tax Provision": NaN,
        "Pretax Income": NaN,
        "Other Income Expense": NaN,
        "Other Non Operating Income Expenses": NaN,
        "Net Non Operating Interest Income Expense": NaN,
        "Total Other Finance Cost": NaN,
        "Interest Expense Non Operating": 153526.0,
        "Interest Income Non Operating": NaN,
        "Operating Income": NaN,
        "Operating Expense": NaN,
        "Selling General And Administration": NaN,
        "Gross Profit": NaN,
        "Cost Of Revenue": NaN,
        "Total Revenue": NaN,
        "Operating Revenue": NaN
    },
    "2024-06-30": {
        "Tax Effect Of Unusual Items": 0.0,
        "Tax Rate For Calcs": 0.0,
        "Normalized EBITDA": -3344906.0,
        "Net Income From Continuing Operation Net Minority Interest": -4136084.0,
        "Reconciled Depreciation": 605003.0,
        "Reconciled Cost Of Revenue": 1768671.0,
        "EBITDA": -3344906.0,
        "EBIT": -3949909.0,
        "Net Interest Income": -173862.0,
        "Interest Expense": 186175.0,
        "Interest Income": 12313.0,
        "Normalized Income": -4136084.0,
        "Net Income From Continuing And Discontinued Operation": -4136084.0,
        "Total Expenses": 4825485.0,
        "Total Operating Income As Reported": -3897915.0,
        "Diluted Average Shares": 4181344.0,
        "Basic Average Shares": 4181344.0,
        "Diluted EPS": -0.99,
        "Basic EPS": -0.99,
        "Diluted NI Availto Com Stockholders": -4136084.0,
        "Net Income Common Stockholders": -4136084.0,
        "Preferred Stock Dividends": NaN,
        "Net Income": -4136084.0,
        "Net Income Including Noncontrolling Interests": -4136084.0,
        "Net Income Continuous Operations": -4136084.0,
        "Tax Provision": 0.0,
        "Pretax Income": -4136084.0,
        "Other Income Expense": -64307.0,
        "Other Non Operating Income Expenses": -64307.0,
        "Net Non Operating Interest Income Expense": -173862.0,
        "Total Other Finance Cost": NaN,
        "Interest Expense Non Operating": 186175.0,
        "Interest Income Non Operating": 12313.0,
        "Operating Income": -3897915.0,
        "Operating Expense": 3056814.0,
        "Selling General And Administration": 3056814.0,
        "Gross Profit": -841101.0,
        "Cost Of Revenue": 1768671.0,
        "Total Revenue": 927570.0,
        "Operating Revenue": 927570.0
    },
    "2024-09-30": {
        "Tax Effect Of Unusual Items": 0.0,
        "Tax Rate For Calcs": 0.0,
        "Normalized EBITDA": -2623818.0,
        "Net Income From Continuing Operation Net Minority Interest": -3902589.0,
        "Reconciled Depreciation": 636416.0,
        "Reconciled Cost Of Revenue": 1830787.0,
        "EBITDA": -2623818.0,
        "EBIT": -3260234.0,
        "Net Interest Income": -642332.0,
        "Interest Expense": 642355.0,
        "Interest Income": 23.0,
        "Normalized Income": -3902589.0,
        "Net Income From Continuing And Discontinued Operation": -3902589.0,
        "Total Expenses": 5040856.0,
        "Total Operating Income As Reported": -3171898.0,
        "Diluted Average Shares": 4181344.0,
        "Basic Average Shares": 4181344.0,
        "Diluted EPS": -0.93,
        "Basic EPS": -0.93,
        "Diluted NI Availto Com Stockholders": -3902589.0,
        "Net Income Common Stockholders": -3902589.0,
        "Preferred Stock Dividends": NaN,
        "Net Income": -3902589.0,
        "Net Income Including Noncontrolling Interests": -3902589.0,
        "Net Income Continuous Operations": -3902589.0,
        "Tax Provision": 0.0,
        "Pretax Income": -3902589.0,
        "Other Income Expense": -88359.0,
        "Other Non Operating Income Expenses": -88359.0,
        "Net Non Operating Interest Income Expense": -642332.0,
        "Total Other Finance Cost": NaN,
        "Interest Expense Non Operating": 642355.0,
        "Interest Income Non Operating": 23.0,
        "Operating Income": -3171898.0,
        "Operating Expense": 3210069.0,
        "Selling General And Administration": 3210069.0,
        "Gross Profit": 38171.0,
        "Cost Of Revenue": 1830787.0,
        "Total Revenue": 1868958.0,
        "Operating Revenue": 1868958.0
    },
    "2024-12-31": {
        "Tax Effect Of Unusual Items": 0.0,
        "Tax Rate For Calcs": 0.0,
        "Normalized EBITDA": -4673263.0,
        "Net Income From Continuing Operation Net Minority Interest": -5674883.0,
        "Reconciled Depreciation": 677424.0,
        "Reconciled Cost Of Revenue": 1576108.0,
        "EBITDA": -4673263.0,
        "EBIT": -5350687.0,
        "Net Interest Income": -297517.0,
        "Interest Expense": 324196.0,
        "Interest Income": 26679.0,
        "Normalized Income": -5674883.0,
        "Net Income From Continuing And Discontinued Operation": -5674883.0,
        "Total Expenses": 5913512.0,
        "Total Operating Income As Reported": -5087549.0,
        "Diluted Average Shares": NaN,
        "Basic Average Shares": NaN,
        "Diluted EPS": NaN,
        "Basic EPS": NaN,
        "Diluted NI Availto Com Stockholders": -5674883.0,
        "Net Income Common Stockholders": -5674883.0,
        "Preferred Stock Dividends": 0.0,
        "Net Income": -5674883.0,
        "Net Income Including Noncontrolling Interests": -5674883.0,
        "Net Income Continuous Operations": -5674883.0,
        "Tax Provision": 0.0,
        "Pretax Income": -5674883.0,
        "Other Income Expense": -289817.0,
        "Other Non Operating Income Expenses": -289817.0,
        "Net Non Operating Interest Income Expense": -297517.0,
        "Total Other Finance Cost": NaN,
        "Interest Expense Non Operating": 324196.0,
        "Interest Income Non Operating": 26679.0,
        "Operating Income": -5087549.0,
        "Operating Expense": 4337404.0,
        "Selling General And Administration": 4337404.0,
        "Gross Profit": -750145.0,
        "Cost Of Revenue": 1576108.0,
        "Total Revenue": 825963.0,
        "Operating Revenue": 825963.0
    },
    "2025-03-31": {
        "Tax Effect Of Unusual Items": 0.0,
        "Tax Rate For Calcs": 0.0,
        "Normalized EBITDA": -5138247.0,
        "Net Income From Continuing Operation Net Minority Interest": -6414627.0,
        "Reconciled Depreciation": 934673.0,
        "Reconciled Cost Of Revenue": 1866972.0,
        "EBITDA": -5138247.0,
        "EBIT": -6072920.0,
        "Net Interest Income": 90938.0,
        "Interest Expense": NaN,
        "Interest Income": 90938.0,
        "Normalized Income": -6414627.0,
        "Net Income From Continuing And Discontinued Operation": -6414627.0,
        "Total Expenses": 6311414.0,
        "Total Operating Income As Reported": -6072920.0,
        "Diluted Average Shares": 18228267.0,
        "Basic Average Shares": 18228267.0,
        "Diluted EPS": -0.35,
        "Basic EPS": -0.35,
        "Diluted NI Availto Com Stockholders": -6414627.0,
        "Net Income Common Stockholders": -6414627.0,
        "Preferred Stock Dividends": NaN,
        "Net Income": -6414627.0,
        "Net Income Including Noncontrolling Interests": -6414627.0,
        "Net Income Continuous Operations": -6414627.0,
        "Tax Provision": 0.0,
        "Pretax Income": -6414627.0,
        "Other Income Expense": -432645.0,
        "Other Non Operating Income Expenses": -432645.0,
        "Net Non Operating Interest Income Expense": 90938.0,
        "Total Other Finance Cost": NaN,
        "Interest Expense Non Operating": NaN,
        "Interest Income Non Operating": 90938.0,
        "Operating Income": -6072920.0,
        "Operating Expense": 4444442.0,
        "Selling General And Administration": 4444442.0,
        "Gross Profit": -1628478.0,
        "Cost Of Revenue": 1866972.0,
        "Total Revenue": 238494.0,
        "Operating Revenue": 238494.0
    },
    "2025-06-30": {
        "Tax Effect Of Unusual Items": 0.0,
        "Tax Rate For Calcs": 0.0,
        "Normalized EBITDA": -4490228.0,
        "Net Income From Continuing Operation Net Minority Interest": -5625070.0,
        "Reconciled Depreciation": 1132296.0,
        "Reconciled Cost Of Revenue": 2288165.0,
        "EBITDA": -4490228.0,
        "EBIT": -5622524.0,
        "Net Interest Income": 25433.0,
        "Interest Expense": 2546.0,
        "Interest Income": 27979.0,
        "Normalized Income": -5625070.0,
        "Net Income From Continuing And Discontinued Operation": -5625070.0,
        "Total Expenses": 6551434.0,
        "Total Operating Income As Reported": -5290411.0,
        "Diluted Average Shares": 18320025.0,
        "Basic Average Shares": 18320025.0,
        "Diluted EPS": -0.31,
        "Basic EPS": -0.31,
        "Diluted NI Availto Com Stockholders": -5625070.0,
        "Net Income Common Stockholders": -5625070.0,
        "Preferred Stock Dividends": NaN,
        "Net Income": -5625070.0,
        "Net Income Including Noncontrolling Interests": -5625070.0,
        "Net Income Continuous Operations": -5625070.0,
        "Tax Provision": 0.0,
        "Pretax Income": -5625070.0,
        "Other Income Expense": -360092.0,
        "Other Non Operating Income Expenses": -360092.0,
        "Net Non Operating Interest Income Expense": 25433.0,
        "Total Other Finance Cost": NaN,
        "Interest Expense Non Operating": 2546.0,
        "Interest Income Non Operating": 27979.0,
        "Operating Income": -5290411.0,
        "Operating Expense": 4263269.0,
        "Selling General And Administration": 4263269.0,
        "Gross Profit": -1027142.0,
        "Cost Of Revenue": 2288165.0,
        "Total Revenue": 1261023.0,
        "Operating Revenue": 1261023.0
    }
}