{
    "2023-03-31": {
        "Tax Effect Of Unusual Items": NaN,
        "Tax Rate For Calcs": NaN,
        "Normalized EBITDA": NaN,
        "Net Income From Continuing Operation Net Minority Interest": NaN,
        "Reconciled Depreciation": NaN,
        "Reconciled Cost Of Revenue": NaN,
        "EBITDA": NaN,
        "EBIT": NaN,
        "Net Interest Income": NaN,
        "Interest Expense": NaN,
        "Normalized Income": NaN,
        "Net Income From Continuing And Discontinued Operation": NaN,
        "Total Expenses": NaN,
        "Rent Expense Supplemental": NaN,
        "Total Operating Income As Reported": NaN,
        "Diluted Average Shares": NaN,
        "Basic Average Shares": NaN,
        "Diluted EPS": NaN,
        "Basic EPS": NaN,
        "Diluted NI Availto Com Stockholders": NaN,
        "Net Income Common Stockholders": NaN,
        "Net Income": NaN,
        "Minority Interests": NaN,
        "Net Income Including Noncontrolling Interests": NaN,
        "Net Income Continuous Operations": NaN,
        "Tax Provision": NaN,
        "Pretax Income": NaN,
        "Other Income Expense": 38000.0,
        "Earnings From Equity Interest": NaN,
        "Net Non Operating Interest Income Expense": NaN,
        "Interest Expense Non Operating": NaN,
        "Operating Income": NaN,
        "Operating Expense": NaN,
        "Other Operating Expenses": NaN,
        "Depreciation Amortization Depletion Income Statement": NaN,
        "Depreciation And Amortization In Income Statement": NaN,
        "Selling General And Administration": NaN,
        "Selling And Marketing Expense": NaN,
        "General And Administrative Expense": NaN,
        "Other Gand A": NaN,
        "Rent And Landing Fees": NaN,
        "Gross Profit": NaN,
        "Cost Of Revenue": NaN,
        "Total Revenue": NaN,
        "Operating Revenue": NaN
    },
    "2022-12-31": {
        "Tax Effect Of Unusual Items": NaN,
        "Tax Rate For Calcs": NaN,
        "Normalized EBITDA": NaN,
        "Total Unusual Items": 0.0,
        "Total Unusual Items Excluding Goodwill": 0.0,
        "Net Income From Continuing Operation Net Minority Interest": NaN,
        "Reconciled Depreciation": NaN,
        "Reconciled Cost Of Revenue": NaN,
        "EBITDA": NaN,
        "EBIT": NaN,
        "Net Interest Income": NaN,
        "Interest Expense": NaN,
        "Normalized Income": NaN,
        "Net Income From Continuing And Discontinued Operation": NaN,
        "Total Expenses": NaN,
        "Rent Expense Supplemental": NaN,
        "Total Operating Income As Reported": NaN,
        "Diluted Average Shares": NaN,
        "Basic Average Shares": NaN,
        "Diluted EPS": NaN,
        "Basic EPS": NaN,
        "Diluted NI Availto Com Stockholders": NaN,
        "Net Income Common Stockholders": NaN,
        "Net Income": NaN,
        "Minority Interests": NaN,
        "Net Income Including Noncontrolling Interests": NaN,
        "Net Income Continuous Operations": NaN,
        "Tax Provision": NaN,
        "Pretax Income": NaN,
        "Other Income Expense": -4797000.0,
        "Special Income Charges": 0.0,
        "Write Off": 0.0,
        "Restructuring And Mergern Acquisition": 0.0,
        "Earnings From Equity Interest": NaN,
        "Net Non Operating Interest Income Expense": NaN,
        "Interest Expense Non Operating": NaN,
        "Operating Income": NaN,
        "Operating Expense": NaN,
        "Other Operating Expenses": NaN,
        "Depreciation Amortization Depletion Income Statement": NaN,
        "Depreciation And Amortization In Income Statement": NaN,
        "Selling General And Administration": NaN,
        "Selling And Marketing Expense": NaN,
        "General And Administrative Expense": NaN,
        "Other Gand A": NaN,
        "Rent And Landing Fees": NaN,
        "Gross Profit": NaN,
        "Cost Of Revenue": NaN,
        "Total Revenue": NaN,
        "Operating Revenue": NaN
    },
    "2022-09-30": {
        "Tax Effect Of Unusual Items": NaN,
        "Tax Rate For Calcs": NaN,
        "Normalized EBITDA": NaN,
        "Total Unusual Items": 0.0,
        "Total Unusual Items Excluding Goodwill": 0.0,
        "Net Income From Continuing Operation Net Minority Interest": NaN,
        "Reconciled Depreciation": NaN,
        "Reconciled Cost Of Revenue": NaN,
        "EBITDA": NaN,
        "EBIT": NaN,
        "Net Interest Income": NaN,
        "Interest Expense": NaN,
        "Normalized Income": NaN,
        "Net Income From Continuing And Discontinued Operation": NaN,
        "Total Expenses": NaN,
        "Rent Expense Supplemental": NaN,
        "Total Operating Income As Reported": NaN,
        "Diluted Average Shares": 32403235.0,
        "Basic Average Shares": 32403235.0,
        "Diluted EPS": 0.03,
        "Basic EPS": 0.03,
        "Diluted NI Availto Com Stockholders": NaN,
        "Net Income Common Stockholders": NaN,
        "Net Income": NaN,
        "Minority Interests": NaN,
        "Net Income Including Noncontrolling Interests": NaN,
        "Net Income Continuous Operations": NaN,
        "Tax Provision": NaN,
        "Pretax Income": NaN,
        "Other Income Expense": -148000.0,
        "Special Income Charges": 0.0,
        "Write Off": 0.0,
        "Restructuring And Mergern Acquisition": 0.0,
        "Earnings From Equity Interest": NaN,
        "Net Non Operating Interest Income Expense": NaN,
        "Interest Expense Non Operating": NaN,
        "Operating Income": NaN,
        "Operating Expense": NaN,
        "Other Operating Expenses": NaN,
        "Depreciation Amortization Depletion Income Statement": NaN,
        "Depreciation And Amortization In Income Statement": NaN,
        "Selling General And Administration": NaN,
        "Selling And Marketing Expense": NaN,
        "General And Administrative Expense": NaN,
        "Other Gand A": NaN,
        "Rent And Landing Fees": NaN,
        "Gross Profit": NaN,
        "Cost Of Revenue": NaN,
        "Total Revenue": NaN,
        "Operating Revenue": NaN
    },
    "2022-06-30": {
        "Tax Effect Of Unusual Items": 0.0,
        "Tax Rate For Calcs": 0.4,
        "Normalized EBITDA": -153000.0,
        "Total Unusual Items": 0.0,
        "Total Unusual Items Excluding Goodwill": 0.0,
        "Net Income From Continuing Operation Net Minority Interest": 711000.0,
        "Reconciled Depreciation": 261000.0,
        "Reconciled Cost Of Revenue": 7743000.0,
        "EBITDA": -153000.0,
        "EBIT": -414000.0,
        "Net Interest Income": -103000.0,
        "Interest Expense": 103000.0,
        "Normalized Income": 711000.0,
        "Net Income From Continuing And Discontinued Operation": 711000.0,
        "Total Expenses": 12151000.0,
        "Rent Expense Supplemental": 456000.0,
        "Total Operating Income As Reported": NaN,
        "Diluted Average Shares": 32403235.0,
        "Basic Average Shares": 32403235.0,
        "Diluted EPS": 0.02,
        "Basic EPS": 0.02,
        "Diluted NI Availto Com Stockholders": 711000.0,
        "Net Income Common Stockholders": 711000.0,
        "Net Income": 711000.0,
        "Minority Interests": 201000.0,
        "Net Income Including Noncontrolling Interests": 510000.0,
        "Net Income Continuous Operations": 510000.0,
        "Tax Provision": -1027000.0,
        "Pretax Income": -517000.0,
        "Other Income Expense": 14000.0,
        "Special Income Charges": 0.0,
        "Write Off": NaN,
        "Restructuring And Mergern Acquisition": 0.0,
        "Earnings From Equity Interest": 14000.0,
        "Net Non Operating Interest Income Expense": -103000.0,
        "Interest Expense Non Operating": 103000.0,
        "Operating Income": -428000.0,
        "Operating Expense": 4408000.0,
        "Other Operating Expenses": 687000.0,
        "Depreciation Amortization Depletion Income Statement": 261000.0,
        "Depreciation And Amortization In Income Statement": 261000.0,
        "Selling General And Administration": 3460000.0,
        "Selling And Marketing Expense": 59000.0,
        "General And Administrative Expense": 3401000.0,
        "Other Gand A": 2945000.0,
        "Rent And Landing Fees": 456000.0,
        "Gross Profit": 3980000.0,
        "Cost Of Revenue": 7743000.0,
        "Total Revenue": 11723000.0,
        "Operating Revenue": 11244000.0
    },
    "2022-03-31": {
        "Diluted EPS": -0.03,
        "Total Revenue": 10,
        "Gross Profit": 10,
        "Operating Income": -2,
        "EBIT": -1,
        "Net Income": -1
    },
    "2021-12-31": {
        "Diluted EPS": 0.01,
        "Total Revenue": 15,
        "Gross Profit": 14,
        "Operating Income": 1,
        "EBIT": 1,
        "Net Income": 0
    },
    "2021-09-30": {
        "Diluted EPS": 0.03,
        "Total Revenue": 17,
        "Gross Profit": 16,
        "Operating Income": 1,
        "EBIT": 2,
        "Net Income": 1
    },
    "2021-06-30": {
        "Diluted EPS": 0.05,
        "Total Revenue": 17,
        "Gross Profit": 16,
        "Operating Income": 2,
        "EBIT": 2,
        "Net Income": 1
    },
    "2021-03-31": {
        "Diluted EPS": 0.07,
        "Total Revenue": 19,
        "Gross Profit": 17,
        "Operating Income": 3,
        "EBIT": 4,
        "Net Income": 2
    },
    "2020-12-31": {
        "Diluted EPS": 0.03,
        "Total Revenue": 15,
        "Gross Profit": 14,
        "Operating Income": 1,
        "EBIT": 2,
        "Net Income": 1
    },
    "2020-09-30": {
        "Diluted EPS": 0.02,
        "Total Revenue": 13,
        "Gross Profit": 11,
        "Operating Income": 0,
        "EBIT": 1,
        "Net Income": 1
    },
    "2020-06-30": {
        "Diluted EPS": 0.02,
        "Total Revenue": 13,
        "Gross Profit": 11,
        "Operating Income": 0,
        "EBIT": 1,
        "Net Income": 0
    },
    "2020-03-31": {
        "Diluted EPS": 0.03,
        "Total Revenue": 15,
        "Gross Profit": 14,
        "Operating Income": 2,
        "EBIT": 2,
        "Net Income": 1
    },
    "2019-12-31": {
        "Diluted EPS": -0.01,
        "Total Revenue": 11,
        "Gross Profit": 10,
        "Operating Income": -1,
        "EBIT": 0,
        "Net Income": 0
    },
    "2019-09-30": {
        "Diluted EPS": 0.04,
        "Total Revenue": 11,
        "Gross Profit": 10,
        "Operating Income": 2,
        "EBIT": 2,
        "Net Income": 1
    },
    "2019-06-30": {
        "Diluted EPS": 0.04,
        "Total Revenue": 11,
        "Gross Profit": 10,
        "Operating Income": 2,
        "EBIT": 2,
        "Net Income": 1
    },
    "2019-03-31": {
        "Diluted EPS": 0.04,
        "Total Revenue": 10,
        "Gross Profit": 9,
        "Operating Income": 2,
        "EBIT": 2,
        "Net Income": 1
    },
    "2018-12-31": {
        "Diluted EPS": 0.2,
        "Total Revenue": 6,
        "Gross Profit": 6,
        "Operating Income": 1,
        "EBIT": 1,
        "Net Income": 5
    },
    "2018-09-30": {
        "Diluted EPS": 0.11,
        "Total Revenue": 8,
        "Gross Profit": 7,
        "Operating Income": 2,
        "EBIT": 2,
        "Net Income": 3
    },
    "2018-06-30": {
        "Diluted EPS": 0.07,
        "Total Revenue": 7,
        "Gross Profit": 7,
        "Operating Income": 2,
        "EBIT": 2,
        "Net Income": 2
    },
    "2018-03-31": {
        "Diluted EPS": 0.06,
        "Total Revenue": 8,
        "Gross Profit": 7,
        "Operating Income": 2,
        "EBIT": 2,
        "Net Income": 2
    },
    "2017-12-31": {
        "Diluted EPS": 0.03,
        "Total Revenue": 5,
        "Gross Profit": 5,
        "Operating Income": 1,
        "EBIT": 1,
        "Net Income": 1
    },
    "2017-09-30": {
        "Diluted EPS": 0.05,
        "Total Revenue": 3,
        "Gross Profit": 3,
        "Operating Income": 1,
        "EBIT": 1,
        "Net Income": 1
    },
    "2017-06-30": {
        "Diluted EPS": 0.02,
        "Total Revenue": 3,
        "Gross Profit": 2,
        "Operating Income": 0,
        "EBIT": 0,
        "Net Income": 0
    },
    "2017-03-31": {
        "Diluted EPS": 0.0,
        "Total Revenue": 2,
        "Gross Profit": 2,
        "Operating Income": 0,
        "EBIT": 0,
        "Net Income": 0
    },
    "2016-12-31": {
        "Diluted EPS": -0.15,
        "Total Revenue": 3,
        "Gross Profit": 2,
        "Operating Income": -3,
        "EBIT": -3,
        "Net Income": -3
    },
    "2016-09-30": {
        "Diluted EPS": -0.05,
        "Total Revenue": 2,
        "Gross Profit": 2,
        "Operating Income": -1,
        "EBIT": -1,
        "Net Income": -1
    },
    "2016-06-30": {
        "Diluted EPS": -0.03,
        "Total Revenue": 2,
        "Gross Profit": 2,
        "Operating Income": -1,
        "EBIT": -1,
        "Net Income": -1
    },
    "2016-03-31": {
        "Diluted EPS": -0.02,
        "Total Revenue": 2,
        "Gross Profit": 2,
        "Operating Income": -1,
        "EBIT": 0,
        "Net Income": -1
    },
    "2015-12-31": {
        "Diluted EPS": -0.01,
        "Total Revenue": 3,
        "Gross Profit": 3,
        "Operating Income": 0,
        "EBIT": 0,
        "Net Income": 0
    },
    "2015-09-30": {
        "Diluted EPS": -0.03,
        "Total Revenue": 3,
        "Gross Profit": 2,
        "Operating Income": -1,
        "EBIT": -1,
        "Net Income": -1
    },
    "2015-06-30": {
        "Diluted EPS": -0.02,
        "Total Revenue": 2,
        "Gross Profit": 2,
        "Operating Income": -1,
        "EBIT": -1,
        "Net Income": 0
    },
    "2015-03-31": {
        "Diluted EPS": -0.07,
        "Total Revenue": 3,
        "Gross Profit": 2,
        "Operating Income": -1,
        "EBIT": -1,
        "Net Income": -2
    },
    "2014-12-31": {
        "Diluted EPS": 0.05,
        "Total Revenue": 5,
        "Gross Profit": 5,
        "Operating Income": 1,
        "EBIT": 1,
        "Net Income": 1
    },
    "2014-09-30": {
        "Diluted EPS": -0.07,
        "Total Revenue": 3,
        "Gross Profit": 3,
        "Operating Income": -1,
        "EBIT": -1,
        "Net Income": -1
    },
    "2014-06-30": {
        "Diluted EPS": -0.28,
        "Total Revenue": 4,
        "Gross Profit": 3,
        "Operating Income": -6,
        "EBIT": -6,
        "Net Income": -6
    },
    "2014-03-31": {
        "Diluted EPS": 0.0,
        "Total Revenue": 4,
        "Gross Profit": 3,
        "Operating Income": -1,
        "EBIT": -1,
        "Net Income": 0
    },
    "2013-12-31": {
        "Diluted EPS": -0.08,
        "Total Revenue": 4,
        "Gross Profit": 4,
        "Operating Income": -2,
        "EBIT": -2,
        "Net Income": -2
    },
    "2013-09-30": {
        "Diluted EPS": -0.07,
        "Total Revenue": 4,
        "Gross Profit": 3,
        "Operating Income": -2,
        "EBIT": -2,
        "Net Income": -2
    },
    "2013-06-30": {
        "Diluted EPS": -0.06,
        "Total Revenue": 4,
        "Gross Profit": 4,
        "Operating Income": -1,
        "EBIT": -1,
        "Net Income": -1
    },
    "2013-03-31": {
        "Diluted EPS": -0.06,
        "Total Revenue": 4,
        "Gross Profit": 4,
        "Operating Income": -1,
        "EBIT": -1,
        "Net Income": -1
    },
    "2012-12-31": {
        "Diluted EPS": -0.02,
        "Total Revenue": 5,
        "Gross Profit": 4,
        "Operating Income": 0,
        "EBIT": 0,
        "Net Income": 0
    },
    "2012-09-30": {
        "Diluted EPS": -0.04,
        "Total Revenue": 4,
        "Gross Profit": 4,
        "Operating Income": -1,
        "EBIT": -1,
        "Net Income": -1
    },
    "2012-06-30": {
        "Diluted EPS": 0.02,
        "Total Revenue": 6,
        "Gross Profit": 5,
        "Operating Income": 0,
        "EBIT": 0,
        "Net Income": 0
    },
    "2012-03-31": {
        "Diluted EPS": 0.03,
        "Total Revenue": 7,
        "Gross Profit": 6,
        "Operating Income": 1,
        "EBIT": 1,
        "Net Income": 1
    },
    "2011-12-31": {
        "Diluted EPS": -0.04,
        "Total Revenue": 4,
        "Gross Profit": 4,
        "Operating Income": -1,
        "EBIT": -1,
        "Net Income": -1
    },
    "2011-09-30": {
        "Diluted EPS": -0.03,
        "Total Revenue": 6,
        "Gross Profit": 5,
        "Operating Income": -2,
        "EBIT": -1,
        "Net Income": -1
    },
    "2011-06-30": {
        "Diluted EPS": -0.08,
        "Total Revenue": 4,
        "Gross Profit": 4,
        "Operating Income": -1,
        "EBIT": -1,
        "Net Income": -2
    },
    "2011-03-31": {
        "Diluted EPS": -0.09,
        "Total Revenue": 6,
        "Gross Profit": 5,
        "Operating Income": -1,
        "EBIT": -1,
        "Net Income": -2
    },
    "2010-12-31": {
        "Diluted EPS": 0.06,
        "Total Revenue": 5,
        "Gross Profit": 2,
        "Operating Income": 0,
        "EBIT": 0,
        "Net Income": 1
    },
    "2010-09-30": {
        "Diluted EPS": -0.16,
        "Total Revenue": 4,
        "Gross Profit": 4,
        "Operating Income": -2,
        "EBIT": -2,
        "Net Income": -4
    },
    "2010-06-30": {
        "Diluted EPS": 0.04,
        "Total Revenue": 7,
        "Gross Profit": 7,
        "Operating Income": 1,
        "EBIT": 1,
        "Net Income": 1
    },
    "2010-03-31": {
        "Diluted EPS": -0.05,
        "Total Revenue": 4,
        "Gross Profit": 4,
        "Operating Income": -3,
        "EBIT": -3,
        "Net Income": -1
    },
    "2009-12-31": {
        "Diluted EPS": -0.05,
        "Total Revenue": 6,
        "Gross Profit": 0,
        "Operating Income": -3,
        "EBIT": -3,
        "Net Income": -1
    },
    "2009-09-30": {
        "Diluted EPS": -0.02,
        "Total Revenue": 5,
        "Gross Profit": 5,
        "Operating Income": -2,
        "EBIT": -2,
        "Net Income": 0
    },
    "2009-06-30": {
        "Diluted EPS": 0.03,
        "Total Revenue": 7,
        "Gross Profit": 7,
        "Operating Income": 0,
        "EBIT": 0,
        "Net Income": 1
    },
    "2009-03-31": {
        "Diluted EPS": -0.01,
        "Total Revenue": 7,
        "Gross Profit": 7,
        "Operating Income": -1,
        "EBIT": -1,
        "Net Income": 0
    },
    "2023-06-30": {
        "Tax Effect Of Unusual Items": NaN,
        "Tax Rate For Calcs": NaN,
        "Normalized EBITDA": NaN,
        "Net Income From Continuing Operation Net Minority Interest": NaN,
        "Reconciled Depreciation": NaN,
        "Reconciled Cost Of Revenue": NaN,
        "EBITDA": NaN,
        "EBIT": NaN,
        "Net Interest Income": NaN,
        "Interest Expense": NaN,
        "Normalized Income": NaN,
        "Net Income From Continuing And Discontinued Operation": NaN,
        "Total Expenses": NaN,
        "Rent Expense Supplemental": NaN,
        "Total Operating Income As Reported": NaN,
        "Diluted Average Shares": 36410018.0,
        "Basic Average Shares": 36410018.0,
        "Diluted EPS": 0.07,
        "Basic EPS": 0.07,
        "Diluted NI Availto Com Stockholders": NaN,
        "Net Income Common Stockholders": NaN,
        "Net Income": NaN,
        "Minority Interests": NaN,
        "Net Income Including Noncontrolling Interests": NaN,
        "Net Income Continuous Operations": NaN,
        "Tax Provision": NaN,
        "Pretax Income": NaN,
        "Other Income Expense": 73000.0,
        "Earnings From Equity Interest": NaN,
        "Net Non Operating Interest Income Expense": NaN,
        "Interest Expense Non Operating": NaN,
        "Operating Income": NaN,
        "Operating Expense": NaN,
        "Other Operating Expenses": NaN,
        "Depreciation Amortization Depletion Income Statement": NaN,
        "Depreciation And Amortization In Income Statement": NaN,
        "Selling General And Administration": NaN,
        "Selling And Marketing Expense": NaN,
        "General And Administrative Expense": NaN,
        "Other Gand A": NaN,
        "Rent And Landing Fees": NaN,
        "Gross Profit": NaN,
        "Cost Of Revenue": NaN,
        "Total Revenue": NaN,
        "Operating Revenue": NaN
    },
    "2023-09-30": {
        "Tax Effect Of Unusual Items": NaN,
        "Tax Rate For Calcs": NaN,
        "Normalized EBITDA": NaN,
        "Net Income From Continuing Operation Net Minority Interest": NaN,
        "Reconciled Depreciation": NaN,
        "Reconciled Cost Of Revenue": NaN,
        "EBITDA": NaN,
        "EBIT": NaN,
        "Net Interest Income": NaN,
        "Interest Expense": NaN,
        "Normalized Income": NaN,
        "Net Income From Continuing And Discontinued Operation": NaN,
        "Total Expenses": NaN,
        "Rent Expense Supplemental": NaN,
        "Total Operating Income As Reported": NaN,
        "Diluted Average Shares": 39678762.0,
        "Basic Average Shares": 39678762.0,
        "Diluted EPS": 0.07,
        "Basic EPS": 0.07,
        "Diluted NI Availto Com Stockholders": NaN,
        "Net Income Common Stockholders": NaN,
        "Net Income": NaN,
        "Minority Interests": NaN,
        "Net Income Including Noncontrolling Interests": NaN,
        "Net Income Continuous Operations": NaN,
        "Tax Provision": NaN,
        "Pretax Income": NaN,
        "Other Income Expense": NaN,
        "Earnings From Equity Interest": NaN,
        "Net Non Operating Interest Income Expense": NaN,
        "Interest Expense Non Operating": NaN,
        "Operating Income": NaN,
        "Operating Expense": NaN,
        "Other Operating Expenses": NaN,
        "Depreciation Amortization Depletion Income Statement": NaN,
        "Depreciation And Amortization In Income Statement": NaN,
        "Selling General And Administration": NaN,
        "Selling And Marketing Expense": NaN,
        "General And Administrative Expense": NaN,
        "Other Gand A": NaN,
        "Rent And Landing Fees": NaN,
        "Gross Profit": NaN,
        "Cost Of Revenue": NaN,
        "Total Revenue": NaN,
        "Operating Revenue": NaN
    },
    "2023-12-31": {
        "Tax Effect Of Unusual Items": 0.0,
        "Tax Rate For Calcs": 0.193974,
        "Normalized EBITDA": 283000.0,
        "Net Income From Continuing Operation Net Minority Interest": -834000.0,
        "Reconciled Depreciation": 1304000.0,
        "Reconciled Cost Of Revenue": 8573000.0,
        "EBITDA": 283000.0,
        "EBIT": -1021000.0,
        "Net Interest Income": -41000.0,
        "Interest Expense": 41000.0,
        "Normalized Income": -834000.0,
        "Net Income From Continuing And Discontinued Operation": -834000.0,
        "Total Expenses": 15743000.0,
        "Rent Expense Supplemental": 437000.0,
        "Total Operating Income As Reported": 4881000.0,
        "Diluted Average Shares": NaN,
        "Basic Average Shares": NaN,
        "Diluted EPS": NaN,
        "Basic EPS": NaN,
        "Diluted NI Availto Com Stockholders": -834000.0,
        "Net Income Common Stockholders": -834000.0,
        "Net Income": -834000.0,
        "Minority Interests": 22000.0,
        "Net Income Including Noncontrolling Interests": -856000.0,
        "Net Income Continuous Operations": -856000.0,
        "Tax Provision": -206000.0,
        "Pretax Income": -1062000.0,
        "Other Income Expense": -5943000.0,
        "Earnings From Equity Interest": 0.0,
        "Net Non Operating Interest Income Expense": -41000.0,
        "Interest Expense Non Operating": 41000.0,
        "Operating Income": 4922000.0,
        "Operating Expense": 7170000.0,
        "Other Operating Expenses": 1882000.0,
        "Depreciation Amortization Depletion Income Statement": 1304000.0,
        "Depreciation And Amortization In Income Statement": 1304000.0,
        "Selling General And Administration": 3984000.0,
        "Selling And Marketing Expense": 103000.0,
        "General And Administrative Expense": 3881000.0,
        "Other Gand A": 3444000.0,
        "Rent And Landing Fees": 437000.0,
        "Gross Profit": 12092000.0,
        "Cost Of Revenue": 8573000.0,
        "Total Revenue": 20665000.0,
        "Operating Revenue": 18767000.0
    },
    "2024-03-31": {
        "Tax Effect Of Unusual Items": 0.0,
        "Tax Rate For Calcs": 0.28,
        "Normalized EBITDA": 5408000.0,
        "Net Income From Continuing Operation Net Minority Interest": 3688000.0,
        "Reconciled Depreciation": 255000.0,
        "Reconciled Cost Of Revenue": 10804000.0,
        "EBITDA": 5408000.0,
        "EBIT": 5153000.0,
        "Net Interest Income": -51000.0,
        "Interest Expense": 51000.0,
        "Normalized Income": 3688000.0,
        "Net Income From Continuing And Discontinued Operation": 3688000.0,
        "Total Expenses": 15303000.0,
        "Rent Expense Supplemental": 497000.0,
        "Total Operating Income As Reported": 5102000.0,
        "Diluted Average Shares": 39769398.0,
        "Basic Average Shares": 39769398.0,
        "Diluted EPS": 0.09,
        "Basic EPS": 0.09,
        "Diluted NI Availto Com Stockholders": 3688000.0,
        "Net Income Common Stockholders": 3688000.0,
        "Net Income": 3688000.0,
        "Minority Interests": 1000.0,
        "Net Income Including Noncontrolling Interests": 3687000.0,
        "Net Income Continuous Operations": 3687000.0,
        "Tax Provision": 1415000.0,
        "Pretax Income": 5102000.0,
        "Other Income Expense": NaN,
        "Earnings From Equity Interest": 0.0,
        "Net Non Operating Interest Income Expense": -51000.0,
        "Interest Expense Non Operating": 51000.0,
        "Operating Income": 5153000.0,
        "Operating Expense": 4499000.0,
        "Other Operating Expenses": 751000.0,
        "Depreciation Amortization Depletion Income Statement": 255000.0,
        "Depreciation And Amortization In Income Statement": 255000.0,
        "Selling General And Administration": 3493000.0,
        "Selling And Marketing Expense": 54000.0,
        "General And Administrative Expense": 3439000.0,
        "Other Gand A": 2942000.0,
        "Rent And Landing Fees": 497000.0,
        "Gross Profit": 9652000.0,
        "Cost Of Revenue": 10804000.0,
        "Total Revenue": 20456000.0,
        "Operating Revenue": 19829000.0
    },
    "2024-06-30": {
        "Tax Effect Of Unusual Items": 0.0,
        "Tax Rate For Calcs": 0.275,
        "Normalized EBITDA": 5975000.0,
        "Net Income From Continuing Operation Net Minority Interest": 4040000.0,
        "Reconciled Depreciation": 336000.0,
        "Reconciled Cost Of Revenue": 10545000.0,
        "EBITDA": 5975000.0,
        "EBIT": 5639000.0,
        "Net Interest Income": -60000.0,
        "Interest Expense": 60000.0,
        "Normalized Income": 4040000.0,
        "Net Income From Continuing And Discontinued Operation": 4040000.0,
        "Total Expenses": 14057000.0,
        "Rent Expense Supplemental": 378000.0,
        "Total Operating Income As Reported": 5579000.0,
        "Diluted Average Shares": 39890606.0,
        "Basic Average Shares": 39890606.0,
        "Diluted EPS": 0.1,
        "Basic EPS": 0.1,
        "Diluted NI Availto Com Stockholders": 4040000.0,
        "Net Income Common Stockholders": 4040000.0,
        "Net Income": 4040000.0,
        "Minority Interests": -7000.0,
        "Net Income Including Noncontrolling Interests": 4047000.0,
        "Net Income Continuous Operations": 4047000.0,
        "Tax Provision": 1532000.0,
        "Pretax Income": 5579000.0,
        "Other Income Expense": NaN,
        "Earnings From Equity Interest": 0.0,
        "Net Non Operating Interest Income Expense": -60000.0,
        "Interest Expense Non Operating": 60000.0,
        "Operating Income": 5639000.0,
        "Operating Expense": 3512000.0,
        "Other Operating Expenses": -435000.0,
        "Depreciation Amortization Depletion Income Statement": 336000.0,
        "Depreciation And Amortization In Income Statement": 336000.0,
        "Selling General And Administration": 3611000.0,
        "Selling And Marketing Expense": 43000.0,
        "General And Administrative Expense": 3568000.0,
        "Other Gand A": 3190000.0,
        "Rent And Landing Fees": 378000.0,
        "Gross Profit": 9151000.0,
        "Cost Of Revenue": 10545000.0,
        "Total Revenue": 19696000.0,
        "Operating Revenue": 19696000.0
    },
    "2024-09-30": {
        "Tax Effect Of Unusual Items": 0.0,
        "Tax Rate For Calcs": 0.21,
        "Normalized EBITDA": 5261000.0,
        "Net Income From Continuing Operation Net Minority Interest": 3826000.0,
        "Reconciled Depreciation": 350000.0,
        "Reconciled Cost Of Revenue": 12231000.0,
        "EBITDA": 5261000.0,
        "EBIT": 4911000.0,
        "Net Interest Income": -72000.0,
        "Interest Expense": 72000.0,
        "Normalized Income": 3826000.0,
        "Net Income From Continuing And Discontinued Operation": 3826000.0,
        "Total Expenses": 16916000.0,
        "Rent Expense Supplemental": 365000.0,
        "Total Operating Income As Reported": 4839000.0,
        "Diluted Average Shares": 40022458.0,
        "Basic Average Shares": 40022458.0,
        "Diluted EPS": 0.1,
        "Basic EPS": 0.1,
        "Diluted NI Availto Com Stockholders": 3826000.0,
        "Net Income Common Stockholders": 3826000.0,
        "Net Income": 3826000.0,
        "Minority Interests": -8000.0,
        "Net Income Including Noncontrolling Interests": 3834000.0,
        "Net Income Continuous Operations": 3834000.0,
        "Tax Provision": 1005000.0,
        "Pretax Income": 4839000.0,
        "Other Income Expense": NaN,
        "Earnings From Equity Interest": 0.0,
        "Net Non Operating Interest Income Expense": -72000.0,
        "Interest Expense Non Operating": 72000.0,
        "Operating Income": 4911000.0,
        "Operating Expense": 4685000.0,
        "Other Operating Expenses": 161000.0,
        "Depreciation Amortization Depletion Income Statement": 350000.0,
        "Depreciation And Amortization In Income Statement": 350000.0,
        "Selling General And Administration": 4174000.0,
        "Selling And Marketing Expense": 128000.0,
        "General And Administrative Expense": 4046000.0,
        "Other Gand A": 3681000.0,
        "Rent And Landing Fees": 365000.0,
        "Gross Profit": 9596000.0,
        "Cost Of Revenue": 12231000.0,
        "Total Revenue": 21827000.0,
        "Operating Revenue": 21827000.0
    },
    "2024-12-31": {
        "Tax Effect Of Unusual Items": 0.0,
        "Tax Rate For Calcs": 0.109343,
        "Normalized EBITDA": 2466000.0,
        "Net Income From Continuing Operation Net Minority Interest": 1732000.0,
        "Reconciled Depreciation": 439000.0,
        "Reconciled Cost Of Revenue": 12026000.0,
        "EBITDA": 2466000.0,
        "EBIT": 2027000.0,
        "Net Interest Income": -79000.0,
        "Interest Expense": 79000.0,
        "Normalized Income": 1732000.0,
        "Net Income From Continuing And Discontinued Operation": 1732000.0,
        "Total Expenses": 17132000.0,
        "Rent Expense Supplemental": 391000.0,
        "Total Operating Income As Reported": 1948000.0,
        "Diluted Average Shares": NaN,
        "Basic Average Shares": NaN,
        "Diluted EPS": NaN,
        "Basic EPS": NaN,
        "Diluted NI Availto Com Stockholders": 1732000.0,
        "Net Income Common Stockholders": 1732000.0,
        "Net Income": 1732000.0,
        "Minority Interests": -3000.0,
        "Net Income Including Noncontrolling Interests": 1735000.0,
        "Net Income Continuous Operations": 1735000.0,
        "Tax Provision": 213000.0,
        "Pretax Income": 1948000.0,
        "Other Income Expense": NaN,
        "Earnings From Equity Interest": 0.0,
        "Net Non Operating Interest Income Expense": -79000.0,
        "Interest Expense Non Operating": 79000.0,
        "Operating Income": 2027000.0,
        "Operating Expense": 5106000.0,
        "Other Operating Expenses": -40000.0,
        "Depreciation Amortization Depletion Income Statement": 439000.0,
        "Depreciation And Amortization In Income Statement": 439000.0,
        "Selling General And Administration": 4707000.0,
        "Selling And Marketing Expense": 123000.0,
        "General And Administrative Expense": 4584000.0,
        "Other Gand A": 4193000.0,
        "Rent And Landing Fees": 391000.0,
        "Gross Profit": 7133000.0,
        "Cost Of Revenue": 12026000.0,
        "Total Revenue": 19159000.0,
        "Operating Revenue": 19159000.0
    }
}