{
    "2023-12-31": {
        "Tax Effect Of Unusual Items": 252000.0,
        "Tax Rate For Calcs": 0.4,
        "Normalized EBITDA": 37434000.0,
        "Total Unusual Items": 630000.0,
        "Total Unusual Items Excluding Goodwill": 630000.0,
        "Net Income From Continuing Operation Net Minority Interest": 35917000.0,
        "Reconciled Depreciation": 5957000.0,
        "Reconciled Cost Of Revenue": 24373000.0,
        "EBITDA": 38064000.0,
        "EBIT": 32107000.0,
        "Net Interest Income": 4412000.0,
        "Interest Expense": -458000.0,
        "Interest Income": 1448000.0,
        "Normalized Income": 35539000.0,
        "Net Income From Continuing And Discontinued Operation": 35917000.0,
        "Total Expenses": 31144000.0,
        "Rent Expense Supplemental": NaN,
        "Total Operating Income As Reported": NaN,
        "Diluted Average Shares": NaN,
        "Basic Average Shares": NaN,
        "Diluted EPS": NaN,
        "Basic EPS": NaN,
        "Diluted NI Availto Com Stockholders": 35917000.0,
        "Net Income Common Stockholders": 35917000.0,
        "Net Income": 35917000.0,
        "Net Income Including Noncontrolling Interests": 35917000.0,
        "Net Income Continuous Operations": 35917000.0,
        "Tax Provision": -3352000.0,
        "Pretax Income": 32565000.0,
        "Other Income Expense": -2023000.0,
        "Other Non Operating Income Expenses": NaN,
        "Special Income Charges": NaN,
        "Gain On Sale Of Ppe": NaN,
        "Other Special Charges": NaN,
        "Gain On Sale Of Security": 630000.0,
        "Net Non Operating Interest Income Expense": 4412000.0,
        "Total Other Finance Cost": -2506000.0,
        "Interest Expense Non Operating": -458000.0,
        "Interest Income Non Operating": 1448000.0,
        "Operating Income": 30176000.0,
        "Operating Expense": 6771000.0,
        "Other Operating Expenses": 237000.0,
        "Selling General And Administration": 6534000.0,
        "Selling And Marketing Expense": NaN,
        "General And Administrative Expense": 6920000.0,
        "Other Gand A": 5852000.0,
        "Salaries And Wages": 1068000.0,
        "Gross Profit": 36947000.0,
        "Cost Of Revenue": 24373000.0,
        "Total Revenue": 61320000.0,
        "Operating Revenue": 61320000.0
    },
    "2023-09-30": {
        "Tax Effect Of Unusual Items": -14676.56195,
        "Tax Rate For Calcs": 0.041342,
        "Normalized EBITDA": 38052000.0,
        "Total Unusual Items": -355000.0,
        "Total Unusual Items Excluding Goodwill": -355000.0,
        "Net Income From Continuing Operation Net Minority Interest": 29936000.0,
        "Reconciled Depreciation": 6316000.0,
        "Reconciled Cost Of Revenue": 26368000.0,
        "EBITDA": 37697000.0,
        "EBIT": 31381000.0,
        "Net Interest Income": -2688000.0,
        "Interest Expense": 154000.0,
        "Interest Income": 682000.0,
        "Normalized Income": 30276323.43805,
        "Net Income From Continuing And Discontinued Operation": 29936000.0,
        "Total Expenses": 29558000.0,
        "Rent Expense Supplemental": 45000.0,
        "Total Operating Income As Reported": 34047000.0,
        "Diluted Average Shares": 148123000.0,
        "Basic Average Shares": 146776000.0,
        "Diluted EPS": 0.2,
        "Basic EPS": 0.2,
        "Diluted NI Availto Com Stockholders": 29936000.0,
        "Net Income Common Stockholders": 29936000.0,
        "Net Income": 29936000.0,
        "Net Income Including Noncontrolling Interests": 29936000.0,
        "Net Income Continuous Operations": 29936000.0,
        "Tax Provision": 1291000.0,
        "Pretax Income": 31227000.0,
        "Other Income Expense": -355000.0,
        "Other Non Operating Income Expenses": NaN,
        "Special Income Charges": 0.0,
        "Gain On Sale Of Ppe": 0.0,
        "Other Special Charges": NaN,
        "Gain On Sale Of Security": -355000.0,
        "Net Non Operating Interest Income Expense": -2688000.0,
        "Total Other Finance Cost": 3216000.0,
        "Interest Expense Non Operating": 154000.0,
        "Interest Income Non Operating": 682000.0,
        "Operating Income": 34270000.0,
        "Operating Expense": 3190000.0,
        "Other Operating Expenses": 382000.0,
        "Selling General And Administration": 2808000.0,
        "Selling And Marketing Expense": 104000.0,
        "General And Administrative Expense": 2808000.0,
        "Other Gand A": 2772000.0,
        "Salaries And Wages": 36000.0,
        "Gross Profit": 37460000.0,
        "Cost Of Revenue": 26368000.0,
        "Total Revenue": 63828000.0,
        "Operating Revenue": 63828000.0
    },
    "2023-06-30": {
        "Tax Effect Of Unusual Items": NaN,
        "Tax Rate For Calcs": NaN,
        "Normalized EBITDA": NaN,
        "Total Unusual Items": NaN,
        "Total Unusual Items Excluding Goodwill": NaN,
        "Net Income From Continuing Operation Net Minority Interest": NaN,
        "Reconciled Depreciation": NaN,
        "Reconciled Cost Of Revenue": NaN,
        "EBITDA": NaN,
        "EBIT": NaN,
        "Net Interest Income": NaN,
        "Interest Expense": NaN,
        "Interest Income": NaN,
        "Normalized Income": NaN,
        "Net Income From Continuing And Discontinued Operation": NaN,
        "Total Expenses": NaN,
        "Rent Expense Supplemental": NaN,
        "Total Operating Income As Reported": NaN,
        "Diluted Average Shares": 150867000.0,
        "Basic Average Shares": 147231000.0,
        "Diluted EPS": 0.16,
        "Basic EPS": 0.16,
        "Diluted NI Availto Com Stockholders": NaN,
        "Net Income Common Stockholders": NaN,
        "Net Income": NaN,
        "Net Income Including Noncontrolling Interests": NaN,
        "Net Income Continuous Operations": NaN,
        "Tax Provision": NaN,
        "Pretax Income": NaN,
        "Other Income Expense": NaN,
        "Other Non Operating Income Expenses": NaN,
        "Special Income Charges": 0.0,
        "Gain On Sale Of Ppe": 0.0,
        "Other Special Charges": NaN,
        "Gain On Sale Of Security": NaN,
        "Net Non Operating Interest Income Expense": NaN,
        "Total Other Finance Cost": NaN,
        "Interest Expense Non Operating": NaN,
        "Interest Income Non Operating": NaN,
        "Operating Income": NaN,
        "Operating Expense": NaN,
        "Other Operating Expenses": NaN,
        "Selling General And Administration": NaN,
        "Selling And Marketing Expense": 129000.0,
        "General And Administrative Expense": NaN,
        "Other Gand A": NaN,
        "Salaries And Wages": NaN,
        "Gross Profit": NaN,
        "Cost Of Revenue": NaN,
        "Total Revenue": NaN,
        "Operating Revenue": NaN
    },
    "2023-03-31": {
        "Tax Effect Of Unusual Items": NaN,
        "Tax Rate For Calcs": NaN,
        "Normalized EBITDA": NaN,
        "Total Unusual Items": NaN,
        "Total Unusual Items Excluding Goodwill": NaN,
        "Net Income From Continuing Operation Net Minority Interest": NaN,
        "Reconciled Depreciation": NaN,
        "Reconciled Cost Of Revenue": NaN,
        "EBITDA": NaN,
        "EBIT": NaN,
        "Net Interest Income": NaN,
        "Interest Expense": NaN,
        "Interest Income": NaN,
        "Normalized Income": NaN,
        "Net Income From Continuing And Discontinued Operation": NaN,
        "Total Expenses": NaN,
        "Rent Expense Supplemental": NaN,
        "Total Operating Income As Reported": NaN,
        "Diluted Average Shares": NaN,
        "Basic Average Shares": NaN,
        "Diluted EPS": NaN,
        "Basic EPS": NaN,
        "Diluted NI Availto Com Stockholders": NaN,
        "Net Income Common Stockholders": NaN,
        "Net Income": NaN,
        "Net Income Including Noncontrolling Interests": NaN,
        "Net Income Continuous Operations": NaN,
        "Tax Provision": NaN,
        "Pretax Income": NaN,
        "Other Income Expense": NaN,
        "Other Non Operating Income Expenses": NaN,
        "Special Income Charges": NaN,
        "Gain On Sale Of Ppe": NaN,
        "Other Special Charges": NaN,
        "Gain On Sale Of Security": NaN,
        "Net Non Operating Interest Income Expense": NaN,
        "Total Other Finance Cost": NaN,
        "Interest Expense Non Operating": NaN,
        "Interest Income Non Operating": NaN,
        "Operating Income": NaN,
        "Operating Expense": NaN,
        "Other Operating Expenses": NaN,
        "Selling General And Administration": NaN,
        "Selling And Marketing Expense": 153000.0,
        "General And Administrative Expense": NaN,
        "Other Gand A": NaN,
        "Salaries And Wages": NaN,
        "Gross Profit": NaN,
        "Cost Of Revenue": NaN,
        "Total Revenue": NaN,
        "Operating Revenue": NaN
    },
    "2024-03-31": {
        "Tax Effect Of Unusual Items": 43814.85435,
        "Tax Rate For Calcs": 0.048737,
        "Normalized EBITDA": 42623000.0,
        "Total Unusual Items": 899000.0,
        "Total Unusual Items Excluding Goodwill": 899000.0,
        "Net Income From Continuing Operation Net Minority Interest": 33864000.0,
        "Reconciled Depreciation": 7776000.0,
        "Reconciled Cost Of Revenue": 26169000.0,
        "EBITDA": 43522000.0,
        "EBIT": 35746000.0,
        "Net Interest Income": 1459000.0,
        "Interest Expense": 147000.0,
        "Interest Income": 1638000.0,
        "Normalized Income": 33008814.85435,
        "Net Income From Continuing And Discontinued Operation": 33864000.0,
        "Total Expenses": 31222000.0,
        "Rent Expense Supplemental": NaN,
        "Total Operating Income As Reported": NaN,
        "Diluted Average Shares": 147956000.0,
        "Basic Average Shares": 146954000.0,
        "Diluted EPS": 0.23,
        "Basic EPS": 0.23,
        "Diluted NI Availto Com Stockholders": 33864000.0,
        "Net Income Common Stockholders": 33864000.0,
        "Net Income": 33864000.0,
        "Net Income Including Noncontrolling Interests": 33864000.0,
        "Net Income Continuous Operations": 33864000.0,
        "Tax Provision": 1735000.0,
        "Pretax Income": 35599000.0,
        "Other Income Expense": 1716000.0,
        "Other Non Operating Income Expenses": 817000.0,
        "Special Income Charges": NaN,
        "Gain On Sale Of Ppe": NaN,
        "Other Special Charges": NaN,
        "Gain On Sale Of Security": 899000.0,
        "Net Non Operating Interest Income Expense": 1459000.0,
        "Total Other Finance Cost": 32000.0,
        "Interest Expense Non Operating": 147000.0,
        "Interest Income Non Operating": 1638000.0,
        "Operating Income": 32424000.0,
        "Operating Expense": 5053000.0,
        "Other Operating Expenses": 358000.0,
        "Selling General And Administration": 4695000.0,
        "Selling And Marketing Expense": NaN,
        "General And Administrative Expense": 4695000.0,
        "Other Gand A": 3630000.0,
        "Salaries And Wages": 1065000.0,
        "Gross Profit": 37477000.0,
        "Cost Of Revenue": 26169000.0,
        "Total Revenue": 63646000.0,
        "Operating Revenue": 63646000.0
    },
    "2022-12-31": {
        "Tax Effect Of Unusual Items": NaN,
        "Tax Rate For Calcs": NaN,
        "Normalized EBITDA": NaN,
        "Total Unusual Items": NaN,
        "Total Unusual Items Excluding Goodwill": NaN,
        "Net Income From Continuing Operation Net Minority Interest": NaN,
        "Reconciled Depreciation": NaN,
        "Reconciled Cost Of Revenue": NaN,
        "EBITDA": NaN,
        "EBIT": NaN,
        "Net Interest Income": NaN,
        "Interest Expense": NaN,
        "Interest Income": NaN,
        "Normalized Income": NaN,
        "Net Income From Continuing And Discontinued Operation": NaN,
        "Total Expenses": NaN,
        "Rent Expense Supplemental": NaN,
        "Diluted Average Shares": NaN,
        "Basic Average Shares": NaN,
        "Diluted EPS": NaN,
        "Basic EPS": NaN,
        "Diluted NI Availto Com Stockholders": NaN,
        "Net Income Common Stockholders": NaN,
        "Net Income": NaN,
        "Net Income Including Noncontrolling Interests": NaN,
        "Net Income Continuous Operations": NaN,
        "Tax Provision": NaN,
        "Pretax Income": NaN,
        "Other Income Expense": NaN,
        "Other Non Operating Income Expenses": NaN,
        "Special Income Charges": NaN,
        "Gain On Sale Of Ppe": NaN,
        "Gain On Sale Of Security": NaN,
        "Net Non Operating Interest Income Expense": NaN,
        "Total Other Finance Cost": NaN,
        "Interest Expense Non Operating": NaN,
        "Interest Income Non Operating": NaN,
        "Operating Income": NaN,
        "Operating Expense": NaN,
        "Other Operating Expenses": NaN,
        "Selling General And Administration": NaN,
        "Selling And Marketing Expense": 82000.0,
        "General And Administrative Expense": NaN,
        "Other Gand A": NaN,
        "Salaries And Wages": NaN,
        "Gross Profit": NaN,
        "Cost Of Revenue": NaN,
        "Total Revenue": NaN,
        "Operating Revenue": NaN
    },
    "2022-09-30": {
        "Tax Effect Of Unusual Items": NaN,
        "Tax Rate For Calcs": NaN,
        "Normalized EBITDA": NaN,
        "Total Unusual Items": NaN,
        "Total Unusual Items Excluding Goodwill": NaN,
        "Net Income From Continuing Operation Net Minority Interest": NaN,
        "Reconciled Depreciation": NaN,
        "Reconciled Cost Of Revenue": NaN,
        "EBITDA": NaN,
        "EBIT": NaN,
        "Net Interest Income": NaN,
        "Interest Expense": NaN,
        "Interest Income": NaN,
        "Normalized Income": NaN,
        "Net Income From Continuing And Discontinued Operation": NaN,
        "Total Expenses": NaN,
        "Rent Expense Supplemental": 10000.0,
        "Diluted Average Shares": 152217000.0,
        "Basic Average Shares": 146346000.0,
        "Diluted EPS": 0.17,
        "Basic EPS": 0.17,
        "Diluted NI Availto Com Stockholders": NaN,
        "Net Income Common Stockholders": NaN,
        "Net Income": NaN,
        "Net Income Including Noncontrolling Interests": NaN,
        "Net Income Continuous Operations": NaN,
        "Tax Provision": NaN,
        "Pretax Income": NaN,
        "Other Income Expense": NaN,
        "Other Non Operating Income Expenses": NaN,
        "Gain On Sale Of Security": NaN,
        "Net Non Operating Interest Income Expense": NaN,
        "Total Other Finance Cost": NaN,
        "Interest Expense Non Operating": NaN,
        "Interest Income Non Operating": NaN,
        "Operating Income": NaN,
        "Operating Expense": NaN,
        "Other Operating Expenses": NaN,
        "Selling General And Administration": NaN,
        "Selling And Marketing Expense": 132000.0,
        "General And Administrative Expense": NaN,
        "Other Gand A": NaN,
        "Salaries And Wages": NaN,
        "Gross Profit": NaN,
        "Cost Of Revenue": NaN,
        "Total Revenue": NaN,
        "Operating Revenue": NaN
    },
    "2024-06-30": {
        "Tax Effect Of Unusual Items": -1075800.0,
        "Tax Rate For Calcs": 0.15,
        "Normalized EBITDA": 48178000.0,
        "Total Unusual Items": -7172000.0,
        "Total Unusual Items Excluding Goodwill": -7172000.0,
        "Net Income From Continuing Operation Net Minority Interest": 6494000.0,
        "Reconciled Depreciation": 8187000.0,
        "Reconciled Cost Of Revenue": 31253000.0,
        "EBITDA": 41006000.0,
        "EBIT": 32819000.0,
        "Net Interest Income": 1069000.0,
        "Interest Expense": 152000.0,
        "Interest Income": 1235000.0,
        "Normalized Income": 12590200.0,
        "Net Income From Continuing And Discontinued Operation": 6494000.0,
        "Total Expenses": 37017000.0,
        "Rent Expense Supplemental": NaN,
        "Total Operating Income As Reported": NaN,
        "Diluted Average Shares": 149197000.0,
        "Basic Average Shares": 147728000.0,
        "Diluted EPS": 0.04,
        "Basic EPS": 0.04,
        "Diluted NI Availto Com Stockholders": 6494000.0,
        "Net Income Common Stockholders": 6494000.0,
        "Net Income": 6494000.0,
        "Net Income Including Noncontrolling Interests": 6494000.0,
        "Net Income Continuous Operations": 6494000.0,
        "Tax Provision": 26173000.0,
        "Pretax Income": 32667000.0,
        "Other Income Expense": -4127000.0,
        "Other Non Operating Income Expenses": 3045000.0,
        "Special Income Charges": 20000.0,
        "Gain On Sale Of Ppe": 20000.0,
        "Other Special Charges": NaN,
        "Gain On Sale Of Security": -7192000.0,
        "Net Non Operating Interest Income Expense": 1069000.0,
        "Total Other Finance Cost": 14000.0,
        "Interest Expense Non Operating": 152000.0,
        "Interest Income Non Operating": 1235000.0,
        "Operating Income": 35724000.0,
        "Operating Expense": 5764000.0,
        "Other Operating Expenses": 327000.0,
        "Selling General And Administration": 5437000.0,
        "Selling And Marketing Expense": NaN,
        "General And Administrative Expense": 5437000.0,
        "Other Gand A": 3616000.0,
        "Salaries And Wages": 1821000.0,
        "Gross Profit": 41488000.0,
        "Cost Of Revenue": 31253000.0,
        "Total Revenue": 72741000.0,
        "Operating Revenue": 72741000.0
    },
    "2024-09-30": {
        "Tax Effect Of Unusual Items": -1612200.0,
        "Tax Rate For Calcs": 0.15,
        "Normalized EBITDA": 55979000.0,
        "Total Unusual Items": -10748000.0,
        "Total Unusual Items Excluding Goodwill": -10748000.0,
        "Net Income From Continuing Operation Net Minority Interest": 9508000.0,
        "Reconciled Depreciation": 9781000.0,
        "Reconciled Cost Of Revenue": 33338000.0,
        "EBITDA": 45231000.0,
        "EBIT": 35450000.0,
        "Net Interest Income": 1546000.0,
        "Interest Expense": 153000.0,
        "Interest Income": 1721000.0,
        "Normalized Income": 18643800.0,
        "Net Income From Continuing And Discontinued Operation": 9508000.0,
        "Total Expenses": 38903000.0,
        "Rent Expense Supplemental": NaN,
        "Total Operating Income As Reported": 36109000.0,
        "Diluted Average Shares": 150246000.0,
        "Basic Average Shares": 148585000.0,
        "Diluted EPS": 0.06,
        "Basic EPS": 0.06,
        "Diluted NI Availto Com Stockholders": 9508000.0,
        "Net Income Common Stockholders": 9508000.0,
        "Net Income": 9508000.0,
        "Net Income Including Noncontrolling Interests": 9508000.0,
        "Net Income Continuous Operations": 9508000.0,
        "Tax Provision": 25789000.0,
        "Pretax Income": 35297000.0,
        "Other Income Expense": -7717000.0,
        "Other Non Operating Income Expenses": 3031000.0,
        "Special Income Charges": -3435000.0,
        "Gain On Sale Of Ppe": 0.0,
        "Other Special Charges": 3435000.0,
        "Gain On Sale Of Security": -7313000.0,
        "Net Non Operating Interest Income Expense": 1546000.0,
        "Total Other Finance Cost": 22000.0,
        "Interest Expense Non Operating": 153000.0,
        "Interest Income Non Operating": 1721000.0,
        "Operating Income": 41468000.0,
        "Operating Expense": 5565000.0,
        "Other Operating Expenses": 680000.0,
        "Selling General And Administration": 4885000.0,
        "Selling And Marketing Expense": NaN,
        "General And Administrative Expense": 4885000.0,
        "Other Gand A": 3220000.0,
        "Salaries And Wages": 1665000.0,
        "Gross Profit": 47033000.0,
        "Cost Of Revenue": 33338000.0,
        "Total Revenue": 80371000.0,
        "Operating Revenue": 80371000.0
    }
}