{
    "2024-06-30": {
        "Tax Effect Of Unusual Items": NaN,
        "Tax Rate For Calcs": NaN,
        "Normalized EBITDA": NaN,
        "Total Unusual Items": NaN,
        "Total Unusual Items Excluding Goodwill": NaN,
        "Net Income From Continuing Operation Net Minority Interest": NaN,
        "Reconciled Depreciation": NaN,
        "Reconciled Cost Of Revenue": NaN,
        "EBITDA": NaN,
        "EBIT": NaN,
        "Net Interest Income": NaN,
        "Interest Expense": NaN,
        "Interest Income": NaN,
        "Normalized Income": NaN,
        "Net Income From Continuing And Discontinued Operation": NaN,
        "Total Expenses": NaN,
        "Total Operating Income As Reported": NaN,
        "Diluted Average Shares": NaN,
        "Basic Average Shares": NaN,
        "Diluted EPS": NaN,
        "Basic EPS": NaN,
        "Diluted NI Availto Com Stockholders": NaN,
        "Net Income Common Stockholders": NaN,
        "Net Income": NaN,
        "Minority Interests": NaN,
        "Net Income Including Noncontrolling Interests": NaN,
        "Net Income Discontinuous Operations": NaN,
        "Net Income Continuous Operations": NaN,
        "Tax Provision": NaN,
        "Pretax Income": NaN,
        "Other Income Expense": NaN,
        "Earnings From Equity Interest": 0.0,
        "Gain On Sale Of Security": NaN,
        "Net Non Operating Interest Income Expense": NaN,
        "Total Other Finance Cost": -42480000.0,
        "Interest Expense Non Operating": NaN,
        "Interest Income Non Operating": NaN,
        "Operating Income": NaN,
        "Operating Expense": NaN,
        "Other Operating Expenses": NaN,
        "Selling General And Administration": NaN,
        "General And Administrative Expense": NaN,
        "Other Gand A": NaN,
        "Gross Profit": NaN,
        "Cost Of Revenue": NaN,
        "Total Revenue": NaN,
        "Operating Revenue": NaN
    },
    "2024-03-31": {
        "Tax Effect Of Unusual Items": NaN,
        "Tax Rate For Calcs": NaN,
        "Normalized EBITDA": NaN,
        "Total Unusual Items": NaN,
        "Total Unusual Items Excluding Goodwill": NaN,
        "Net Income From Continuing Operation Net Minority Interest": NaN,
        "Reconciled Depreciation": NaN,
        "Reconciled Cost Of Revenue": NaN,
        "EBITDA": NaN,
        "EBIT": NaN,
        "Net Interest Income": NaN,
        "Interest Expense": NaN,
        "Interest Income": NaN,
        "Normalized Income": NaN,
        "Net Income From Continuing And Discontinued Operation": NaN,
        "Total Expenses": NaN,
        "Total Operating Income As Reported": NaN,
        "Diluted Average Shares": NaN,
        "Basic Average Shares": NaN,
        "Diluted EPS": NaN,
        "Basic EPS": NaN,
        "Diluted NI Availto Com Stockholders": NaN,
        "Net Income Common Stockholders": NaN,
        "Net Income": NaN,
        "Minority Interests": NaN,
        "Net Income Including Noncontrolling Interests": NaN,
        "Net Income Discontinuous Operations": NaN,
        "Net Income Continuous Operations": NaN,
        "Tax Provision": NaN,
        "Pretax Income": NaN,
        "Other Income Expense": NaN,
        "Earnings From Equity Interest": 0.0,
        "Gain On Sale Of Security": NaN,
        "Net Non Operating Interest Income Expense": NaN,
        "Total Other Finance Cost": NaN,
        "Interest Expense Non Operating": NaN,
        "Interest Income Non Operating": NaN,
        "Operating Income": NaN,
        "Operating Expense": NaN,
        "Other Operating Expenses": NaN,
        "Selling General And Administration": NaN,
        "General And Administrative Expense": NaN,
        "Other Gand A": NaN,
        "Gross Profit": NaN,
        "Cost Of Revenue": NaN,
        "Total Revenue": NaN,
        "Operating Revenue": NaN
    },
    "2023-12-31": {
        "Tax Effect Of Unusual Items": NaN,
        "Tax Rate For Calcs": NaN,
        "Normalized EBITDA": NaN,
        "Total Unusual Items": NaN,
        "Total Unusual Items Excluding Goodwill": NaN,
        "Net Income From Continuing Operation Net Minority Interest": NaN,
        "Reconciled Depreciation": NaN,
        "Reconciled Cost Of Revenue": NaN,
        "EBITDA": NaN,
        "EBIT": NaN,
        "Net Interest Income": NaN,
        "Interest Expense": NaN,
        "Interest Income": NaN,
        "Normalized Income": NaN,
        "Net Income From Continuing And Discontinued Operation": NaN,
        "Total Expenses": NaN,
        "Total Operating Income As Reported": NaN,
        "Diluted Average Shares": NaN,
        "Basic Average Shares": NaN,
        "Diluted EPS": NaN,
        "Basic EPS": NaN,
        "Diluted NI Availto Com Stockholders": NaN,
        "Net Income Common Stockholders": NaN,
        "Net Income": NaN,
        "Minority Interests": NaN,
        "Net Income Including Noncontrolling Interests": NaN,
        "Net Income Discontinuous Operations": NaN,
        "Net Income Continuous Operations": NaN,
        "Tax Provision": NaN,
        "Pretax Income": NaN,
        "Other Income Expense": NaN,
        "Earnings From Equity Interest": NaN,
        "Gain On Sale Of Security": NaN,
        "Net Non Operating Interest Income Expense": NaN,
        "Total Other Finance Cost": -23639000.0,
        "Interest Expense Non Operating": NaN,
        "Interest Income Non Operating": NaN,
        "Operating Income": NaN,
        "Operating Expense": NaN,
        "Other Operating Expenses": NaN,
        "Selling General And Administration": NaN,
        "General And Administrative Expense": NaN,
        "Other Gand A": NaN,
        "Gross Profit": NaN,
        "Cost Of Revenue": NaN,
        "Total Revenue": NaN,
        "Operating Revenue": NaN
    },
    "2023-09-30": {
        "Tax Effect Of Unusual Items": 36188946.697447,
        "Tax Rate For Calcs": 0.142032,
        "Normalized EBITDA": 2204498000.0,
        "Total Unusual Items": 254795000.0,
        "Total Unusual Items Excluding Goodwill": 254795000.0,
        "Net Income From Continuing Operation Net Minority Interest": 1801650000.0,
        "Reconciled Depreciation": 263535000.0,
        "Reconciled Cost Of Revenue": 7177660000.0,
        "EBITDA": 2459293000.0,
        "EBIT": 2195758000.0,
        "Net Interest Income": 27740000.0,
        "Interest Expense": 97866000.0,
        "Interest Income": 125606000.0,
        "Normalized Income": 1583043946.697447,
        "Net Income From Continuing And Discontinued Operation": 1801650000.0,
        "Total Expenses": 7639136000.0,
        "Total Operating Income As Reported": 1815357000.0,
        "Diluted Average Shares": 165897790.0,
        "Basic Average Shares": 165897790.0,
        "Diluted EPS": 10.86,
        "Basic EPS": 10.86,
        "Diluted NI Availto Com Stockholders": 1801650000.0,
        "Net Income Common Stockholders": 1801650000.0,
        "Net Income": 1801650000.0,
        "Minority Interests": 1725000.0,
        "Net Income Including Noncontrolling Interests": 1799925000.0,
        "Net Income Discontinuous Operations": 0.0,
        "Net Income Continuous Operations": 1799925000.0,
        "Tax Provision": 297967000.0,
        "Pretax Income": 2097892000.0,
        "Other Income Expense": 254795000.0,
        "Earnings From Equity Interest": 0.0,
        "Gain On Sale Of Security": 254795000.0,
        "Net Non Operating Interest Income Expense": 27740000.0,
        "Total Other Finance Cost": NaN,
        "Interest Expense Non Operating": 97866000.0,
        "Interest Income Non Operating": 125606000.0,
        "Operating Income": 1815357000.0,
        "Operating Expense": 461476000.0,
        "Other Operating Expenses": -23703000.0,
        "Selling General And Administration": 485179000.0,
        "General And Administrative Expense": 485179000.0,
        "Other Gand A": 485179000.0,
        "Gross Profit": 2276833000.0,
        "Cost Of Revenue": 7177660000.0,
        "Total Revenue": 9454493000.0,
        "Operating Revenue": 9454493000.0
    },
    "2023-06-30": {
        "Tax Effect Of Unusual Items": NaN,
        "Tax Rate For Calcs": NaN,
        "Normalized EBITDA": NaN,
        "Total Unusual Items": NaN,
        "Total Unusual Items Excluding Goodwill": NaN,
        "Net Income From Continuing Operation Net Minority Interest": NaN,
        "Reconciled Depreciation": NaN,
        "Reconciled Cost Of Revenue": NaN,
        "EBITDA": NaN,
        "EBIT": NaN,
        "Net Interest Income": NaN,
        "Interest Expense": NaN,
        "Interest Income": NaN,
        "Normalized Income": NaN,
        "Net Income From Continuing And Discontinued Operation": NaN,
        "Total Expenses": NaN,
        "Total Operating Income As Reported": NaN,
        "Diluted Average Shares": NaN,
        "Basic Average Shares": NaN,
        "Diluted EPS": NaN,
        "Basic EPS": NaN,
        "Diluted NI Availto Com Stockholders": NaN,
        "Net Income Common Stockholders": NaN,
        "Net Income": NaN,
        "Minority Interests": NaN,
        "Net Income Including Noncontrolling Interests": NaN,
        "Net Income Discontinuous Operations": NaN,
        "Net Income Continuous Operations": NaN,
        "Tax Provision": NaN,
        "Pretax Income": NaN,
        "Other Income Expense": NaN,
        "Earnings From Equity Interest": NaN,
        "Gain On Sale Of Security": NaN,
        "Net Non Operating Interest Income Expense": NaN,
        "Total Other Finance Cost": -43820000.0,
        "Interest Expense Non Operating": NaN,
        "Interest Income Non Operating": NaN,
        "Operating Income": NaN,
        "Operating Expense": NaN,
        "Other Operating Expenses": NaN,
        "Selling General And Administration": NaN,
        "General And Administrative Expense": NaN,
        "Other Gand A": NaN,
        "Gross Profit": NaN,
        "Cost Of Revenue": NaN,
        "Total Revenue": NaN,
        "Operating Revenue": NaN
    },
    "2022-12-31": {
        "Tax Effect Of Unusual Items": NaN,
        "Tax Rate For Calcs": NaN,
        "Normalized EBITDA": NaN,
        "Total Unusual Items": NaN,
        "Total Unusual Items Excluding Goodwill": NaN,
        "Net Income From Continuing Operation Net Minority Interest": NaN,
        "Reconciled Depreciation": NaN,
        "Reconciled Cost Of Revenue": NaN,
        "EBITDA": NaN,
        "EBIT": NaN,
        "Net Interest Income": NaN,
        "Interest Expense": NaN,
        "Interest Income": NaN,
        "Normalized Income": NaN,
        "Net Income From Continuing And Discontinued Operation": NaN,
        "Total Expenses": NaN,
        "Total Operating Income As Reported": NaN,
        "Diluted Average Shares": NaN,
        "Basic Average Shares": NaN,
        "Diluted EPS": NaN,
        "Basic EPS": NaN,
        "Diluted NI Availto Com Stockholders": NaN,
        "Net Income Common Stockholders": NaN,
        "Net Income": NaN,
        "Minority Interests": NaN,
        "Net Income Including Noncontrolling Interests": NaN,
        "Net Income Discontinuous Operations": NaN,
        "Net Income Continuous Operations": NaN,
        "Tax Provision": NaN,
        "Pretax Income": NaN,
        "Other Income Expense": NaN,
        "Earnings From Equity Interest": NaN,
        "Gain On Sale Of Security": NaN,
        "Net Non Operating Interest Income Expense": NaN,
        "Total Other Finance Cost": 616877000.0,
        "Interest Expense Non Operating": NaN,
        "Interest Income Non Operating": NaN,
        "Operating Income": NaN,
        "Operating Expense": NaN,
        "Other Operating Expenses": NaN,
        "Selling General And Administration": NaN,
        "General And Administrative Expense": NaN,
        "Other Gand A": NaN,
        "Gross Profit": NaN,
        "Cost Of Revenue": NaN,
        "Total Revenue": NaN,
        "Operating Revenue": NaN
    },
    "2024-09-30": {
        "Tax Effect Of Unusual Items": 230090340.714874,
        "Tax Rate For Calcs": 0.130039,
        "Normalized EBITDA": 2106710000.0,
        "Total Unusual Items": 1769396000.0,
        "Total Unusual Items Excluding Goodwill": 1769396000.0,
        "Net Income From Continuing Operation Net Minority Interest": 3151813000.0,
        "Reconciled Depreciation": 252248000.0,
        "Reconciled Cost Of Revenue": 6392813000.0,
        "EBITDA": 3876106000.0,
        "EBIT": 3623858000.0,
        "Net Interest Income": 328552000.0,
        "Interest Expense": 1850000.0,
        "Interest Income": 330402000.0,
        "Normalized Income": 1612507340.714874,
        "Net Income From Continuing And Discontinued Operation": 3151813000.0,
        "Total Expenses": 7024705000.0,
        "Total Operating Income As Reported": 1524060000.0,
        "Diluted Average Shares": 165972249.0,
        "Basic Average Shares": 165972249.0,
        "Diluted EPS": 18.99,
        "Basic EPS": 18.99,
        "Diluted NI Availto Com Stockholders": 3151813000.0,
        "Net Income Common Stockholders": 3151813000.0,
        "Net Income": 3151813000.0,
        "Minority Interests": 807000.0,
        "Net Income Including Noncontrolling Interests": 3151006000.0,
        "Net Income Discontinuous Operations": 0.0,
        "Net Income Continuous Operations": 3151006000.0,
        "Tax Provision": 471002000.0,
        "Pretax Income": 3622008000.0,
        "Other Income Expense": 1769396000.0,
        "Earnings From Equity Interest": 0.0,
        "Gain On Sale Of Security": 1769396000.0,
        "Net Non Operating Interest Income Expense": 328552000.0,
        "Total Other Finance Cost": NaN,
        "Interest Expense Non Operating": 1850000.0,
        "Interest Income Non Operating": 330402000.0,
        "Operating Income": 1524060000.0,
        "Operating Expense": 631892000.0,
        "Other Operating Expenses": -26152000.0,
        "Selling General And Administration": 658044000.0,
        "General And Administrative Expense": 658044000.0,
        "Other Gand A": 658044000.0,
        "Gross Profit": 2155952000.0,
        "Cost Of Revenue": 6392813000.0,
        "Total Revenue": 8548765000.0,
        "Operating Revenue": 8548765000.0
    },
    "2025-03-31": {
        "Tax Effect Of Unusual Items": -18827469.019674,
        "Tax Rate For Calcs": 0.120698,
        "Normalized EBITDA": 1931544000.0,
        "Total Unusual Items": -155988000.0,
        "Total Unusual Items Excluding Goodwill": -155988000.0,
        "Net Income From Continuing Operation Net Minority Interest": 1304677000.0,
        "Reconciled Depreciation": 266016000.0,
        "Reconciled Cost Of Revenue": 5786219000.0,
        "EBITDA": 1775556000.0,
        "EBIT": 1509540000.0,
        "Net Interest Income": 212972000.0,
        "Interest Expense": 26502000.0,
        "Interest Income": 239474000.0,
        "Normalized Income": 1441837530.980326,
        "Net Income From Continuing And Discontinued Operation": 1304677000.0,
        "Total Expenses": 6356557000.0,
        "Total Operating Income As Reported": 1426054000.0,
        "Diluted Average Shares": 165989440.0,
        "Basic Average Shares": 165989440.0,
        "Diluted EPS": 7.86,
        "Basic EPS": 7.86,
        "Diluted NI Availto Com Stockholders": 1304677000.0,
        "Net Income Common Stockholders": 1304677000.0,
        "Net Income": 1304677000.0,
        "Minority Interests": 639000.0,
        "Net Income Including Noncontrolling Interests": 1304038000.0,
        "Net Income Discontinuous Operations": 0.0,
        "Net Income Continuous Operations": 1304038000.0,
        "Tax Provision": 179000000.0,
        "Pretax Income": 1483038000.0,
        "Other Income Expense": -155988000.0,
        "Earnings From Equity Interest": 0.0,
        "Gain On Sale Of Security": -155988000.0,
        "Net Non Operating Interest Income Expense": 212972000.0,
        "Total Other Finance Cost": NaN,
        "Interest Expense Non Operating": 26502000.0,
        "Interest Income Non Operating": 239474000.0,
        "Operating Income": 1426054000.0,
        "Operating Expense": 570338000.0,
        "Other Operating Expenses": -62305000.0,
        "Selling General And Administration": 632643000.0,
        "General And Administrative Expense": 632643000.0,
        "Other Gand A": 632643000.0,
        "Gross Profit": 1996392000.0,
        "Cost Of Revenue": 5786219000.0,
        "Total Revenue": 7782611000.0,
        "Operating Revenue": 7782611000.0
    },
    "2024-12-31": {
        "Tax Effect Of Unusual Items": 549309300.0,
        "Tax Rate For Calcs": 0.3,
        "Normalized EBITDA": 1673854000.0,
        "Total Unusual Items": 1831031000.0,
        "Total Unusual Items Excluding Goodwill": 1831031000.0,
        "Net Income From Continuing Operation Net Minority Interest": 1900637000.0,
        "Reconciled Depreciation": 316936000.0,
        "Reconciled Cost Of Revenue": 7407584000.0,
        "EBITDA": 3504885000.0,
        "EBIT": 3187949000.0,
        "Net Interest Income": 507461000.0,
        "Interest Expense": -5620000.0,
        "Interest Income": 544321000.0,
        "Normalized Income": 618915300.0,
        "Net Income From Continuing And Discontinued Operation": 1900637000.0,
        "Total Expenses": 7950325000.0,
        "Total Operating Income As Reported": 1389486000.0,
        "Diluted Average Shares": 165978563.0,
        "Basic Average Shares": 165978563.0,
        "Diluted EPS": 0.0,
        "Basic EPS": 17.4,
        "Diluted NI Availto Com Stockholders": 1900637000.0,
        "Net Income Common Stockholders": 1900637000.0,
        "Net Income": 1900637000.0,
        "Minority Interests": 5281000.0,
        "Net Income Including Noncontrolling Interests": 1895356000.0,
        "Net Income Discontinuous Operations": 0.0,
        "Net Income Continuous Operations": 1895356000.0,
        "Tax Provision": 1298213000.0,
        "Pretax Income": 3193569000.0,
        "Other Income Expense": 1806507000.0,
        "Earnings From Equity Interest": 0.0,
        "Gain On Sale Of Security": 1825258000.0,
        "Net Non Operating Interest Income Expense": 507461000.0,
        "Total Other Finance Cost": -25639000.0,
        "Interest Expense Non Operating": -5620000.0,
        "Interest Income Non Operating": 544321000.0,
        "Operating Income": 879601000.0,
        "Operating Expense": 542741000.0,
        "Other Operating Expenses": -313130000.0,
        "Selling General And Administration": 768744000.0,
        "General And Administrative Expense": 768744000.0,
        "Other Gand A": 768744000.0,
        "Gross Profit": 1422342000.0,
        "Cost Of Revenue": 7407584000.0,
        "Total Revenue": 8829926000.0,
        "Operating Revenue": 8829926000.0
    },
    "2025-06-30": {
        "Tax Effect Of Unusual Items": -652905000.0,
        "Tax Rate For Calcs": 0.3,
        "Normalized EBITDA": 1774473000.0,
        "Total Unusual Items": -2176350000.0,
        "Total Unusual Items Excluding Goodwill": -2176350000.0,
        "Net Income From Continuing Operation Net Minority Interest": -1000380000.0,
        "Reconciled Depreciation": 275471000.0,
        "Reconciled Cost Of Revenue": 5380759000.0,
        "EBITDA": -401877000.0,
        "EBIT": -677348000.0,
        "Net Interest Income": 274123000.0,
        "Interest Expense": 26617000.0,
        "Interest Income": 300740000.0,
        "Normalized Income": 523065000.0,
        "Net Income From Continuing And Discontinued Operation": -1000380000.0,
        "Total Expenses": 5853877000.0,
        "Total Operating Income As Reported": 1198262000.0,
        "Diluted Average Shares": 165900498.0,
        "Basic Average Shares": 165900498.0,
        "Diluted EPS": -6.03,
        "Basic EPS": -6.03,
        "Diluted NI Availto Com Stockholders": -1000380000.0,
        "Net Income Common Stockholders": -1000380000.0,
        "Net Income": -1000380000.0,
        "Minority Interests": 467000.0,
        "Net Income Including Noncontrolling Interests": -1000847000.0,
        "Net Income Discontinuous Operations": 0.0,
        "Net Income Continuous Operations": -1000847000.0,
        "Tax Provision": 296882000.0,
        "Pretax Income": -703965000.0,
        "Other Income Expense": -2176350000.0,
        "Earnings From Equity Interest": NaN,
        "Gain On Sale Of Security": -2176350000.0,
        "Net Non Operating Interest Income Expense": 274123000.0,
        "Total Other Finance Cost": NaN,
        "Interest Expense Non Operating": 26617000.0,
        "Interest Income Non Operating": 300740000.0,
        "Operating Income": 1198262000.0,
        "Operating Expense": 473118000.0,
        "Other Operating Expenses": -201470000.0,
        "Selling General And Administration": 674588000.0,
        "General And Administrative Expense": 674588000.0,
        "Other Gand A": 674588000.0,
        "Gross Profit": 1671380000.0,
        "Cost Of Revenue": 5380759000.0,
        "Total Revenue": 7052139000.0,
        "Operating Revenue": 7052139000.0
    },
    "2025-09-30": {
        "Tax Effect Of Unusual Items": -215321400.0,
        "Tax Rate For Calcs": 0.3,
        "Normalized EBITDA": 1791418000.0,
        "Total Unusual Items": -717738000.0,
        "Total Unusual Items Excluding Goodwill": -717738000.0,
        "Net Income From Continuing Operation Net Minority Interest": 458937000.0,
        "Reconciled Depreciation": 269165000.0,
        "Reconciled Cost Of Revenue": 5726222000.0,
        "EBITDA": 1073680000.0,
        "EBIT": 804515000.0,
        "Net Interest Income": 333899000.0,
        "Interest Expense": 29125000.0,
        "Interest Income": 363024000.0,
        "Normalized Income": 961353600.0,
        "Net Income From Continuing And Discontinued Operation": 458937000.0,
        "Total Expenses": 6325898000.0,
        "Total Operating Income As Reported": 1159229000.0,
        "Diluted Average Shares": 166281522.0,
        "Basic Average Shares": 166281522.0,
        "Diluted EPS": 2.76,
        "Basic EPS": 2.76,
        "Diluted NI Availto Com Stockholders": 458937000.0,
        "Net Income Common Stockholders": 458937000.0,
        "Net Income": 458937000.0,
        "Minority Interests": 476000.0,
        "Net Income Including Noncontrolling Interests": 458461000.0,
        "Net Income Discontinuous Operations": 0.0,
        "Net Income Continuous Operations": 458461000.0,
        "Tax Provision": 316929000.0,
        "Pretax Income": 775390000.0,
        "Other Income Expense": -717738000.0,
        "Earnings From Equity Interest": 0.0,
        "Gain On Sale Of Security": -717738000.0,
        "Net Non Operating Interest Income Expense": 333899000.0,
        "Total Other Finance Cost": NaN,
        "Interest Expense Non Operating": 29125000.0,
        "Interest Income Non Operating": 363024000.0,
        "Operating Income": 1159229000.0,
        "Operating Expense": 599676000.0,
        "Other Operating Expenses": -128843000.0,
        "Selling General And Administration": 728519000.0,
        "General And Administrative Expense": 728519000.0,
        "Other Gand A": 728519000.0,
        "Gross Profit": 1758905000.0,
        "Cost Of Revenue": 5726222000.0,
        "Total Revenue": 7485127000.0,
        "Operating Revenue": 7485127000.0
    }
}