{
    "2023-03-31": {
        "Tax Effect Of Unusual Items": NaN,
        "Tax Rate For Calcs": NaN,
        "Normalized EBITDA": NaN,
        "Total Unusual Items": NaN,
        "Total Unusual Items Excluding Goodwill": NaN,
        "Net Income From Continuing Operation Net Minority Interest": NaN,
        "Reconciled Cost Of Revenue": NaN,
        "EBITDA": NaN,
        "EBIT": NaN,
        "Net Interest Income": NaN,
        "Interest Expense": 33000.0,
        "Interest Income": NaN,
        "Normalized Income": NaN,
        "Net Income From Continuing And Discontinued Operation": NaN,
        "Total Expenses": NaN,
        "Total Operating Income As Reported": NaN,
        "Diluted Average Shares": 40447415.0,
        "Basic Average Shares": 40447415.0,
        "Diluted EPS": -0.08,
        "Basic EPS": -0.08,
        "Diluted NI Availto Com Stockholders": NaN,
        "Net Income Common Stockholders": NaN,
        "Net Income": NaN,
        "Minority Interests": NaN,
        "Net Income Including Noncontrolling Interests": NaN,
        "Net Income Continuous Operations": NaN,
        "Tax Provision": NaN,
        "Pretax Income": NaN,
        "Other Income Expense": NaN,
        "Other Non Operating Income Expenses": NaN,
        "Special Income Charges": NaN,
        "Restructuring And Mergern Acquisition": NaN,
        "Gain On Sale Of Security": NaN,
        "Net Non Operating Interest Income Expense": NaN,
        "Interest Expense Non Operating": 33000.0,
        "Interest Income Non Operating": NaN,
        "Operating Income": NaN,
        "Operating Expense": NaN,
        "Provision For Doubtful Accounts": NaN,
        "Research And Development": NaN,
        "Selling General And Administration": NaN,
        "Selling And Marketing Expense": NaN,
        "General And Administrative Expense": NaN,
        "Other Gand A": NaN,
        "Gross Profit": NaN,
        "Cost Of Revenue": NaN,
        "Total Revenue": NaN,
        "Operating Revenue": NaN
    },
    "2022-12-31": {
        "Tax Effect Of Unusual Items": 5512000.0,
        "Tax Rate For Calcs": 0.25,
        "Normalized EBITDA": -77155000.0,
        "Total Unusual Items": 22048000.0,
        "Total Unusual Items Excluding Goodwill": 22048000.0,
        "Net Income From Continuing Operation Net Minority Interest": 3971000.0,
        "Reconciled Cost Of Revenue": 528863000.0,
        "EBITDA": -55107000.0,
        "EBIT": -55107000.0,
        "Net Interest Income": 543000.0,
        "Interest Expense": NaN,
        "Interest Income": 506000.0,
        "Normalized Income": -12565000.0,
        "Net Income From Continuing And Discontinued Operation": 3971000.0,
        "Total Expenses": 553324000.0,
        "Total Operating Income As Reported": -19482000.0,
        "Diluted Average Shares": NaN,
        "Basic Average Shares": NaN,
        "Diluted EPS": NaN,
        "Basic EPS": NaN,
        "Diluted NI Availto Com Stockholders": 3971000.0,
        "Net Income Common Stockholders": 3971000.0,
        "Net Income": 3971000.0,
        "Minority Interests": 404000.0,
        "Net Income Including Noncontrolling Interests": 3567000.0,
        "Net Income Continuous Operations": 3567000.0,
        "Tax Provision": 4875000.0,
        "Pretax Income": 8442000.0,
        "Other Income Expense": 27381000.0,
        "Other Non Operating Income Expenses": 5333000.0,
        "Special Income Charges": -2994000.0,
        "Restructuring And Mergern Acquisition": 2994000.0,
        "Gain On Sale Of Security": 25042000.0,
        "Net Non Operating Interest Income Expense": 543000.0,
        "Interest Expense Non Operating": NaN,
        "Interest Income Non Operating": 506000.0,
        "Operating Income": -19482000.0,
        "Operating Expense": 24461000.0,
        "Provision For Doubtful Accounts": -4813000.0,
        "Research And Development": 13822000.0,
        "Selling General And Administration": 15452000.0,
        "Selling And Marketing Expense": 700000.0,
        "General And Administrative Expense": 14752000.0,
        "Other Gand A": 14752000.0,
        "Gross Profit": 4979000.0,
        "Cost Of Revenue": 528863000.0,
        "Total Revenue": 533842000.0,
        "Operating Revenue": 533842000.0
    },
    "2022-09-30": {
        "Tax Effect Of Unusual Items": NaN,
        "Tax Rate For Calcs": NaN,
        "Normalized EBITDA": NaN,
        "Total Unusual Items": NaN,
        "Total Unusual Items Excluding Goodwill": NaN,
        "Net Income From Continuing Operation Net Minority Interest": NaN,
        "Reconciled Cost Of Revenue": NaN,
        "EBITDA": NaN,
        "EBIT": NaN,
        "Net Interest Income": NaN,
        "Interest Expense": 24000.0,
        "Interest Income": NaN,
        "Normalized Income": NaN,
        "Net Income From Continuing And Discontinued Operation": NaN,
        "Total Expenses": NaN,
        "Total Operating Income As Reported": NaN,
        "Diluted Average Shares": NaN,
        "Basic Average Shares": NaN,
        "Diluted EPS": NaN,
        "Basic EPS": NaN,
        "Diluted NI Availto Com Stockholders": NaN,
        "Net Income Common Stockholders": NaN,
        "Net Income": NaN,
        "Minority Interests": NaN,
        "Net Income Including Noncontrolling Interests": NaN,
        "Net Income Continuous Operations": NaN,
        "Tax Provision": NaN,
        "Pretax Income": NaN,
        "Other Income Expense": NaN,
        "Other Non Operating Income Expenses": NaN,
        "Special Income Charges": NaN,
        "Restructuring And Mergern Acquisition": NaN,
        "Gain On Sale Of Security": NaN,
        "Net Non Operating Interest Income Expense": NaN,
        "Interest Expense Non Operating": 24000.0,
        "Interest Income Non Operating": NaN,
        "Operating Income": NaN,
        "Operating Expense": NaN,
        "Provision For Doubtful Accounts": NaN,
        "Research And Development": NaN,
        "Selling General And Administration": NaN,
        "Selling And Marketing Expense": NaN,
        "General And Administrative Expense": NaN,
        "Other Gand A": NaN,
        "Gross Profit": NaN,
        "Cost Of Revenue": NaN,
        "Total Revenue": NaN,
        "Operating Revenue": NaN
    },
    "2022-06-30": {
        "Tax Effect Of Unusual Items": 4068800.0,
        "Tax Rate For Calcs": 0.4,
        "Normalized EBITDA": 56409000.0,
        "Total Unusual Items": 10172000.0,
        "Total Unusual Items Excluding Goodwill": 10172000.0,
        "Net Income From Continuing Operation Net Minority Interest": 67674000.0,
        "Reconciled Cost Of Revenue": 413376000.0,
        "EBITDA": 66581000.0,
        "EBIT": 66581000.0,
        "Net Interest Income": 742000.0,
        "Interest Expense": 13000.0,
        "Interest Income": 755000.0,
        "Normalized Income": 61570800.0,
        "Net Income From Continuing And Discontinued Operation": 67674000.0,
        "Total Expenses": 450900000.0,
        "Total Operating Income As Reported": 55628000.0,
        "Diluted Average Shares": 38602936.0,
        "Basic Average Shares": 38602936.0,
        "Diluted EPS": 1.75,
        "Basic EPS": 1.75,
        "Diluted NI Availto Com Stockholders": 67674000.0,
        "Net Income Common Stockholders": 67674000.0,
        "Net Income": 67674000.0,
        "Minority Interests": 299000.0,
        "Net Income Including Noncontrolling Interests": 67375000.0,
        "Net Income Continuous Operations": 67375000.0,
        "Tax Provision": -807000.0,
        "Pretax Income": 66568000.0,
        "Other Income Expense": 10198000.0,
        "Other Non Operating Income Expenses": 26000.0,
        "Special Income Charges": 6050000.0,
        "Restructuring And Mergern Acquisition": -6050000.0,
        "Gain On Sale Of Security": 4122000.0,
        "Net Non Operating Interest Income Expense": 742000.0,
        "Interest Expense Non Operating": 13000.0,
        "Interest Income Non Operating": 755000.0,
        "Operating Income": 55628000.0,
        "Operating Expense": 37524000.0,
        "Provision For Doubtful Accounts": 3353000.0,
        "Research And Development": 18313000.0,
        "Selling General And Administration": 15858000.0,
        "Selling And Marketing Expense": 452000.0,
        "General And Administrative Expense": 15406000.0,
        "Other Gand A": 15406000.0,
        "Gross Profit": 93152000.0,
        "Cost Of Revenue": 413376000.0,
        "Total Revenue": 506528000.0,
        "Operating Revenue": 506528000.0
    },
    "2023-06-30": {
        "Tax Effect Of Unusual Items": NaN,
        "Tax Rate For Calcs": NaN,
        "Normalized EBITDA": NaN,
        "Total Unusual Items": NaN,
        "Total Unusual Items Excluding Goodwill": NaN,
        "Net Income From Continuing Operation Net Minority Interest": NaN,
        "Reconciled Cost Of Revenue": NaN,
        "EBITDA": NaN,
        "EBIT": NaN,
        "Net Interest Income": NaN,
        "Interest Expense": 54000.0,
        "Interest Income": NaN,
        "Normalized Income": NaN,
        "Net Income From Continuing And Discontinued Operation": NaN,
        "Total Expenses": NaN,
        "Total Operating Income As Reported": NaN,
        "Diluted Average Shares": 40771279.0,
        "Basic Average Shares": 40447415.0,
        "Diluted EPS": 2.08,
        "Basic EPS": 2.09,
        "Diluted NI Availto Com Stockholders": NaN,
        "Net Income Common Stockholders": NaN,
        "Net Income": NaN,
        "Minority Interests": NaN,
        "Net Income Including Noncontrolling Interests": NaN,
        "Net Income Continuous Operations": NaN,
        "Tax Provision": NaN,
        "Pretax Income": NaN,
        "Other Income Expense": NaN,
        "Other Non Operating Income Expenses": NaN,
        "Special Income Charges": NaN,
        "Restructuring And Mergern Acquisition": NaN,
        "Gain On Sale Of Security": NaN,
        "Net Non Operating Interest Income Expense": NaN,
        "Interest Expense Non Operating": 54000.0,
        "Interest Income Non Operating": NaN,
        "Operating Income": NaN,
        "Operating Expense": NaN,
        "Provision For Doubtful Accounts": NaN,
        "Research And Development": NaN,
        "Selling General And Administration": NaN,
        "Selling And Marketing Expense": NaN,
        "General And Administrative Expense": NaN,
        "Other Gand A": NaN,
        "Gross Profit": NaN,
        "Cost Of Revenue": NaN,
        "Total Revenue": NaN,
        "Operating Revenue": NaN
    },
    "2023-09-30": {
        "Tax Effect Of Unusual Items": -25667250.0,
        "Tax Rate For Calcs": 0.25,
        "Normalized EBITDA": -5839000.0,
        "Total Unusual Items": -102669000.0,
        "Total Unusual Items Excluding Goodwill": -102669000.0,
        "Net Income From Continuing Operation Net Minority Interest": -116326000.0,
        "Reconciled Cost Of Revenue": 321093000.0,
        "EBITDA": -108508000.0,
        "EBIT": -108508000.0,
        "Net Interest Income": 1012000.0,
        "Interest Expense": 50000.0,
        "Interest Income": 1062000.0,
        "Normalized Income": -39324250.0,
        "Net Income From Continuing And Discontinued Operation": -116326000.0,
        "Total Expenses": 377023000.0,
        "Total Operating Income As Reported": -7900000.0,
        "Diluted Average Shares": NaN,
        "Basic Average Shares": NaN,
        "Diluted EPS": NaN,
        "Basic EPS": NaN,
        "Diluted NI Availto Com Stockholders": -116326000.0,
        "Net Income Common Stockholders": -116326000.0,
        "Net Income": -116326000.0,
        "Minority Interests": 355000.0,
        "Net Income Including Noncontrolling Interests": -116681000.0,
        "Net Income Continuous Operations": -116681000.0,
        "Tax Provision": 8123000.0,
        "Pretax Income": -108558000.0,
        "Other Income Expense": -101670000.0,
        "Other Non Operating Income Expenses": 999000.0,
        "Special Income Charges": 204000.0,
        "Restructuring And Mergern Acquisition": -204000.0,
        "Gain On Sale Of Security": -102873000.0,
        "Net Non Operating Interest Income Expense": 1012000.0,
        "Interest Expense Non Operating": 50000.0,
        "Interest Income Non Operating": 1062000.0,
        "Operating Income": -7900000.0,
        "Operating Expense": 55930000.0,
        "Provision For Doubtful Accounts": 14759000.0,
        "Research And Development": 22720000.0,
        "Selling General And Administration": 18451000.0,
        "Selling And Marketing Expense": 77000.0,
        "General And Administrative Expense": 18374000.0,
        "Other Gand A": 18374000.0,
        "Gross Profit": 48030000.0,
        "Cost Of Revenue": 321093000.0,
        "Total Revenue": 369123000.0,
        "Operating Revenue": 369123000.0
    },
    "2023-12-31": {
        "Tax Effect Of Unusual Items": -5152527.868852,
        "Tax Rate For Calcs": 0.294784,
        "Normalized EBITDA": 70001000.0,
        "Total Unusual Items": -17479000.0,
        "Total Unusual Items Excluding Goodwill": -17479000.0,
        "Net Income From Continuing Operation Net Minority Interest": 3952000.0,
        "Reconciled Cost Of Revenue": 374139000.0,
        "EBITDA": 52522000.0,
        "EBIT": 52522000.0,
        "Net Interest Income": 632000.0,
        "Interest Expense": NaN,
        "Interest Income": 495000.0,
        "Normalized Income": 16278472.131148,
        "Net Income From Continuing And Discontinued Operation": 3952000.0,
        "Total Expenses": 414029000.0,
        "Total Operating Income As Reported": 14277000.0,
        "Diluted Average Shares": NaN,
        "Basic Average Shares": NaN,
        "Diluted EPS": NaN,
        "Basic EPS": NaN,
        "Diluted NI Availto Com Stockholders": 3952000.0,
        "Net Income Common Stockholders": 3952000.0,
        "Net Income": 3952000.0,
        "Minority Interests": 1586000.0,
        "Net Income Including Noncontrolling Interests": 2366000.0,
        "Net Income Continuous Operations": 2366000.0,
        "Tax Provision": 989000.0,
        "Pretax Income": 3355000.0,
        "Other Income Expense": -11554000.0,
        "Other Non Operating Income Expenses": 5925000.0,
        "Special Income Charges": -15650000.0,
        "Restructuring And Mergern Acquisition": 3850000.0,
        "Gain On Sale Of Security": -1829000.0,
        "Net Non Operating Interest Income Expense": 632000.0,
        "Interest Expense Non Operating": NaN,
        "Interest Income Non Operating": 495000.0,
        "Operating Income": 14277000.0,
        "Operating Expense": 39890000.0,
        "Provision For Doubtful Accounts": 876000.0,
        "Research And Development": 17451000.0,
        "Selling General And Administration": 21563000.0,
        "Selling And Marketing Expense": 812000.0,
        "General And Administrative Expense": 20751000.0,
        "Other Gand A": 20751000.0,
        "Gross Profit": 54167000.0,
        "Cost Of Revenue": 374139000.0,
        "Total Revenue": 428306000.0,
        "Operating Revenue": 428306000.0
    },
    "2024-03-31": {
        "Tax Effect Of Unusual Items": -1233250.0,
        "Tax Rate For Calcs": 0.25,
        "Normalized EBITDA": 12377000.0,
        "Total Unusual Items": -4933000.0,
        "Total Unusual Items Excluding Goodwill": -4933000.0,
        "Net Income From Continuing Operation Net Minority Interest": 6580000.0,
        "Reconciled Cost Of Revenue": 263212000.0,
        "EBITDA": 7444000.0,
        "EBIT": 7444000.0,
        "Net Interest Income": 1979000.0,
        "Interest Expense": 0.0,
        "Interest Income": 1979000.0,
        "Normalized Income": 10279750.0,
        "Net Income From Continuing And Discontinued Operation": 6580000.0,
        "Total Expenses": 306014000.0,
        "Total Operating Income As Reported": 10285000.0,
        "Diluted Average Shares": 41164872.0,
        "Basic Average Shares": 41164872.0,
        "Diluted EPS": 0.16,
        "Basic EPS": 0.16,
        "Diluted NI Availto Com Stockholders": 6580000.0,
        "Net Income Common Stockholders": 6580000.0,
        "Net Income": 6580000.0,
        "Minority Interests": 3774000.0,
        "Net Income Including Noncontrolling Interests": 2806000.0,
        "Net Income Continuous Operations": 2806000.0,
        "Tax Provision": 4638000.0,
        "Pretax Income": 7444000.0,
        "Other Income Expense": -4820000.0,
        "Other Non Operating Income Expenses": 113000.0,
        "Special Income Charges": 0.0,
        "Restructuring And Mergern Acquisition": 0.0,
        "Gain On Sale Of Security": -4933000.0,
        "Net Non Operating Interest Income Expense": 1979000.0,
        "Interest Expense Non Operating": 0.0,
        "Interest Income Non Operating": 1979000.0,
        "Operating Income": 10285000.0,
        "Operating Expense": 42802000.0,
        "Provision For Doubtful Accounts": -643000.0,
        "Research And Development": 21527000.0,
        "Selling General And Administration": 21918000.0,
        "Selling And Marketing Expense": 1988000.0,
        "General And Administrative Expense": 19930000.0,
        "Other Gand A": 19930000.0,
        "Gross Profit": 53087000.0,
        "Cost Of Revenue": 263212000.0,
        "Total Revenue": 316299000.0,
        "Operating Revenue": 316299000.0
    },
    "2024-06-30": {
        "Tax Effect Of Unusual Items": 570352.891156,
        "Tax Rate For Calcs": 0.083251,
        "Normalized EBITDA": 21730000.0,
        "Total Unusual Items": 6851000.0,
        "Total Unusual Items Excluding Goodwill": 6851000.0,
        "Net Income From Continuing Operation Net Minority Interest": 35340000.0,
        "Reconciled Cost Of Revenue": 310117000.0,
        "EBITDA": 28581000.0,
        "EBIT": 28581000.0,
        "Net Interest Income": 449000.0,
        "Interest Expense": NaN,
        "Interest Income": 449000.0,
        "Normalized Income": 29059352.891156,
        "Net Income From Continuing And Discontinued Operation": 35340000.0,
        "Total Expenses": 346259000.0,
        "Total Operating Income As Reported": 28581000.0,
        "Diluted Average Shares": 41334310.0,
        "Basic Average Shares": 41164872.0,
        "Diluted EPS": 0.85,
        "Basic EPS": 0.86,
        "Diluted NI Availto Com Stockholders": 35340000.0,
        "Net Income Common Stockholders": 35340000.0,
        "Net Income": 35340000.0,
        "Minority Interests": 1919000.0,
        "Net Income Including Noncontrolling Interests": 33421000.0,
        "Net Income Continuous Operations": 33421000.0,
        "Tax Provision": 3035000.0,
        "Pretax Income": 36456000.0,
        "Other Income Expense": 7426000.0,
        "Other Non Operating Income Expenses": 575000.0,
        "Special Income Charges": 0.0,
        "Restructuring And Mergern Acquisition": 0.0,
        "Gain On Sale Of Security": 6851000.0,
        "Net Non Operating Interest Income Expense": 449000.0,
        "Interest Expense Non Operating": NaN,
        "Interest Income Non Operating": 449000.0,
        "Operating Income": 28581000.0,
        "Operating Expense": 36142000.0,
        "Provision For Doubtful Accounts": 1769000.0,
        "Research And Development": 17534000.0,
        "Selling General And Administration": 16839000.0,
        "Selling And Marketing Expense": 189000.0,
        "General And Administrative Expense": 16650000.0,
        "Other Gand A": 16650000.0,
        "Gross Profit": 64723000.0,
        "Cost Of Revenue": 310117000.0,
        "Total Revenue": 374840000.0,
        "Operating Revenue": 374840000.0
    },
    "2024-09-30": {
        "Tax Effect Of Unusual Items": 1179250.0,
        "Tax Rate For Calcs": 0.25,
        "Normalized EBITDA": 1862000.0,
        "Total Unusual Items": 4717000.0,
        "Total Unusual Items Excluding Goodwill": 4717000.0,
        "Net Income From Continuing Operation Net Minority Interest": 771000.0,
        "Reconciled Cost Of Revenue": 259613000.0,
        "EBITDA": 6579000.0,
        "EBIT": 6579000.0,
        "Net Interest Income": 372000.0,
        "Interest Expense": NaN,
        "Interest Income": 372000.0,
        "Normalized Income": -2766750.0,
        "Net Income From Continuing And Discontinued Operation": 771000.0,
        "Total Expenses": 324948000.0,
        "Total Operating Income As Reported": -3569000.0,
        "Diluted Average Shares": NaN,
        "Basic Average Shares": NaN,
        "Diluted EPS": NaN,
        "Basic EPS": NaN,
        "Diluted NI Availto Com Stockholders": 771000.0,
        "Net Income Common Stockholders": 771000.0,
        "Net Income": 771000.0,
        "Minority Interests": 2795000.0,
        "Net Income Including Noncontrolling Interests": -2024000.0,
        "Net Income Continuous Operations": -2024000.0,
        "Tax Provision": 3569000.0,
        "Pretax Income": 1545000.0,
        "Other Income Expense": 4742000.0,
        "Other Non Operating Income Expenses": 25000.0,
        "Special Income Charges": 0.0,
        "Restructuring And Mergern Acquisition": 0.0,
        "Gain On Sale Of Security": 4717000.0,
        "Net Non Operating Interest Income Expense": 372000.0,
        "Interest Expense Non Operating": NaN,
        "Interest Income Non Operating": 372000.0,
        "Operating Income": -3569000.0,
        "Operating Expense": 65335000.0,
        "Provision For Doubtful Accounts": 29502000.0,
        "Research And Development": 18739000.0,
        "Selling General And Administration": 17094000.0,
        "Selling And Marketing Expense": 1220000.0,
        "General And Administrative Expense": 15874000.0,
        "Other Gand A": 15874000.0,
        "Gross Profit": 61766000.0,
        "Cost Of Revenue": 259613000.0,
        "Total Revenue": 321379000.0,
        "Operating Revenue": 321379000.0
    }
}