{
    "2023-03-31": {
        "Tax Effect Of Unusual Items": NaN,
        "Tax Rate For Calcs": NaN,
        "Normalized EBITDA": NaN,
        "Total Unusual Items": NaN,
        "Total Unusual Items Excluding Goodwill": NaN,
        "Net Income From Continuing Operation Net Minority Interest": NaN,
        "Reconciled Depreciation": NaN,
        "Reconciled Cost Of Revenue": NaN,
        "EBITDA": NaN,
        "EBIT": NaN,
        "Net Interest Income": NaN,
        "Interest Income": NaN,
        "Normalized Income": NaN,
        "Net Income From Continuing And Discontinued Operation": NaN,
        "Total Expenses": NaN,
        "Rent Expense Supplemental": NaN,
        "Diluted Average Shares": NaN,
        "Basic Average Shares": NaN,
        "Diluted EPS": NaN,
        "Basic EPS": NaN,
        "Diluted NI Availto Com Stockholders": NaN,
        "Net Income Common Stockholders": NaN,
        "Net Income": NaN,
        "Net Income Including Noncontrolling Interests": NaN,
        "Net Income Continuous Operations": NaN,
        "Pretax Income": NaN,
        "Other Income Expense": NaN,
        "Other Non Operating Income Expenses": NaN,
        "Special Income Charges": 0.0,
        "Impairment Of Capital Assets": 0.0,
        "Gain On Sale Of Security": NaN,
        "Net Non Operating Interest Income Expense": NaN,
        "Total Other Finance Cost": NaN,
        "Interest Income Non Operating": NaN,
        "Operating Income": NaN,
        "Operating Expense": NaN,
        "Other Operating Expenses": NaN,
        "Selling General And Administration": NaN,
        "General And Administrative Expense": NaN,
        "Other Gand A": NaN,
        "Insurance And Claims": NaN,
        "Rent And Landing Fees": NaN,
        "Salaries And Wages": NaN,
        "Gross Profit": NaN,
        "Cost Of Revenue": NaN,
        "Total Revenue": NaN,
        "Operating Revenue": NaN
    },
    "2022-12-31": {
        "Tax Effect Of Unusual Items": 0.0,
        "Tax Rate For Calcs": 0.0,
        "Normalized EBITDA": NaN,
        "Total Unusual Items": NaN,
        "Total Unusual Items Excluding Goodwill": NaN,
        "Net Income From Continuing Operation Net Minority Interest": -16409000.0,
        "Reconciled Depreciation": 582000.0,
        "Reconciled Cost Of Revenue": NaN,
        "EBITDA": -25675000.0,
        "EBIT": -26257000.0,
        "Net Interest Income": 85000.0,
        "Interest Income": 85000.0,
        "Normalized Income": NaN,
        "Net Income From Continuing And Discontinued Operation": -16409000.0,
        "Total Expenses": 26257000.0,
        "Rent Expense Supplemental": NaN,
        "Diluted Average Shares": NaN,
        "Basic Average Shares": NaN,
        "Diluted EPS": NaN,
        "Basic EPS": NaN,
        "Diluted NI Availto Com Stockholders": -16409000.0,
        "Net Income Common Stockholders": -16409000.0,
        "Net Income": -16409000.0,
        "Net Income Including Noncontrolling Interests": -16409000.0,
        "Net Income Continuous Operations": -16409000.0,
        "Pretax Income": -16409000.0,
        "Other Income Expense": 9763000.0,
        "Other Non Operating Income Expenses": NaN,
        "Special Income Charges": NaN,
        "Impairment Of Capital Assets": NaN,
        "Gain On Sale Of Security": NaN,
        "Net Non Operating Interest Income Expense": 85000.0,
        "Interest Income Non Operating": 85000.0,
        "Operating Income": -26257000.0,
        "Operating Expense": NaN,
        "Other Operating Expenses": NaN,
        "Selling General And Administration": 6361000.0,
        "General And Administrative Expense": 6361000.0,
        "Other Gand A": 2237000.0,
        "Insurance And Claims": 423000.0,
        "Salaries And Wages": 3701000.0,
        "Gross Profit": NaN,
        "Cost Of Revenue": NaN,
        "Total Revenue": 0.0,
        "Operating Revenue": 0.0
    },
    "2022-09-30": {
        "Tax Effect Of Unusual Items": NaN,
        "Tax Rate For Calcs": NaN,
        "Normalized EBITDA": NaN,
        "Total Unusual Items": NaN,
        "Total Unusual Items Excluding Goodwill": NaN,
        "Net Income From Continuing Operation Net Minority Interest": NaN,
        "Reconciled Depreciation": NaN,
        "Reconciled Cost Of Revenue": NaN,
        "EBITDA": NaN,
        "EBIT": NaN,
        "Net Interest Income": NaN,
        "Interest Income": NaN,
        "Normalized Income": NaN,
        "Net Income From Continuing And Discontinued Operation": NaN,
        "Total Expenses": NaN,
        "Rent Expense Supplemental": NaN,
        "Diluted Average Shares": 70227095.0,
        "Basic Average Shares": 70227095.0,
        "Diluted EPS": -0.41,
        "Basic EPS": -0.41,
        "Diluted NI Availto Com Stockholders": NaN,
        "Net Income Common Stockholders": NaN,
        "Net Income": NaN,
        "Net Income Including Noncontrolling Interests": NaN,
        "Net Income Continuous Operations": NaN,
        "Pretax Income": NaN,
        "Other Income Expense": NaN,
        "Other Non Operating Income Expenses": NaN,
        "Special Income Charges": NaN,
        "Impairment Of Capital Assets": NaN,
        "Gain On Sale Of Security": NaN,
        "Net Non Operating Interest Income Expense": NaN,
        "Interest Income Non Operating": NaN,
        "Operating Income": NaN,
        "Operating Expense": NaN,
        "Other Operating Expenses": NaN,
        "Selling General And Administration": NaN,
        "General And Administrative Expense": NaN,
        "Other Gand A": NaN,
        "Insurance And Claims": NaN,
        "Salaries And Wages": NaN,
        "Gross Profit": NaN,
        "Cost Of Revenue": NaN,
        "Total Revenue": NaN,
        "Operating Revenue": NaN
    },
    "2022-06-30": {
        "Tax Effect Of Unusual Items": 0.0,
        "Tax Rate For Calcs": 0.0,
        "Normalized EBITDA": -26632000.0,
        "Total Unusual Items": -1023000.0,
        "Total Unusual Items Excluding Goodwill": -1023000.0,
        "Net Income From Continuing Operation Net Minority Interest": -24687000.0,
        "Reconciled Depreciation": 345000.0,
        "Reconciled Cost Of Revenue": 67000.0,
        "EBITDA": -27655000.0,
        "EBIT": -28000000.0,
        "Net Interest Income": 90000.0,
        "Interest Income": 90000.0,
        "Normalized Income": -23664000.0,
        "Net Income From Continuing And Discontinued Operation": -24687000.0,
        "Total Expenses": 28000000.0,
        "Diluted Average Shares": 69059604.0,
        "Basic Average Shares": 69059604.0,
        "Diluted EPS": -0.36,
        "Basic EPS": -0.36,
        "Diluted NI Availto Com Stockholders": -24687000.0,
        "Net Income Common Stockholders": -24687000.0,
        "Net Income": -24687000.0,
        "Net Income Including Noncontrolling Interests": -24687000.0,
        "Net Income Continuous Operations": -24687000.0,
        "Pretax Income": -24687000.0,
        "Other Income Expense": 3223000.0,
        "Other Non Operating Income Expenses": 4246000.0,
        "Gain On Sale Of Security": -1023000.0,
        "Net Non Operating Interest Income Expense": 90000.0,
        "Interest Income Non Operating": 90000.0,
        "Operating Income": -28000000.0,
        "Operating Expense": 27933000.0,
        "Other Operating Expenses": 22971000.0,
        "Selling General And Administration": 4962000.0,
        "General And Administrative Expense": 4962000.0,
        "Other Gand A": 1381000.0,
        "Insurance And Claims": 469000.0,
        "Salaries And Wages": 3112000.0,
        "Gross Profit": -67000.0,
        "Cost Of Revenue": 67000.0,
        "Total Revenue": 0.0,
        "Operating Revenue": 0.0
    },
    "2022-03-31": {
        "Diluted EPS": -0.23,
        "Total Revenue": NaN,
        "Gross Profit": NaN,
        "Operating Income": -16,
        "EBIT": -16,
        "Net Income": -15
    },
    "2021-12-31": {
        "Diluted EPS": -0.69,
        "Total Revenue": NaN,
        "Gross Profit": NaN,
        "Operating Income": -26,
        "EBIT": -24,
        "Net Income": -26
    },
    "2021-09-30": {
        "Diluted EPS": -0.37,
        "Total Revenue": NaN,
        "Gross Profit": NaN,
        "Operating Income": -22,
        "EBIT": -22,
        "Net Income": -23
    },
    "2021-06-30": {
        "Diluted EPS": -0.38,
        "Total Revenue": NaN,
        "Gross Profit": NaN,
        "Operating Income": -23,
        "EBIT": -23,
        "Net Income": -21
    },
    "2021-03-31": {
        "Diluted EPS": -0.14,
        "Total Revenue": NaN,
        "Gross Profit": NaN,
        "Operating Income": -23,
        "EBIT": -23,
        "Net Income": -24
    },
    "2020-12-31": {
        "Diluted EPS": -0.16,
        "Total Revenue": NaN,
        "Gross Profit": NaN,
        "Operating Income": NaN,
        "EBIT": NaN,
        "Net Income": -28
    },
    "2023-06-30": {
        "Tax Effect Of Unusual Items": 0.0,
        "Tax Rate For Calcs": 0.0,
        "Normalized EBITDA": NaN,
        "Total Unusual Items": NaN,
        "Total Unusual Items Excluding Goodwill": NaN,
        "Net Income From Continuing Operation Net Minority Interest": -19486000.0,
        "Reconciled Depreciation": 510000.0,
        "Reconciled Cost Of Revenue": NaN,
        "EBITDA": -20147000.0,
        "EBIT": -20657000.0,
        "Net Interest Income": 438000.0,
        "Interest Income": 438000.0,
        "Normalized Income": NaN,
        "Net Income From Continuing And Discontinued Operation": -19486000.0,
        "Total Expenses": 20657000.0,
        "Rent Expense Supplemental": 0.0,
        "Diluted Average Shares": 82197543.0,
        "Basic Average Shares": 82197543.0,
        "Diluted EPS": -0.24,
        "Basic EPS": -0.24,
        "Diluted NI Availto Com Stockholders": -19486000.0,
        "Net Income Common Stockholders": -19486000.0,
        "Net Income": -19486000.0,
        "Net Income Including Noncontrolling Interests": -19486000.0,
        "Net Income Continuous Operations": -19486000.0,
        "Pretax Income": -19486000.0,
        "Other Income Expense": 733000.0,
        "Other Non Operating Income Expenses": NaN,
        "Special Income Charges": NaN,
        "Impairment Of Capital Assets": NaN,
        "Gain On Sale Of Security": NaN,
        "Net Non Operating Interest Income Expense": 438000.0,
        "Total Other Finance Cost": NaN,
        "Interest Income Non Operating": 438000.0,
        "Operating Income": -20657000.0,
        "Operating Expense": NaN,
        "Other Operating Expenses": NaN,
        "Selling General And Administration": 5769000.0,
        "General And Administrative Expense": 5769000.0,
        "Other Gand A": 1405000.0,
        "Insurance And Claims": 585000.0,
        "Rent And Landing Fees": 0.0,
        "Salaries And Wages": 3779000.0,
        "Gross Profit": NaN,
        "Cost Of Revenue": NaN,
        "Total Revenue": 0.0,
        "Operating Revenue": 0.0
    },
    "2023-09-30": {
        "Tax Effect Of Unusual Items": NaN,
        "Tax Rate For Calcs": NaN,
        "Normalized EBITDA": NaN,
        "Total Unusual Items": NaN,
        "Total Unusual Items Excluding Goodwill": NaN,
        "Net Income From Continuing Operation Net Minority Interest": NaN,
        "Reconciled Depreciation": NaN,
        "Reconciled Cost Of Revenue": NaN,
        "EBITDA": NaN,
        "EBIT": NaN,
        "Net Interest Income": NaN,
        "Interest Expense": NaN,
        "Interest Income": NaN,
        "Normalized Income": NaN,
        "Net Income From Continuing And Discontinued Operation": NaN,
        "Total Expenses": NaN,
        "Rent Expense Supplemental": 0.0,
        "Diluted Average Shares": 88203855.0,
        "Basic Average Shares": 88203855.0,
        "Diluted EPS": -0.45,
        "Basic EPS": -0.45,
        "Diluted NI Availto Com Stockholders": NaN,
        "Net Income Common Stockholders": NaN,
        "Net Income": NaN,
        "Net Income Including Noncontrolling Interests": NaN,
        "Net Income Continuous Operations": NaN,
        "Tax Provision": NaN,
        "Pretax Income": NaN,
        "Other Income Expense": NaN,
        "Other Non Operating Income Expenses": NaN,
        "Special Income Charges": NaN,
        "Gain On Sale Of Ppe": NaN,
        "Impairment Of Capital Assets": NaN,
        "Gain On Sale Of Security": NaN,
        "Net Non Operating Interest Income Expense": NaN,
        "Total Other Finance Cost": NaN,
        "Interest Expense Non Operating": NaN,
        "Interest Income Non Operating": NaN,
        "Operating Income": NaN,
        "Operating Expense": NaN,
        "Other Operating Expenses": NaN,
        "Selling General And Administration": NaN,
        "General And Administrative Expense": NaN,
        "Other Gand A": NaN,
        "Insurance And Claims": NaN,
        "Rent And Landing Fees": 0.0,
        "Salaries And Wages": NaN,
        "Gross Profit": NaN,
        "Cost Of Revenue": NaN,
        "Total Revenue": NaN,
        "Operating Revenue": NaN
    },
    "2024-03-31": {
        "Tax Effect Of Unusual Items": NaN,
        "Tax Rate For Calcs": NaN,
        "Normalized EBITDA": NaN,
        "Total Unusual Items": NaN,
        "Total Unusual Items Excluding Goodwill": NaN,
        "Net Income From Continuing Operation Net Minority Interest": NaN,
        "Reconciled Depreciation": NaN,
        "Reconciled Cost Of Revenue": NaN,
        "EBITDA": NaN,
        "EBIT": NaN,
        "Net Interest Income": NaN,
        "Interest Expense": NaN,
        "Interest Income": NaN,
        "Normalized Income": NaN,
        "Net Income From Continuing And Discontinued Operation": NaN,
        "Total Expenses": NaN,
        "Rent Expense Supplemental": 285000.0,
        "Diluted Average Shares": NaN,
        "Basic Average Shares": NaN,
        "Diluted EPS": NaN,
        "Basic EPS": NaN,
        "Diluted NI Availto Com Stockholders": NaN,
        "Net Income Common Stockholders": NaN,
        "Net Income": NaN,
        "Net Income Including Noncontrolling Interests": NaN,
        "Net Income Continuous Operations": NaN,
        "Tax Provision": NaN,
        "Pretax Income": NaN,
        "Other Income Expense": NaN,
        "Other Non Operating Income Expenses": NaN,
        "Special Income Charges": NaN,
        "Gain On Sale Of Ppe": 0.0,
        "Gain On Sale Of Business": NaN,
        "Impairment Of Capital Assets": 220000.0,
        "Gain On Sale Of Security": NaN,
        "Net Non Operating Interest Income Expense": NaN,
        "Total Other Finance Cost": NaN,
        "Interest Expense Non Operating": NaN,
        "Interest Income Non Operating": NaN,
        "Operating Income": NaN,
        "Operating Expense": NaN,
        "Other Operating Expenses": NaN,
        "Selling General And Administration": NaN,
        "General And Administrative Expense": NaN,
        "Other Gand A": NaN,
        "Insurance And Claims": NaN,
        "Rent And Landing Fees": NaN,
        "Salaries And Wages": NaN,
        "Gross Profit": NaN,
        "Cost Of Revenue": NaN,
        "Total Revenue": NaN,
        "Operating Revenue": NaN
    },
    "2023-12-31": {
        "Tax Effect Of Unusual Items": 0.0,
        "Tax Rate For Calcs": 0.0,
        "Normalized EBITDA": -33795000.0,
        "Total Unusual Items": -374000.0,
        "Total Unusual Items Excluding Goodwill": -374000.0,
        "Net Income From Continuing Operation Net Minority Interest": -32956000.0,
        "Reconciled Depreciation": 837000.0,
        "Reconciled Cost Of Revenue": 178000.0,
        "EBITDA": -34169000.0,
        "EBIT": -35006000.0,
        "Net Interest Income": 522000.0,
        "Interest Income": 522000.0,
        "Normalized Income": -32582000.0,
        "Net Income From Continuing And Discontinued Operation": -32956000.0,
        "Total Expenses": 35006000.0,
        "Rent Expense Supplemental": NaN,
        "Diluted Average Shares": NaN,
        "Basic Average Shares": NaN,
        "Diluted EPS": NaN,
        "Basic EPS": NaN,
        "Diluted NI Availto Com Stockholders": -32956000.0,
        "Net Income Common Stockholders": -32956000.0,
        "Net Income": -32956000.0,
        "Net Income Including Noncontrolling Interests": -32956000.0,
        "Net Income Continuous Operations": -32956000.0,
        "Pretax Income": -33600000.0,
        "Other Income Expense": 884000.0,
        "Other Non Operating Income Expenses": 1258000.0,
        "Special Income Charges": NaN,
        "Impairment Of Capital Assets": NaN,
        "Gain On Sale Of Security": -374000.0,
        "Net Non Operating Interest Income Expense": 522000.0,
        "Total Other Finance Cost": NaN,
        "Interest Income Non Operating": 522000.0,
        "Operating Income": -35006000.0,
        "Operating Expense": 34828000.0,
        "Other Operating Expenses": 28238000.0,
        "Selling General And Administration": 6590000.0,
        "General And Administrative Expense": 6590000.0,
        "Other Gand A": 1853000.0,
        "Insurance And Claims": 366000.0,
        "Rent And Landing Fees": NaN,
        "Salaries And Wages": 4371000.0,
        "Gross Profit": -178000.0,
        "Cost Of Revenue": 178000.0,
        "Total Revenue": 0.0,
        "Operating Revenue": 0.0
    },
    "2024-06-30": {
        "Tax Effect Of Unusual Items": NaN,
        "Tax Rate For Calcs": NaN,
        "Normalized EBITDA": NaN,
        "Total Unusual Items": NaN,
        "Total Unusual Items Excluding Goodwill": NaN,
        "Net Income From Continuing Operation Net Minority Interest": NaN,
        "Reconciled Depreciation": NaN,
        "Reconciled Cost Of Revenue": NaN,
        "EBITDA": NaN,
        "EBIT": NaN,
        "Net Interest Income": NaN,
        "Interest Expense": 211000.0,
        "Interest Income": NaN,
        "Normalized Income": NaN,
        "Net Income From Continuing And Discontinued Operation": NaN,
        "Total Expenses": NaN,
        "Rent Expense Supplemental": 65000.0,
        "Diluted Average Shares": 91796348.0,
        "Basic Average Shares": 91796348.0,
        "Diluted EPS": -0.38,
        "Basic EPS": -0.38,
        "Diluted NI Availto Com Stockholders": NaN,
        "Net Income Common Stockholders": NaN,
        "Net Income": NaN,
        "Net Income Including Noncontrolling Interests": NaN,
        "Net Income Continuous Operations": NaN,
        "Tax Provision": 0.0,
        "Pretax Income": NaN,
        "Other Income Expense": NaN,
        "Other Non Operating Income Expenses": NaN,
        "Special Income Charges": 0.0,
        "Gain On Sale Of Ppe": 0.0,
        "Gain On Sale Of Business": NaN,
        "Gain On Sale Of Security": NaN,
        "Net Non Operating Interest Income Expense": NaN,
        "Total Other Finance Cost": NaN,
        "Interest Expense Non Operating": 211000.0,
        "Interest Income Non Operating": NaN,
        "Operating Income": NaN,
        "Operating Expense": NaN,
        "Other Operating Expenses": NaN,
        "Selling General And Administration": NaN,
        "General And Administrative Expense": NaN,
        "Other Gand A": NaN,
        "Insurance And Claims": NaN,
        "Rent And Landing Fees": 65000.0,
        "Salaries And Wages": NaN,
        "Gross Profit": NaN,
        "Cost Of Revenue": NaN,
        "Total Revenue": NaN,
        "Operating Revenue": NaN
    },
    "2024-09-30": {
        "Tax Effect Of Unusual Items": 0.0,
        "Tax Rate For Calcs": 0.0,
        "Normalized EBITDA": -43168000.0,
        "Total Unusual Items": -38412000.0,
        "Total Unusual Items Excluding Goodwill": -38412000.0,
        "Net Income From Continuing Operation Net Minority Interest": -84887000.0,
        "Reconciled Depreciation": 2731000.0,
        "Reconciled Cost Of Revenue": 205000.0,
        "EBITDA": -81580000.0,
        "EBIT": -84311000.0,
        "Net Interest Income": 865000.0,
        "Interest Expense": 576000.0,
        "Interest Income": 1441000.0,
        "Normalized Income": -46475000.0,
        "Net Income From Continuing And Discontinued Operation": -84887000.0,
        "Total Expenses": 59052000.0,
        "Rent Expense Supplemental": 0.0,
        "Diluted Average Shares": 106727156.0,
        "Basic Average Shares": 106727156.0,
        "Diluted EPS": -0.8,
        "Basic EPS": -0.8,
        "Diluted NI Availto Com Stockholders": -84887000.0,
        "Net Income Common Stockholders": -84887000.0,
        "Net Income": -84887000.0,
        "Net Income Including Noncontrolling Interests": -84887000.0,
        "Net Income Continuous Operations": -84887000.0,
        "Tax Provision": 0.0,
        "Pretax Income": -84887000.0,
        "Other Income Expense": -26700000.0,
        "Other Non Operating Income Expenses": 11712000.0,
        "Special Income Charges": 0.0,
        "Gain On Sale Of Ppe": NaN,
        "Gain On Sale Of Business": 0.0,
        "Gain On Sale Of Security": -38412000.0,
        "Net Non Operating Interest Income Expense": 865000.0,
        "Total Other Finance Cost": 367000.0,
        "Interest Expense Non Operating": 576000.0,
        "Interest Income Non Operating": 1441000.0,
        "Operating Income": -59052000.0,
        "Operating Expense": 58847000.0,
        "Other Operating Expenses": 52032000.0,
        "Selling General And Administration": 6815000.0,
        "General And Administrative Expense": 6815000.0,
        "Other Gand A": 1518000.0,
        "Insurance And Claims": 957000.0,
        "Rent And Landing Fees": 0.0,
        "Salaries And Wages": 4340000.0,
        "Gross Profit": -205000.0,
        "Cost Of Revenue": 205000.0,
        "Total Revenue": 0.0,
        "Operating Revenue": 0.0
    },
    "2024-12-31": {
        "Tax Effect Of Unusual Items": 0.0,
        "Tax Rate For Calcs": 0.0,
        "Normalized EBITDA": -100933000.0,
        "Total Unusual Items": 47254000.0,
        "Total Unusual Items Excluding Goodwill": 47254000.0,
        "Net Income From Continuing Operation Net Minority Interest": -4649000.0,
        "Reconciled Depreciation": 3080000.0,
        "Reconciled Cost Of Revenue": 206000.0,
        "EBITDA": -53679000.0,
        "EBIT": -56759000.0,
        "Net Interest Income": 191000.0,
        "Interest Expense": NaN,
        "Interest Income": 581000.0,
        "Normalized Income": -51903000.0,
        "Net Income From Continuing And Discontinued Operation": -4649000.0,
        "Total Expenses": 56759000.0,
        "Rent Expense Supplemental": NaN,
        "Diluted Average Shares": NaN,
        "Basic Average Shares": NaN,
        "Diluted EPS": NaN,
        "Basic EPS": NaN,
        "Diluted NI Availto Com Stockholders": -4649000.0,
        "Net Income Common Stockholders": -4649000.0,
        "Net Income": -4649000.0,
        "Net Income Including Noncontrolling Interests": -4649000.0,
        "Net Income Continuous Operations": -4649000.0,
        "Tax Provision": NaN,
        "Pretax Income": -4649000.0,
        "Other Income Expense": 51919000.0,
        "Other Non Operating Income Expenses": 4665000.0,
        "Special Income Charges": NaN,
        "Gain On Sale Of Ppe": NaN,
        "Gain On Sale Of Business": NaN,
        "Gain On Sale Of Security": 47254000.0,
        "Net Non Operating Interest Income Expense": 191000.0,
        "Total Other Finance Cost": 390000.0,
        "Interest Expense Non Operating": NaN,
        "Interest Income Non Operating": 581000.0,
        "Operating Income": -56759000.0,
        "Operating Expense": 56553000.0,
        "Other Operating Expenses": 47946000.0,
        "Selling General And Administration": 8607000.0,
        "General And Administrative Expense": 8607000.0,
        "Other Gand A": 4390000.0,
        "Insurance And Claims": 393000.0,
        "Rent And Landing Fees": NaN,
        "Salaries And Wages": 4109000.0,
        "Gross Profit": -206000.0,
        "Cost Of Revenue": 206000.0,
        "Total Revenue": 0.0,
        "Operating Revenue": 0.0
    },
    "2025-03-31": {
        "Tax Effect Of Unusual Items": -4242600.0,
        "Tax Rate For Calcs": 0.15,
        "Normalized EBITDA": -3894000.0,
        "Total Unusual Items": -28284000.0,
        "Total Unusual Items Excluding Goodwill": -28284000.0,
        "Net Income From Continuing Operation Net Minority Interest": -38248000.0,
        "Reconciled Depreciation": 420000.0,
        "Reconciled Cost Of Revenue": 205000.0,
        "EBITDA": -32178000.0,
        "EBIT": -32598000.0,
        "Net Interest Income": -238000.0,
        "Interest Expense": 902000.0,
        "Interest Income": 664000.0,
        "Normalized Income": -14206600.0,
        "Net Income From Continuing And Discontinued Operation": -38248000.0,
        "Total Expenses": 10637000.0,
        "Rent Expense Supplemental": NaN,
        "Diluted Average Shares": 106255805.0,
        "Basic Average Shares": 106255805.0,
        "Diluted EPS": -0.36,
        "Basic EPS": -0.36,
        "Diluted NI Availto Com Stockholders": -38248000.0,
        "Net Income Common Stockholders": -38248000.0,
        "Net Income": -38248000.0,
        "Net Income Including Noncontrolling Interests": -38248000.0,
        "Net Income Continuous Operations": -38248000.0,
        "Tax Provision": 4748000.0,
        "Pretax Income": -33500000.0,
        "Other Income Expense": -22625000.0,
        "Other Non Operating Income Expenses": 5659000.0,
        "Special Income Charges": 3216000.0,
        "Gain On Sale Of Ppe": 3216000.0,
        "Gain On Sale Of Business": NaN,
        "Gain On Sale Of Security": -31500000.0,
        "Net Non Operating Interest Income Expense": -238000.0,
        "Total Other Finance Cost": NaN,
        "Interest Expense Non Operating": 902000.0,
        "Interest Income Non Operating": 664000.0,
        "Operating Income": -10637000.0,
        "Operating Expense": 10432000.0,
        "Other Operating Expenses": 1714000.0,
        "Selling General And Administration": 8718000.0,
        "General And Administrative Expense": 8718000.0,
        "Other Gand A": 1747000.0,
        "Insurance And Claims": 1132000.0,
        "Rent And Landing Fees": NaN,
        "Salaries And Wages": 5839000.0,
        "Gross Profit": -205000.0,
        "Cost Of Revenue": 205000.0,
        "Total Revenue": 0.0,
        "Operating Revenue": 0.0
    },
    "2025-06-30": {
        "Tax Effect Of Unusual Items": -926034.406067,
        "Tax Rate For Calcs": 0.03446,
        "Normalized EBITDA": -9522000.0,
        "Total Unusual Items": -26873000.0,
        "Total Unusual Items Excluding Goodwill": -26873000.0,
        "Net Income From Continuing Operation Net Minority Interest": -36033000.0,
        "Reconciled Depreciation": 290000.0,
        "Reconciled Cost Of Revenue": 206000.0,
        "EBITDA": -36395000.0,
        "EBIT": -36685000.0,
        "Net Interest Income": -63000.0,
        "Interest Expense": 634000.0,
        "Interest Income": 571000.0,
        "Normalized Income": -10086034.406067,
        "Net Income From Continuing And Discontinued Operation": -36033000.0,
        "Total Expenses": 15333000.0,
        "Rent Expense Supplemental": NaN,
        "Diluted Average Shares": 114643231.0,
        "Basic Average Shares": 114643231.0,
        "Diluted EPS": -0.31,
        "Basic EPS": -0.31,
        "Diluted NI Availto Com Stockholders": -36033000.0,
        "Net Income Common Stockholders": -36033000.0,
        "Net Income": -36033000.0,
        "Net Income Including Noncontrolling Interests": -36033000.0,
        "Net Income Continuous Operations": -36033000.0,
        "Tax Provision": -1286000.0,
        "Pretax Income": -37319000.0,
        "Other Income Expense": -21923000.0,
        "Other Non Operating Income Expenses": 4950000.0,
        "Special Income Charges": 0.0,
        "Gain On Sale Of Ppe": 0.0,
        "Gain On Sale Of Business": NaN,
        "Gain On Sale Of Security": -26873000.0,
        "Net Non Operating Interest Income Expense": -63000.0,
        "Total Other Finance Cost": NaN,
        "Interest Expense Non Operating": 634000.0,
        "Interest Income Non Operating": 571000.0,
        "Operating Income": -15333000.0,
        "Operating Expense": 15127000.0,
        "Other Operating Expenses": 1612000.0,
        "Selling General And Administration": 13515000.0,
        "General And Administrative Expense": 13515000.0,
        "Other Gand A": 3188000.0,
        "Insurance And Claims": 856000.0,
        "Rent And Landing Fees": NaN,
        "Salaries And Wages": 9471000.0,
        "Gross Profit": -206000.0,
        "Cost Of Revenue": 206000.0,
        "Total Revenue": 0.0,
        "Operating Revenue": 0.0
    },
    "2025-09-30": {
        "Tax Effect Of Unusual Items": 0.0,
        "Tax Rate For Calcs": 0.0,
        "Normalized EBITDA": -13517000.0,
        "Total Unusual Items": -22368000.0,
        "Total Unusual Items Excluding Goodwill": -22368000.0,
        "Net Income From Continuing Operation Net Minority Interest": -36797000.0,
        "Reconciled Depreciation": 272000.0,
        "Reconciled Cost Of Revenue": 205000.0,
        "EBITDA": -35885000.0,
        "EBIT": -36157000.0,
        "Net Interest Income": -168000.0,
        "Interest Expense": 640000.0,
        "Interest Income": 472000.0,
        "Normalized Income": -14429000.0,
        "Net Income From Continuing And Discontinued Operation": -36797000.0,
        "Total Expenses": 15045000.0,
        "Rent Expense Supplemental": NaN,
        "Diluted Average Shares": 115034046.0,
        "Basic Average Shares": 115034046.0,
        "Diluted EPS": -0.32,
        "Basic EPS": -0.32,
        "Diluted NI Availto Com Stockholders": -36797000.0,
        "Net Income Common Stockholders": -36797000.0,
        "Net Income": -36797000.0,
        "Net Income Including Noncontrolling Interests": -36797000.0,
        "Net Income Continuous Operations": -36797000.0,
        "Tax Provision": 0.0,
        "Pretax Income": -36797000.0,
        "Other Income Expense": -21584000.0,
        "Other Non Operating Income Expenses": 784000.0,
        "Special Income Charges": 0.0,
        "Gain On Sale Of Ppe": NaN,
        "Gain On Sale Of Business": 0.0,
        "Gain On Sale Of Security": -22368000.0,
        "Net Non Operating Interest Income Expense": -168000.0,
        "Total Other Finance Cost": NaN,
        "Interest Expense Non Operating": 640000.0,
        "Interest Income Non Operating": 472000.0,
        "Operating Income": -15045000.0,
        "Operating Expense": 14840000.0,
        "Other Operating Expenses": 2827000.0,
        "Selling General And Administration": 12013000.0,
        "General And Administrative Expense": 12013000.0,
        "Other Gand A": 2907000.0,
        "Insurance And Claims": 757000.0,
        "Rent And Landing Fees": NaN,
        "Salaries And Wages": 8349000.0,
        "Gross Profit": -205000.0,
        "Cost Of Revenue": 205000.0,
        "Total Revenue": 0.0,
        "Operating Revenue": 0.0
    }
}