{
    "2022-10-31": {
        "Tax Effect Of Unusual Items": NaN,
        "Tax Rate For Calcs": NaN,
        "Normalized EBITDA": NaN,
        "Total Unusual Items": NaN,
        "Total Unusual Items Excluding Goodwill": NaN,
        "Net Income From Continuing Operation Net Minority Interest": NaN,
        "Reconciled Depreciation": NaN,
        "Reconciled Cost Of Revenue": NaN,
        "EBITDA": NaN,
        "EBIT": NaN,
        "Net Interest Income": NaN,
        "Interest Expense": NaN,
        "Interest Income": NaN,
        "Normalized Income": NaN,
        "Net Income From Continuing And Discontinued Operation": NaN,
        "Total Expenses": NaN,
        "Total Operating Income As Reported": NaN,
        "Diluted Average Shares": NaN,
        "Basic Average Shares": NaN,
        "Diluted EPS": NaN,
        "Basic EPS": NaN,
        "Diluted NI Availto Com Stockholders": NaN,
        "Net Income Common Stockholders": NaN,
        "Net Income": NaN,
        "Net Income Including Noncontrolling Interests": NaN,
        "Net Income From Tax Loss Carryforward": NaN,
        "Net Income Discontinuous Operations": NaN,
        "Net Income Continuous Operations": NaN,
        "Earnings From Equity Interest Net Of Tax": NaN,
        "Tax Provision": NaN,
        "Pretax Income": NaN,
        "Other Income Expense": NaN,
        "Other Non Operating Income Expenses": NaN,
        "Special Income Charges": NaN,
        "Impairment Of Capital Assets": 570887000.0,
        "Restructuring And Mergern Acquisition": NaN,
        "Gain On Sale Of Security": NaN,
        "Net Non Operating Interest Income Expense": NaN,
        "Interest Expense Non Operating": NaN,
        "Interest Income Non Operating": NaN,
        "Operating Income": NaN,
        "Operating Expense": NaN,
        "Other Operating Expenses": NaN,
        "Other Taxes": NaN,
        "Depreciation Amortization Depletion Income Statement": NaN,
        "Depreciation And Amortization In Income Statement": NaN,
        "Amortization": NaN,
        "Amortization Of Intangibles Income Statement": NaN,
        "Research And Development": NaN,
        "Selling General And Administration": NaN,
        "Selling And Marketing Expense": NaN,
        "General And Administrative Expense": NaN,
        "Other Gand A": NaN,
        "Insurance And Claims": NaN,
        "Salaries And Wages": NaN,
        "Gross Profit": NaN,
        "Cost Of Revenue": NaN,
        "Total Revenue": NaN,
        "Operating Revenue": NaN
    },
    "2022-07-31": {
        "Tax Effect Of Unusual Items": -2150255.673756,
        "Tax Rate For Calcs": 0.023508,
        "Normalized EBITDA": 21171000.0,
        "Total Unusual Items": -91469000.0,
        "Total Unusual Items Excluding Goodwill": -91469000.0,
        "Net Income From Continuing Operation Net Minority Interest": -127316000.0,
        "Reconciled Depreciation": 48613000.0,
        "Reconciled Cost Of Revenue": 31585000.0,
        "EBITDA": -70298000.0,
        "EBIT": -118911000.0,
        "Net Interest Income": -11460000.0,
        "Interest Expense": 11470000.0,
        "Interest Income": 10000.0,
        "Normalized Income": -37997255.673756,
        "Net Income From Continuing And Discontinued Operation": -121499000.0,
        "Total Expenses": 168106000.0,
        "Total Operating Income As Reported": -110782000.0,
        "Diluted Average Shares": 164089000.0,
        "Basic Average Shares": 164089000.0,
        "Diluted EPS": -0.74,
        "Basic EPS": -0.74,
        "Diluted NI Availto Com Stockholders": -121499000.0,
        "Net Income Common Stockholders": -121499000.0,
        "Net Income": -121499000.0,
        "Net Income Including Noncontrolling Interests": -121499000.0,
        "Net Income Discontinuous Operations": 5817000.0,
        "Net Income Continuous Operations": -127316000.0,
        "Tax Provision": -3065000.0,
        "Pretax Income": -130381000.0,
        "Other Income Expense": -91389000.0,
        "Other Non Operating Income Expenses": 80000.0,
        "Special Income Charges": -83250000.0,
        "Impairment Of Capital Assets": 70475000.0,
        "Restructuring And Mergern Acquisition": 12775000.0,
        "Gain On Sale Of Security": -8219000.0,
        "Net Non Operating Interest Income Expense": -11460000.0,
        "Interest Expense Non Operating": 11470000.0,
        "Interest Income Non Operating": 10000.0,
        "Operating Income": -27532000.0,
        "Operating Expense": 133108000.0,
        "Other Operating Expenses": 400000.0,
        "Other Taxes": 427000.0,
        "Depreciation Amortization Depletion Income Statement": 45200000.0,
        "Depreciation And Amortization In Income Statement": 45200000.0,
        "Amortization": 45200000.0,
        "Amortization Of Intangibles Income Statement": 45200000.0,
        "Research And Development": 19693000.0,
        "Selling General And Administration": 68215000.0,
        "Selling And Marketing Expense": 41848000.0,
        "General And Administrative Expense": 26367000.0,
        "Other Gand A": 26367000.0,
        "Insurance And Claims": 1473000.0,
        "Salaries And Wages": 14858000.0,
        "Gross Profit": 105576000.0,
        "Cost Of Revenue": 34998000.0,
        "Total Revenue": 140574000.0,
        "Operating Revenue": 140574000.0
    },
    "2023-04-30": {
        "Tax Effect Of Unusual Items": NaN,
        "Tax Rate For Calcs": NaN,
        "Normalized EBITDA": NaN,
        "Total Unusual Items": NaN,
        "Total Unusual Items Excluding Goodwill": NaN,
        "Net Income From Continuing Operation Net Minority Interest": NaN,
        "Reconciled Depreciation": NaN,
        "Reconciled Cost Of Revenue": NaN,
        "EBITDA": NaN,
        "EBIT": NaN,
        "Net Interest Income": NaN,
        "Interest Expense": NaN,
        "Interest Income": NaN,
        "Normalized Income": NaN,
        "Net Income From Continuing And Discontinued Operation": NaN,
        "Total Expenses": NaN,
        "Total Operating Income As Reported": NaN,
        "Diluted Average Shares": NaN,
        "Basic Average Shares": NaN,
        "Diluted EPS": NaN,
        "Basic EPS": NaN,
        "Diluted NI Availto Com Stockholders": NaN,
        "Net Income Common Stockholders": NaN,
        "Net Income": NaN,
        "Net Income Including Noncontrolling Interests": NaN,
        "Net Income From Tax Loss Carryforward": -682000.0,
        "Net Income Extraordinary": NaN,
        "Net Income Discontinuous Operations": 0.0,
        "Net Income Continuous Operations": NaN,
        "Earnings From Equity Interest Net Of Tax": -682000.0,
        "Tax Provision": NaN,
        "Pretax Income": NaN,
        "Other Income Expense": NaN,
        "Other Non Operating Income Expenses": NaN,
        "Special Income Charges": NaN,
        "Impairment Of Capital Assets": NaN,
        "Restructuring And Mergern Acquisition": NaN,
        "Gain On Sale Of Security": NaN,
        "Net Non Operating Interest Income Expense": NaN,
        "Interest Expense Non Operating": NaN,
        "Interest Income Non Operating": NaN,
        "Operating Income": NaN,
        "Operating Expense": NaN,
        "Other Operating Expenses": NaN,
        "Other Taxes": NaN,
        "Depreciation Amortization Depletion Income Statement": NaN,
        "Depreciation And Amortization In Income Statement": NaN,
        "Amortization": NaN,
        "Amortization Of Intangibles Income Statement": NaN,
        "Research And Development": NaN,
        "Selling General And Administration": NaN,
        "Selling And Marketing Expense": NaN,
        "General And Administrative Expense": NaN,
        "Other Gand A": NaN,
        "Insurance And Claims": NaN,
        "Salaries And Wages": NaN,
        "Gross Profit": NaN,
        "Cost Of Revenue": NaN,
        "Total Revenue": NaN,
        "Operating Revenue": NaN
    },
    "2023-01-31": {
        "Tax Effect Of Unusual Items": NaN,
        "Tax Rate For Calcs": NaN,
        "Normalized EBITDA": NaN,
        "Total Unusual Items": NaN,
        "Total Unusual Items Excluding Goodwill": NaN,
        "Net Income From Continuing Operation Net Minority Interest": NaN,
        "Reconciled Depreciation": NaN,
        "Reconciled Cost Of Revenue": NaN,
        "EBITDA": NaN,
        "EBIT": NaN,
        "Net Interest Income": NaN,
        "Interest Expense": NaN,
        "Interest Income": NaN,
        "Normalized Income": NaN,
        "Net Income From Continuing And Discontinued Operation": NaN,
        "Total Expenses": NaN,
        "Total Operating Income As Reported": NaN,
        "Diluted Average Shares": NaN,
        "Basic Average Shares": NaN,
        "Diluted EPS": NaN,
        "Basic EPS": NaN,
        "Diluted NI Availto Com Stockholders": NaN,
        "Net Income Common Stockholders": NaN,
        "Net Income": NaN,
        "Net Income Including Noncontrolling Interests": NaN,
        "Net Income From Tax Loss Carryforward": 2863000.0,
        "Net Income Extraordinary": NaN,
        "Net Income Discontinuous Operations": NaN,
        "Net Income Continuous Operations": NaN,
        "Earnings From Equity Interest Net Of Tax": NaN,
        "Tax Provision": NaN,
        "Pretax Income": NaN,
        "Other Income Expense": NaN,
        "Other Non Operating Income Expenses": NaN,
        "Special Income Charges": NaN,
        "Impairment Of Capital Assets": 0.0,
        "Restructuring And Mergern Acquisition": NaN,
        "Gain On Sale Of Security": NaN,
        "Net Non Operating Interest Income Expense": NaN,
        "Interest Expense Non Operating": NaN,
        "Interest Income Non Operating": NaN,
        "Operating Income": NaN,
        "Operating Expense": NaN,
        "Other Operating Expenses": NaN,
        "Other Taxes": NaN,
        "Depreciation Amortization Depletion Income Statement": NaN,
        "Depreciation And Amortization In Income Statement": NaN,
        "Amortization": NaN,
        "Amortization Of Intangibles Income Statement": NaN,
        "Research And Development": NaN,
        "Selling General And Administration": NaN,
        "Selling And Marketing Expense": NaN,
        "General And Administrative Expense": NaN,
        "Other Gand A": NaN,
        "Insurance And Claims": NaN,
        "Salaries And Wages": NaN,
        "Gross Profit": NaN,
        "Cost Of Revenue": NaN,
        "Total Revenue": NaN,
        "Operating Revenue": NaN
    },
    "2022-04-30": {
        "Diluted EPS": -0.15,
        "Total Revenue": 135,
        "Gross Profit": 97,
        "Operating Income": -45,
        "EBIT": 1,
        "Net Income": -22
    },
    "2022-01-31": {
        "Diluted EPS": 9.15,
        "Total Revenue": 112,
        "Gross Profit": 82,
        "Operating Income": -144,
        "EBIT": -103,
        "Net Income": 8
    },
    "2021-10-31": {
        "Diluted EPS": -0.32,
        "Total Revenue": 140,
        "Gross Profit": 101,
        "Operating Income": -10,
        "EBIT": 29,
        "Net Income": -43
    },
    "2021-07-31": {
        "Diluted EPS": -0.18,
        "Total Revenue": 110,
        "Gross Profit": 81,
        "Operating Income": -29,
        "EBIT": 10,
        "Net Income": -24
    },
    "2021-04-30": {
        "Diluted EPS": -9.35,
        "Total Revenue": 92,
        "Gross Profit": 67,
        "Operating Income": -28,
        "EBIT": 10,
        "Net Income": -37
    },
    "2021-03-31": {
        "Diluted EPS": 0.48,
        "Total Revenue": NaN,
        "Gross Profit": NaN,
        "Operating Income": -2,
        "EBIT": -2,
        "Net Income": 42
    },
    "2021-01-31": {
        "Diluted EPS": 651.4,
        "Total Revenue": 78,
        "Gross Profit": 72,
        "Operating Income": -483,
        "EBIT": -457,
        "Net Income": NaN
    },
    "2020-12-31": {
        "Diluted EPS": 0.0,
        "Total Revenue": NaN,
        "Gross Profit": NaN,
        "Operating Income": -1,
        "EBIT": -1,
        "Net Income": -74
    },
    "2020-10-31": {
        "Diluted EPS": 807.55,
        "Total Revenue": 76,
        "Gross Profit": 53,
        "Operating Income": -33,
        "EBIT": -11,
        "Net Income": NaN
    },
    "2020-09-30": {
        "Diluted EPS": 0.0,
        "Total Revenue": NaN,
        "Gross Profit": NaN,
        "Operating Income": 0,
        "EBIT": 0,
        "Net Income": 0
    },
    "2020-07-31": {
        "Diluted EPS": -0.71,
        "Total Revenue": 117,
        "Gross Profit": 95,
        "Operating Income": -1,
        "EBIT": -1,
        "Net Income": -71
    },
    "2020-06-30": {
        "Diluted EPS": -0.01,
        "Total Revenue": NaN,
        "Gross Profit": NaN,
        "Operating Income": 0,
        "EBIT": 0,
        "Net Income": 0
    },
    "2020-03-31": {
        "Diluted EPS": -0.1,
        "Total Revenue": NaN,
        "Gross Profit": NaN,
        "Operating Income": 0,
        "EBIT": 0,
        "Net Income": -9
    },
    "2020-01-31": {
        "Diluted EPS": 0.0,
        "Total Revenue": NaN,
        "Gross Profit": NaN,
        "Operating Income": -917,
        "EBIT": -917,
        "Net Income": -849
    },
    "2019-12-31": {
        "Diluted EPS": 0.0,
        "Total Revenue": NaN,
        "Gross Profit": NaN,
        "Operating Income": NaN,
        "EBIT": NaN,
        "Net Income": NaN
    },
    "2019-09-30": {
        "Diluted EPS": 0.0,
        "Total Revenue": NaN,
        "Gross Profit": NaN,
        "Operating Income": 0,
        "EBIT": 0,
        "Net Income": 0
    },
    "2019-06-30": {
        "Diluted EPS": 0.0,
        "Total Revenue": NaN,
        "Gross Profit": NaN,
        "Operating Income": 0,
        "EBIT": 0,
        "Net Income": 0
    },
    "2019-04-30": {
        "Diluted EPS": 0.0,
        "Total Revenue": NaN,
        "Gross Profit": NaN,
        "Operating Income": 0,
        "EBIT": 0,
        "Net Income": 0
    },
    "2024-01-31": {
        "Tax Effect Of Unusual Items": NaN,
        "Tax Rate For Calcs": NaN,
        "Normalized EBITDA": NaN,
        "Total Unusual Items": NaN,
        "Total Unusual Items Excluding Goodwill": NaN,
        "Net Income From Continuing Operation Net Minority Interest": NaN,
        "Reconciled Depreciation": NaN,
        "Reconciled Cost Of Revenue": NaN,
        "EBITDA": NaN,
        "EBIT": NaN,
        "Net Interest Income": NaN,
        "Interest Expense": NaN,
        "Interest Income": NaN,
        "Normalized Income": NaN,
        "Net Income From Continuing And Discontinued Operation": NaN,
        "Total Expenses": NaN,
        "Total Operating Income As Reported": NaN,
        "Diluted Average Shares": NaN,
        "Basic Average Shares": NaN,
        "Diluted EPS": NaN,
        "Basic EPS": NaN,
        "Diluted NI Availto Com Stockholders": NaN,
        "Net Income Common Stockholders": NaN,
        "Net Income": NaN,
        "Net Income Including Noncontrolling Interests": NaN,
        "Net Income From Tax Loss Carryforward": 0.0,
        "Net Income Extraordinary": 0.0,
        "Net Income Discontinuous Operations": 0.0,
        "Net Income Continuous Operations": NaN,
        "Earnings From Equity Interest Net Of Tax": 0.0,
        "Tax Provision": NaN,
        "Pretax Income": NaN,
        "Other Income Expense": NaN,
        "Other Non Operating Income Expenses": NaN,
        "Special Income Charges": NaN,
        "Impairment Of Capital Assets": 202233000.0,
        "Restructuring And Mergern Acquisition": NaN,
        "Gain On Sale Of Security": NaN,
        "Net Non Operating Interest Income Expense": NaN,
        "Interest Expense Non Operating": NaN,
        "Interest Income Non Operating": NaN,
        "Operating Income": NaN,
        "Operating Expense": NaN,
        "Other Operating Expenses": NaN,
        "Other Taxes": NaN,
        "Depreciation Amortization Depletion Income Statement": NaN,
        "Depreciation And Amortization In Income Statement": NaN,
        "Amortization": NaN,
        "Amortization Of Intangibles Income Statement": NaN,
        "Research And Development": NaN,
        "Selling General And Administration": NaN,
        "Selling And Marketing Expense": NaN,
        "General And Administrative Expense": NaN,
        "Other Gand A": NaN,
        "Insurance And Claims": NaN,
        "Salaries And Wages": NaN,
        "Gross Profit": NaN,
        "Cost Of Revenue": NaN,
        "Total Revenue": NaN,
        "Operating Revenue": NaN
    },
    "2023-10-31": {
        "Tax Effect Of Unusual Items": NaN,
        "Tax Rate For Calcs": NaN,
        "Normalized EBITDA": NaN,
        "Total Unusual Items": NaN,
        "Total Unusual Items Excluding Goodwill": NaN,
        "Net Income From Continuing Operation Net Minority Interest": NaN,
        "Reconciled Depreciation": NaN,
        "Reconciled Cost Of Revenue": NaN,
        "EBITDA": NaN,
        "EBIT": NaN,
        "Net Interest Income": NaN,
        "Interest Expense": NaN,
        "Interest Income": NaN,
        "Normalized Income": NaN,
        "Net Income From Continuing And Discontinued Operation": NaN,
        "Total Expenses": NaN,
        "Total Operating Income As Reported": NaN,
        "Diluted Average Shares": 8047000.0,
        "Basic Average Shares": 8047000.0,
        "Diluted EPS": -3.45,
        "Basic EPS": -3.45,
        "Diluted NI Availto Com Stockholders": NaN,
        "Net Income Common Stockholders": NaN,
        "Net Income": NaN,
        "Net Income Including Noncontrolling Interests": NaN,
        "Net Income From Tax Loss Carryforward": 0.0,
        "Net Income Extraordinary": 0.0,
        "Net Income Discontinuous Operations": 0.0,
        "Net Income Continuous Operations": NaN,
        "Earnings From Equity Interest Net Of Tax": 0.0,
        "Tax Provision": NaN,
        "Pretax Income": NaN,
        "Other Income Expense": NaN,
        "Other Non Operating Income Expenses": NaN,
        "Special Income Charges": NaN,
        "Impairment Of Capital Assets": 0.0,
        "Restructuring And Mergern Acquisition": NaN,
        "Gain On Sale Of Security": NaN,
        "Net Non Operating Interest Income Expense": NaN,
        "Interest Expense Non Operating": NaN,
        "Interest Income Non Operating": NaN,
        "Operating Income": NaN,
        "Operating Expense": NaN,
        "Other Operating Expenses": NaN,
        "Other Taxes": NaN,
        "Depreciation Amortization Depletion Income Statement": NaN,
        "Depreciation And Amortization In Income Statement": NaN,
        "Amortization": NaN,
        "Amortization Of Intangibles Income Statement": NaN,
        "Research And Development": NaN,
        "Selling General And Administration": NaN,
        "Selling And Marketing Expense": NaN,
        "General And Administrative Expense": NaN,
        "Other Gand A": NaN,
        "Insurance And Claims": NaN,
        "Salaries And Wages": NaN,
        "Gross Profit": NaN,
        "Cost Of Revenue": NaN,
        "Total Revenue": NaN,
        "Operating Revenue": NaN
    },
    "2023-07-31": {
        "Tax Effect Of Unusual Items": NaN,
        "Tax Rate For Calcs": NaN,
        "Normalized EBITDA": NaN,
        "Total Unusual Items": NaN,
        "Total Unusual Items Excluding Goodwill": NaN,
        "Net Income From Continuing Operation Net Minority Interest": NaN,
        "Reconciled Depreciation": NaN,
        "Reconciled Cost Of Revenue": NaN,
        "EBITDA": NaN,
        "EBIT": NaN,
        "Net Interest Income": NaN,
        "Interest Expense": NaN,
        "Interest Income": NaN,
        "Normalized Income": NaN,
        "Net Income From Continuing And Discontinued Operation": NaN,
        "Total Expenses": NaN,
        "Total Operating Income As Reported": NaN,
        "Diluted Average Shares": 8005000.0,
        "Basic Average Shares": 8005000.0,
        "Diluted EPS": -4.0,
        "Basic EPS": -4.0,
        "Diluted NI Availto Com Stockholders": NaN,
        "Net Income Common Stockholders": NaN,
        "Net Income": NaN,
        "Net Income Including Noncontrolling Interests": NaN,
        "Net Income From Tax Loss Carryforward": 0.0,
        "Net Income Extraordinary": NaN,
        "Net Income Discontinuous Operations": 0.0,
        "Net Income Continuous Operations": NaN,
        "Earnings From Equity Interest Net Of Tax": 0.0,
        "Tax Provision": NaN,
        "Pretax Income": NaN,
        "Other Income Expense": NaN,
        "Other Non Operating Income Expenses": NaN,
        "Special Income Charges": NaN,
        "Impairment Of Capital Assets": 0.0,
        "Restructuring And Mergern Acquisition": NaN,
        "Gain On Sale Of Security": NaN,
        "Net Non Operating Interest Income Expense": NaN,
        "Interest Expense Non Operating": NaN,
        "Interest Income Non Operating": NaN,
        "Operating Income": NaN,
        "Operating Expense": NaN,
        "Other Operating Expenses": NaN,
        "Other Taxes": NaN,
        "Depreciation Amortization Depletion Income Statement": NaN,
        "Depreciation And Amortization In Income Statement": NaN,
        "Amortization": NaN,
        "Amortization Of Intangibles Income Statement": NaN,
        "Research And Development": NaN,
        "Selling General And Administration": NaN,
        "Selling And Marketing Expense": NaN,
        "General And Administrative Expense": NaN,
        "Other Gand A": NaN,
        "Insurance And Claims": NaN,
        "Salaries And Wages": NaN,
        "Gross Profit": NaN,
        "Cost Of Revenue": NaN,
        "Total Revenue": NaN,
        "Operating Revenue": NaN
    },
    "2024-04-30": {
        "Tax Effect Of Unusual Items": NaN,
        "Tax Rate For Calcs": NaN,
        "Normalized EBITDA": NaN,
        "Total Unusual Items": NaN,
        "Total Unusual Items Excluding Goodwill": NaN,
        "Net Income From Continuing Operation Net Minority Interest": NaN,
        "Reconciled Depreciation": NaN,
        "Reconciled Cost Of Revenue": NaN,
        "EBITDA": NaN,
        "EBIT": NaN,
        "Net Interest Income": NaN,
        "Interest Expense": NaN,
        "Interest Income": NaN,
        "Normalized Income": NaN,
        "Net Income From Continuing And Discontinued Operation": NaN,
        "Total Expenses": NaN,
        "Total Operating Income As Reported": NaN,
        "Diluted Average Shares": NaN,
        "Basic Average Shares": NaN,
        "Diluted EPS": NaN,
        "Basic EPS": NaN,
        "Diluted NI Availto Com Stockholders": NaN,
        "Net Income Common Stockholders": NaN,
        "Net Income": NaN,
        "Net Income Including Noncontrolling Interests": NaN,
        "Net Income From Tax Loss Carryforward": NaN,
        "Net Income Extraordinary": 0.0,
        "Net Income Discontinuous Operations": NaN,
        "Net Income Continuous Operations": NaN,
        "Earnings From Equity Interest Net Of Tax": 0.0,
        "Tax Provision": NaN,
        "Pretax Income": NaN,
        "Other Income Expense": NaN,
        "Other Non Operating Income Expenses": NaN,
        "Special Income Charges": NaN,
        "Impairment Of Capital Assets": NaN,
        "Restructuring And Mergern Acquisition": NaN,
        "Gain On Sale Of Security": NaN,
        "Net Non Operating Interest Income Expense": NaN,
        "Interest Expense Non Operating": NaN,
        "Interest Income Non Operating": NaN,
        "Operating Income": NaN,
        "Operating Expense": NaN,
        "Other Operating Expenses": NaN,
        "Other Taxes": NaN,
        "Depreciation Amortization Depletion Income Statement": NaN,
        "Depreciation And Amortization In Income Statement": NaN,
        "Amortization": NaN,
        "Amortization Of Intangibles Income Statement": NaN,
        "Research And Development": NaN,
        "Selling General And Administration": NaN,
        "Selling And Marketing Expense": NaN,
        "General And Administrative Expense": NaN,
        "Other Gand A": NaN,
        "Insurance And Claims": NaN,
        "Salaries And Wages": NaN,
        "Gross Profit": NaN,
        "Cost Of Revenue": NaN,
        "Total Revenue": NaN,
        "Operating Revenue": NaN
    },
    "2024-07-31": {
        "Tax Effect Of Unusual Items": -925007.351881,
        "Tax Rate For Calcs": 0.049397,
        "Normalized EBITDA": 25951000.0,
        "Total Unusual Items": -18726000.0,
        "Total Unusual Items Excluding Goodwill": -18726000.0,
        "Net Income From Continuing Operation Net Minority Interest": -39566000.0,
        "Reconciled Depreciation": 32432000.0,
        "Reconciled Cost Of Revenue": 31827000.0,
        "EBITDA": 7225000.0,
        "EBIT": -25207000.0,
        "Net Interest Income": -15370000.0,
        "Interest Expense": 16415000.0,
        "Interest Income": 1045000.0,
        "Normalized Income": -21765007.351881,
        "Net Income From Continuing And Discontinued Operation": -39566000.0,
        "Total Expenses": 139331000.0,
        "Total Operating Income As Reported": -19328000.0,
        "Diluted Average Shares": 8180374.0,
        "Basic Average Shares": 8180374.0,
        "Diluted EPS": -4.84,
        "Basic EPS": -4.84,
        "Diluted NI Availto Com Stockholders": -39566000.0,
        "Net Income Common Stockholders": -39566000.0,
        "Net Income": -39566000.0,
        "Net Income Including Noncontrolling Interests": -39566000.0,
        "Net Income From Tax Loss Carryforward": NaN,
        "Net Income Extraordinary": NaN,
        "Net Income Discontinuous Operations": 0.0,
        "Net Income Continuous Operations": -39566000.0,
        "Earnings From Equity Interest Net Of Tax": NaN,
        "Tax Provision": -2056000.0,
        "Pretax Income": -41622000.0,
        "Other Income Expense": -19144000.0,
        "Other Non Operating Income Expenses": -418000.0,
        "Special Income Charges": -12220000.0,
        "Impairment Of Capital Assets": NaN,
        "Restructuring And Mergern Acquisition": 12220000.0,
        "Gain On Sale Of Security": -6506000.0,
        "Net Non Operating Interest Income Expense": -15370000.0,
        "Interest Expense Non Operating": 16415000.0,
        "Interest Income Non Operating": 1045000.0,
        "Operating Income": -7108000.0,
        "Operating Expense": 106860000.0,
        "Other Operating Expenses": 4854000.0,
        "Other Taxes": 272000.0,
        "Depreciation Amortization Depletion Income Statement": 31788000.0,
        "Depreciation And Amortization In Income Statement": 31788000.0,
        "Amortization": 31788000.0,
        "Amortization Of Intangibles Income Statement": 31788000.0,
        "Research And Development": 14993000.0,
        "Selling General And Administration": 54953000.0,
        "Selling And Marketing Expense": 6741000.0,
        "General And Administrative Expense": 48212000.0,
        "Other Gand A": 5654000.0,
        "Insurance And Claims": 723000.0,
        "Salaries And Wages": 41835000.0,
        "Gross Profit": 99752000.0,
        "Cost Of Revenue": 32471000.0,
        "Total Revenue": 132223000.0,
        "Operating Revenue": 132223000.0
    },
    "2024-10-31": {
        "Tax Effect Of Unusual Items": -353904.0,
        "Tax Rate For Calcs": 0.073,
        "Normalized EBITDA": 28061000.0,
        "Total Unusual Items": -4848000.0,
        "Total Unusual Items Excluding Goodwill": -4848000.0,
        "Net Income From Continuing Operation Net Minority Interest": -23599000.0,
        "Reconciled Depreciation": 32826000.0,
        "Reconciled Cost Of Revenue": 33312000.0,
        "EBITDA": 23213000.0,
        "EBIT": -9613000.0,
        "Net Interest Income": -14921000.0,
        "Interest Expense": 15845000.0,
        "Interest Income": 924000.0,
        "Normalized Income": -19104904.0,
        "Net Income From Continuing And Discontinued Operation": -23599000.0,
        "Total Expenses": 142376000.0,
        "Total Operating Income As Reported": -9177000.0,
        "Diluted Average Shares": 8239564.0,
        "Basic Average Shares": 8239564.0,
        "Diluted EPS": -2.86,
        "Basic EPS": -2.86,
        "Diluted NI Availto Com Stockholders": -23599000.0,
        "Net Income Common Stockholders": -23599000.0,
        "Net Income": -23599000.0,
        "Net Income Including Noncontrolling Interests": -23599000.0,
        "Net Income From Tax Loss Carryforward": NaN,
        "Net Income Extraordinary": 0.0,
        "Net Income Discontinuous Operations": NaN,
        "Net Income Continuous Operations": -23599000.0,
        "Earnings From Equity Interest Net Of Tax": NaN,
        "Tax Provision": -1859000.0,
        "Pretax Income": -25458000.0,
        "Other Income Expense": -5386000.0,
        "Other Non Operating Income Expenses": -538000.0,
        "Special Income Charges": -4026000.0,
        "Impairment Of Capital Assets": NaN,
        "Restructuring And Mergern Acquisition": 4026000.0,
        "Gain On Sale Of Security": -822000.0,
        "Net Non Operating Interest Income Expense": -14921000.0,
        "Interest Expense Non Operating": 15845000.0,
        "Interest Income Non Operating": 924000.0,
        "Operating Income": -5151000.0,
        "Operating Expense": 108064000.0,
        "Other Operating Expenses": 5266000.0,
        "Other Taxes": 469000.0,
        "Depreciation Amortization Depletion Income Statement": 31826000.0,
        "Depreciation And Amortization In Income Statement": 31826000.0,
        "Amortization": 31826000.0,
        "Amortization Of Intangibles Income Statement": 31826000.0,
        "Research And Development": 14937000.0,
        "Selling General And Administration": 55566000.0,
        "Selling And Marketing Expense": 5854000.0,
        "General And Administrative Expense": 49712000.0,
        "Other Gand A": 5399000.0,
        "Insurance And Claims": 632000.0,
        "Salaries And Wages": 43681000.0,
        "Gross Profit": 102913000.0,
        "Cost Of Revenue": 34312000.0,
        "Total Revenue": 137225000.0,
        "Operating Revenue": 137225000.0
    },
    "2025-01-31": {
        "Tax Effect Of Unusual Items": -22610.086768,
        "Tax Rate For Calcs": 0.007688,
        "Normalized EBITDA": 19560000.0,
        "Total Unusual Items": -2941000.0,
        "Total Unusual Items Excluding Goodwill": -2941000.0,
        "Net Income From Continuing Operation Net Minority Interest": -31107000.0,
        "Reconciled Depreciation": 32989000.0,
        "Reconciled Cost Of Revenue": 32655000.0,
        "EBITDA": 16619000.0,
        "EBIT": -16370000.0,
        "Net Interest Income": -14349000.0,
        "Interest Expense": 14978000.0,
        "Interest Income": 629000.0,
        "Normalized Income": -28188610.086768,
        "Net Income From Continuing And Discontinued Operation": -31107000.0,
        "Total Expenses": 147227000.0,
        "Total Operating Income As Reported": -17284000.0,
        "Diluted Average Shares": 8288631.0,
        "Basic Average Shares": 8288631.0,
        "Diluted EPS": -3.75,
        "Basic EPS": -3.75,
        "Diluted NI Availto Com Stockholders": -31107000.0,
        "Net Income Common Stockholders": -31107000.0,
        "Net Income": -31107000.0,
        "Net Income Including Noncontrolling Interests": -31107000.0,
        "Net Income From Tax Loss Carryforward": NaN,
        "Net Income Extraordinary": 0.0,
        "Net Income Discontinuous Operations": NaN,
        "Net Income Continuous Operations": -31107000.0,
        "Earnings From Equity Interest Net Of Tax": NaN,
        "Tax Provision": -241000.0,
        "Pretax Income": -31348000.0,
        "Other Income Expense": -3525000.0,
        "Other Non Operating Income Expenses": -584000.0,
        "Special Income Charges": -3810000.0,
        "Impairment Of Capital Assets": NaN,
        "Restructuring And Mergern Acquisition": 3810000.0,
        "Gain On Sale Of Security": 869000.0,
        "Net Non Operating Interest Income Expense": -14349000.0,
        "Interest Expense Non Operating": 14978000.0,
        "Interest Income Non Operating": 629000.0,
        "Operating Income": -13474000.0,
        "Operating Expense": 113602000.0,
        "Other Operating Expenses": 4945000.0,
        "Other Taxes": -380000.0,
        "Depreciation Amortization Depletion Income Statement": 32019000.0,
        "Depreciation And Amortization In Income Statement": 32019000.0,
        "Amortization": 32019000.0,
        "Amortization Of Intangibles Income Statement": 32019000.0,
        "Research And Development": 15321000.0,
        "Selling General And Administration": 61697000.0,
        "Selling And Marketing Expense": 4808000.0,
        "General And Administrative Expense": 56889000.0,
        "Other Gand A": 4337000.0,
        "Insurance And Claims": 474000.0,
        "Salaries And Wages": 52078000.0,
        "Gross Profit": 100128000.0,
        "Cost Of Revenue": 33625000.0,
        "Total Revenue": 133753000.0,
        "Operating Revenue": 133753000.0
    },
    "2025-04-30": {
        "Tax Effect Of Unusual Items": -122500.0,
        "Tax Rate For Calcs": 0.02,
        "Normalized EBITDA": 13755000.0,
        "Total Unusual Items": -6125000.0,
        "Total Unusual Items Excluding Goodwill": -6125000.0,
        "Net Income From Continuing Operation Net Minority Interest": -38049000.0,
        "Reconciled Depreciation": 32055000.0,
        "Reconciled Cost Of Revenue": 31800000.0,
        "EBITDA": 7630000.0,
        "EBIT": -24425000.0,
        "Net Interest Income": -13933000.0,
        "Interest Expense": 14396000.0,
        "Interest Income": 463000.0,
        "Normalized Income": -32046500.0,
        "Net Income From Continuing And Discontinued Operation": -38049000.0,
        "Total Expenses": 140518000.0,
        "Total Operating Income As Reported": -18186000.0,
        "Diluted Average Shares": 8324864.0,
        "Basic Average Shares": 8324864.0,
        "Diluted EPS": -4.57,
        "Basic EPS": -4.57,
        "Diluted NI Availto Com Stockholders": -38049000.0,
        "Net Income Common Stockholders": -38049000.0,
        "Net Income": -38049000.0,
        "Net Income Including Noncontrolling Interests": -38049000.0,
        "Net Income From Tax Loss Carryforward": NaN,
        "Net Income Extraordinary": NaN,
        "Net Income Discontinuous Operations": NaN,
        "Net Income Continuous Operations": -38049000.0,
        "Earnings From Equity Interest Net Of Tax": NaN,
        "Tax Provision": -772000.0,
        "Pretax Income": -38821000.0,
        "Other Income Expense": -8571000.0,
        "Other Non Operating Income Expenses": -2446000.0,
        "Special Income Charges": -1869000.0,
        "Impairment Of Capital Assets": NaN,
        "Restructuring And Mergern Acquisition": 1869000.0,
        "Gain On Sale Of Security": -4256000.0,
        "Net Non Operating Interest Income Expense": -13933000.0,
        "Interest Expense Non Operating": 14396000.0,
        "Interest Income Non Operating": 463000.0,
        "Operating Income": -16317000.0,
        "Operating Expense": 108271000.0,
        "Other Operating Expenses": 4358000.0,
        "Other Taxes": 206000.0,
        "Depreciation Amortization Depletion Income Statement": 31608000.0,
        "Depreciation And Amortization In Income Statement": 31608000.0,
        "Amortization": 31608000.0,
        "Amortization Of Intangibles Income Statement": 31608000.0,
        "Research And Development": 14102000.0,
        "Selling General And Administration": 57997000.0,
        "Selling And Marketing Expense": 4944000.0,
        "General And Administrative Expense": 53053000.0,
        "Other Gand A": 8015000.0,
        "Insurance And Claims": 532000.0,
        "Salaries And Wages": 44506000.0,
        "Gross Profit": 91954000.0,
        "Cost Of Revenue": 32247000.0,
        "Total Revenue": 124201000.0,
        "Operating Revenue": 124201000.0
    },
    "2025-07-31": {
        "Tax Effect Of Unusual Items": -14057.921917,
        "Tax Rate For Calcs": 0.017228,
        "Normalized EBITDA": 23478000.0,
        "Total Unusual Items": -816000.0,
        "Total Unusual Items Excluding Goodwill": -816000.0,
        "Net Income From Continuing Operation Net Minority Interest": -23788000.0,
        "Reconciled Depreciation": 31905000.0,
        "Reconciled Cost Of Revenue": 32428000.0,
        "EBITDA": 22662000.0,
        "EBIT": -9243000.0,
        "Net Interest Income": -14442000.0,
        "Interest Expense": 14962000.0,
        "Interest Income": 520000.0,
        "Normalized Income": -22986057.921917,
        "Net Income From Continuing And Discontinued Operation": -23788000.0,
        "Total Expenses": 137708000.0,
        "Total Operating Income As Reported": -11830000.0,
        "Diluted Average Shares": 8567973.0,
        "Basic Average Shares": 8567973.0,
        "Diluted EPS": -2.78,
        "Basic EPS": -2.78,
        "Diluted NI Availto Com Stockholders": -23788000.0,
        "Net Income Common Stockholders": -23788000.0,
        "Net Income": -23788000.0,
        "Net Income Including Noncontrolling Interests": -23788000.0,
        "Net Income From Tax Loss Carryforward": NaN,
        "Net Income Extraordinary": NaN,
        "Net Income Discontinuous Operations": NaN,
        "Net Income Continuous Operations": -23788000.0,
        "Earnings From Equity Interest Net Of Tax": NaN,
        "Tax Provision": -417000.0,
        "Pretax Income": -24205000.0,
        "Other Income Expense": -877000.0,
        "Other Non Operating Income Expenses": -61000.0,
        "Special Income Charges": -2944000.0,
        "Impairment Of Capital Assets": NaN,
        "Restructuring And Mergern Acquisition": 2944000.0,
        "Gain On Sale Of Security": 2128000.0,
        "Net Non Operating Interest Income Expense": -14442000.0,
        "Interest Expense Non Operating": 14962000.0,
        "Interest Income Non Operating": 520000.0,
        "Operating Income": -8886000.0,
        "Operating Expense": 104819000.0,
        "Other Operating Expenses": 4041000.0,
        "Other Taxes": 247000.0,
        "Depreciation Amortization Depletion Income Statement": 31444000.0,
        "Depreciation And Amortization In Income Statement": 31444000.0,
        "Amortization": 31444000.0,
        "Amortization Of Intangibles Income Statement": 31444000.0,
        "Research And Development": 14317000.0,
        "Selling General And Administration": 54770000.0,
        "Selling And Marketing Expense": 5931000.0,
        "General And Administrative Expense": 48839000.0,
        "Other Gand A": 5459000.0,
        "Insurance And Claims": 561000.0,
        "Salaries And Wages": 42819000.0,
        "Gross Profit": 95933000.0,
        "Cost Of Revenue": 32889000.0,
        "Total Revenue": 128822000.0,
        "Operating Revenue": 128822000.0
    }
}