{
    "2023-03-31": {
        "Tax Effect Of Unusual Items": NaN,
        "Tax Rate For Calcs": NaN,
        "Normalized EBITDA": NaN,
        "Total Unusual Items": 24586000000.0,
        "Total Unusual Items Excluding Goodwill": 24586000000.0,
        "Net Income From Continuing Operation Net Minority Interest": NaN,
        "Reconciled Depreciation": NaN,
        "Reconciled Cost Of Revenue": 524477000000.0,
        "EBITDA": NaN,
        "EBIT": NaN,
        "Net Interest Income": -104150000000.0,
        "Interest Expense": NaN,
        "Interest Income": NaN,
        "Normalized Income": NaN,
        "Net Income From Continuing And Discontinued Operation": NaN,
        "Total Expenses": NaN,
        "Rent Expense Supplemental": NaN,
        "Total Operating Income As Reported": NaN,
        "Diluted Average Shares": NaN,
        "Basic Average Shares": NaN,
        "Diluted EPS": NaN,
        "Basic EPS": NaN,
        "Diluted NI Availto Com Stockholders": NaN,
        "Net Income Common Stockholders": NaN,
        "Otherunder Preferred Stock Dividend": NaN,
        "Net Income": NaN,
        "Minority Interests": NaN,
        "Net Income Including Noncontrolling Interests": NaN,
        "Net Income Continuous Operations": NaN,
        "Tax Provision": NaN,
        "Pretax Income": NaN,
        "Other Income Expense": 20853000000.0,
        "Other Non Operating Income Expenses": -4504000000.0,
        "Special Income Charges": -6634000000.0,
        "Gain On Sale Of Ppe": NaN,
        "Other Special Charges": 4775000000.0,
        "Write Off": NaN,
        "Impairment Of Capital Assets": NaN,
        "Earnings From Equity Interest": NaN,
        "Gain On Sale Of Security": 31220000000.0,
        "Net Non Operating Interest Income Expense": -104150000000.0,
        "Total Other Finance Cost": 24078000000.0,
        "Interest Expense Non Operating": NaN,
        "Interest Income Non Operating": NaN,
        "Operating Income": NaN,
        "Operating Expense": NaN,
        "Other Operating Expenses": NaN,
        "Other Taxes": NaN,
        "Depreciation Amortization Depletion Income Statement": 900180000000.0,
        "Depreciation And Amortization In Income Statement": NaN,
        "Research And Development": NaN,
        "Selling General And Administration": 707581000000.0,
        "Selling And Marketing Expense": NaN,
        "General And Administrative Expense": 663991000000.0,
        "Other Gand A": 7950000000.0,
        "Rent And Landing Fees": NaN,
        "Salaries And Wages": NaN,
        "Gross Profit": 3813551000000.0,
        "Cost Of Revenue": 558676000000.0,
        "Total Revenue": NaN,
        "Operating Revenue": NaN
    },
    "2022-12-31": {
        "Tax Effect Of Unusual Items": NaN,
        "Tax Rate For Calcs": NaN,
        "Normalized EBITDA": NaN,
        "Total Unusual Items": NaN,
        "Total Unusual Items Excluding Goodwill": NaN,
        "Net Income From Continuing Operation Net Minority Interest": NaN,
        "Reconciled Depreciation": NaN,
        "Reconciled Cost Of Revenue": NaN,
        "EBITDA": NaN,
        "EBIT": NaN,
        "Net Interest Income": NaN,
        "Interest Expense": NaN,
        "Interest Income": NaN,
        "Normalized Income": NaN,
        "Net Income From Continuing And Discontinued Operation": NaN,
        "Total Expenses": NaN,
        "Rent Expense Supplemental": NaN,
        "Total Operating Income As Reported": NaN,
        "Diluted Average Shares": NaN,
        "Basic Average Shares": NaN,
        "Diluted EPS": NaN,
        "Basic EPS": NaN,
        "Diluted NI Availto Com Stockholders": NaN,
        "Net Income Common Stockholders": NaN,
        "Otherunder Preferred Stock Dividend": NaN,
        "Net Income": NaN,
        "Minority Interests": NaN,
        "Net Income Including Noncontrolling Interests": NaN,
        "Net Income Discontinuous Operations": 0.0,
        "Net Income Continuous Operations": NaN,
        "Tax Provision": NaN,
        "Pretax Income": NaN,
        "Other Income Expense": NaN,
        "Other Non Operating Income Expenses": NaN,
        "Special Income Charges": NaN,
        "Gain On Sale Of Ppe": NaN,
        "Other Special Charges": 1840000000.0,
        "Write Off": NaN,
        "Impairment Of Capital Assets": NaN,
        "Earnings From Equity Interest": NaN,
        "Gain On Sale Of Security": NaN,
        "Net Non Operating Interest Income Expense": NaN,
        "Total Other Finance Cost": NaN,
        "Interest Expense Non Operating": NaN,
        "Interest Income Non Operating": NaN,
        "Operating Income": NaN,
        "Operating Expense": NaN,
        "Other Operating Expenses": NaN,
        "Other Taxes": NaN,
        "Depreciation Amortization Depletion Income Statement": NaN,
        "Depreciation And Amortization In Income Statement": NaN,
        "Research And Development": NaN,
        "Selling General And Administration": NaN,
        "Selling And Marketing Expense": NaN,
        "General And Administrative Expense": NaN,
        "Other Gand A": NaN,
        "Rent And Landing Fees": NaN,
        "Salaries And Wages": NaN,
        "Gross Profit": NaN,
        "Cost Of Revenue": NaN,
        "Total Revenue": NaN,
        "Operating Revenue": NaN
    },
    "2022-09-30": {
        "Tax Effect Of Unusual Items": NaN,
        "Tax Rate For Calcs": NaN,
        "Normalized EBITDA": NaN,
        "Total Unusual Items": NaN,
        "Total Unusual Items Excluding Goodwill": NaN,
        "Net Income From Continuing Operation Net Minority Interest": NaN,
        "Reconciled Depreciation": NaN,
        "Reconciled Cost Of Revenue": NaN,
        "EBITDA": NaN,
        "EBIT": NaN,
        "Net Interest Income": NaN,
        "Interest Expense": NaN,
        "Interest Income": NaN,
        "Normalized Income": NaN,
        "Net Income From Continuing And Discontinued Operation": NaN,
        "Total Expenses": NaN,
        "Rent Expense Supplemental": NaN,
        "Total Operating Income As Reported": NaN,
        "Diluted Average Shares": 393034732.0,
        "Basic Average Shares": 392850546.0,
        "Diluted EPS": 587.745,
        "Basic EPS": 587.745,
        "Diluted NI Availto Com Stockholders": NaN,
        "Net Income Common Stockholders": NaN,
        "Otherunder Preferred Stock Dividend": NaN,
        "Net Income": NaN,
        "Minority Interests": NaN,
        "Net Income Including Noncontrolling Interests": NaN,
        "Net Income Discontinuous Operations": 0.0,
        "Net Income Continuous Operations": NaN,
        "Tax Provision": NaN,
        "Pretax Income": NaN,
        "Other Income Expense": NaN,
        "Other Non Operating Income Expenses": 1525000000.0,
        "Special Income Charges": NaN,
        "Gain On Sale Of Ppe": NaN,
        "Other Special Charges": 1124000000.0,
        "Write Off": NaN,
        "Impairment Of Capital Assets": NaN,
        "Earnings From Equity Interest": NaN,
        "Gain On Sale Of Security": NaN,
        "Net Non Operating Interest Income Expense": NaN,
        "Total Other Finance Cost": 15206000000.0,
        "Interest Expense Non Operating": NaN,
        "Interest Income Non Operating": NaN,
        "Operating Income": NaN,
        "Operating Expense": NaN,
        "Other Operating Expenses": NaN,
        "Other Taxes": NaN,
        "Depreciation Amortization Depletion Income Statement": NaN,
        "Depreciation And Amortization In Income Statement": NaN,
        "Research And Development": NaN,
        "Selling General And Administration": NaN,
        "Selling And Marketing Expense": NaN,
        "General And Administrative Expense": NaN,
        "Other Gand A": NaN,
        "Rent And Landing Fees": NaN,
        "Salaries And Wages": NaN,
        "Gross Profit": NaN,
        "Cost Of Revenue": NaN,
        "Total Revenue": NaN,
        "Operating Revenue": NaN
    },
    "2022-06-30": {
        "Tax Effect Of Unusual Items": -5436213474.358497,
        "Tax Rate For Calcs": 0.359063,
        "Normalized EBITDA": 1401113000000.0,
        "Total Unusual Items": -15140000000.0,
        "Total Unusual Items Excluding Goodwill": -15140000000.0,
        "Net Income From Continuing Operation Net Minority Interest": 253862000000.0,
        "Reconciled Depreciation": 471557000000.0,
        "Reconciled Cost Of Revenue": 949815000000.0,
        "EBITDA": 1385973000000.0,
        "EBIT": 478641000000.0,
        "Net Interest Income": -64414000000.0,
        "Interest Expense": 75876000000.0,
        "Interest Income": 11462000000.0,
        "Normalized Income": 263565786525.6415,
        "Net Income From Continuing And Discontinued Operation": 253862000000.0,
        "Total Expenses": 3824074000000.0,
        "Rent Expense Supplemental": 27041000000.0,
        "Total Operating Income As Reported": 459605000000.0,
        "Diluted Average Shares": 393074836.0,
        "Basic Average Shares": 392827548.0,
        "Diluted EPS": 636.585,
        "Basic EPS": 636.585,
        "Diluted NI Availto Com Stockholders": 250171000000.0,
        "Net Income Common Stockholders": 250171000000.0,
        "Otherunder Preferred Stock Dividend": 3691000000.0,
        "Net Income": 253862000000.0,
        "Minority Interests": -4285000000.0,
        "Net Income Including Noncontrolling Interests": 258147000000.0,
        "Net Income Discontinuous Operations": 0.0,
        "Net Income Continuous Operations": 258147000000.0,
        "Tax Provision": 144618000000.0,
        "Pretax Income": 402765000000.0,
        "Other Income Expense": 1396000000.0,
        "Other Non Operating Income Expenses": 2960000000.0,
        "Special Income Charges": -15476000000.0,
        "Gain On Sale Of Ppe": -3052000000.0,
        "Other Special Charges": 4911000000.0,
        "Write Off": 7513000000.0,
        "Impairment Of Capital Assets": NaN,
        "Earnings From Equity Interest": 13576000000.0,
        "Gain On Sale Of Security": 336000000.0,
        "Net Non Operating Interest Income Expense": -64414000000.0,
        "Interest Expense Non Operating": 75876000000.0,
        "Interest Income Non Operating": 11462000000.0,
        "Operating Income": 465783000000.0,
        "Operating Expense": 3310034000000.0,
        "Other Operating Expenses": 232313000000.0,
        "Other Taxes": 27712000000.0,
        "Depreciation Amortization Depletion Income Statement": 907332000000.0,
        "Depreciation And Amortization In Income Statement": 907332000000.0,
        "Research And Development": 88661000000.0,
        "Selling General And Administration": 2054016000000.0,
        "Selling And Marketing Expense": 1425794000000.0,
        "General And Administrative Expense": 628222000000.0,
        "Other Gand A": 8030000000.0,
        "Rent And Landing Fees": 27041000000.0,
        "Salaries And Wages": 593151000000.0,
        "Gross Profit": 3775817000000.0,
        "Cost Of Revenue": 514040000000.0,
        "Total Revenue": 4289857000000.0,
        "Operating Revenue": 4289857000000.0
    },
    "2022-03-31": {
        "Diluted EPS": 0.43,
        "Total Revenue": NaN,
        "Gross Profit": NaN,
        "Operating Income": 346,
        "EBIT": 346,
        "Net Income": 169
    },
    "2021-12-31": {
        "Diluted EPS": -0.57,
        "Total Revenue": NaN,
        "Gross Profit": NaN,
        "Operating Income": 222,
        "EBIT": 222,
        "Net Income": 256
    },
    "2021-09-30": {
        "Diluted EPS": 1.1,
        "Total Revenue": NaN,
        "Gross Profit": NaN,
        "Operating Income": 360,
        "EBIT": 360,
        "Net Income": 706
    },
    "2021-06-30": {
        "Diluted EPS": 1.78,
        "Total Revenue": NaN,
        "Gross Profit": NaN,
        "Operating Income": 357,
        "EBIT": 357,
        "Net Income": 689
    },
    "2021-03-31": {
        "Diluted EPS": 1.29,
        "Total Revenue": NaN,
        "Gross Profit": NaN,
        "Operating Income": 350,
        "EBIT": 350,
        "Net Income": 502
    },
    "2020-12-31": {
        "Diluted EPS": 0.76,
        "Total Revenue": NaN,
        "Gross Profit": NaN,
        "Operating Income": 65,
        "EBIT": 65,
        "Net Income": 311
    },
    "2020-09-30": {
        "Diluted EPS": 0.77,
        "Total Revenue": NaN,
        "Gross Profit": NaN,
        "Operating Income": 289,
        "EBIT": 289,
        "Net Income": 310
    },
    "2020-06-30": {
        "Diluted EPS": 0.85,
        "Total Revenue": NaN,
        "Gross Profit": NaN,
        "Operating Income": 288,
        "EBIT": 288,
        "Net Income": 339
    },
    "2020-03-31": {
        "Diluted EPS": 0.61,
        "Total Revenue": NaN,
        "Gross Profit": NaN,
        "Operating Income": 242,
        "EBIT": 242,
        "Net Income": 245
    },
    "2019-09-30": {
        "Diluted EPS": 0.55,
        "Total Revenue": NaN,
        "Gross Profit": NaN,
        "Operating Income": 242,
        "EBIT": 242,
        "Net Income": 217
    },
    "2019-03-31": {
        "Diluted EPS": 0.86,
        "Total Revenue": NaN,
        "Gross Profit": NaN,
        "Operating Income": 290,
        "EBIT": 290,
        "Net Income": 341
    },
    "2018-12-31": {
        "Diluted EPS": 1.2,
        "Total Revenue": NaN,
        "Gross Profit": NaN,
        "Operating Income": -120,
        "EBIT": -120,
        "Net Income": 464
    },
    "2018-09-30": {
        "Diluted EPS": 2.39,
        "Total Revenue": NaN,
        "Gross Profit": NaN,
        "Operating Income": 274,
        "EBIT": 274,
        "Net Income": 925
    },
    "2018-06-30": {
        "Diluted EPS": 2.12,
        "Total Revenue": NaN,
        "Gross Profit": NaN,
        "Operating Income": 312,
        "EBIT": 312,
        "Net Income": 817
    },
    "2018-03-31": {
        "Diluted EPS": 1.62,
        "Total Revenue": NaN,
        "Gross Profit": NaN,
        "Operating Income": 293,
        "EBIT": 293,
        "Net Income": 625
    },
    "2017-12-31": {
        "Diluted EPS": 1.82,
        "Total Revenue": NaN,
        "Gross Profit": NaN,
        "Operating Income": 334,
        "EBIT": 334,
        "Net Income": 704
    },
    "2017-09-30": {
        "Diluted EPS": 1.86,
        "Total Revenue": NaN,
        "Gross Profit": NaN,
        "Operating Income": 353,
        "EBIT": 353,
        "Net Income": 716
    },
    "2017-06-30": {
        "Diluted EPS": 1.44,
        "Total Revenue": NaN,
        "Gross Profit": NaN,
        "Operating Income": 19,
        "EBIT": 19,
        "Net Income": 555
    },
    "2017-03-31": {
        "Diluted EPS": 0.91,
        "Total Revenue": NaN,
        "Gross Profit": NaN,
        "Operating Income": 395,
        "EBIT": 395,
        "Net Income": 349
    },
    "2016-12-31": {
        "Diluted EPS": 1.29,
        "Total Revenue": NaN,
        "Gross Profit": NaN,
        "Operating Income": 39,
        "EBIT": 39,
        "Net Income": 495
    },
    "2016-09-30": {
        "Diluted EPS": 0.75,
        "Total Revenue": NaN,
        "Gross Profit": NaN,
        "Operating Income": 382,
        "EBIT": 382,
        "Net Income": 293
    },
    "2016-06-30": {
        "Diluted EPS": 0.64,
        "Total Revenue": NaN,
        "Gross Profit": NaN,
        "Operating Income": 430,
        "EBIT": 430,
        "Net Income": 248
    },
    "2016-03-31": {
        "Diluted EPS": 1.19,
        "Total Revenue": NaN,
        "Gross Profit": NaN,
        "Operating Income": 322,
        "EBIT": 322,
        "Net Income": 457
    },
    "2015-12-31": {
        "Diluted EPS": 0.71,
        "Total Revenue": NaN,
        "Gross Profit": NaN,
        "Operating Income": 362,
        "EBIT": 362,
        "Net Income": 266
    },
    "2015-09-30": {
        "Diluted EPS": 0.87,
        "Total Revenue": NaN,
        "Gross Profit": NaN,
        "Operating Income": 442,
        "EBIT": 442,
        "Net Income": 344
    },
    "2015-06-30": {
        "Diluted EPS": 0.89,
        "Total Revenue": NaN,
        "Gross Profit": NaN,
        "Operating Income": 372,
        "EBIT": 372,
        "Net Income": 356
    },
    "2015-03-31": {
        "Diluted EPS": 1.07,
        "Total Revenue": NaN,
        "Gross Profit": NaN,
        "Operating Income": 477,
        "EBIT": 477,
        "Net Income": 412
    },
    "2014-12-31": {
        "Diluted EPS": 1.14,
        "Total Revenue": NaN,
        "Gross Profit": NaN,
        "Operating Income": -905,
        "EBIT": -905,
        "Net Income": 451
    },
    "2014-09-30": {
        "Diluted EPS": 0.74,
        "Total Revenue": NaN,
        "Gross Profit": NaN,
        "Operating Income": -517,
        "EBIT": -517,
        "Net Income": 287
    },
    "2014-06-30": {
        "Diluted EPS": 1.22,
        "Total Revenue": NaN,
        "Gross Profit": NaN,
        "Operating Income": 912,
        "EBIT": 912,
        "Net Income": 484
    },
    "2014-03-31": {
        "Diluted EPS": 0.69,
        "Total Revenue": NaN,
        "Gross Profit": NaN,
        "Operating Income": 572,
        "EBIT": 572,
        "Net Income": 265
    },
    "2013-12-31": {
        "Diluted EPS": 0.74,
        "Total Revenue": NaN,
        "Gross Profit": NaN,
        "Operating Income": 436,
        "EBIT": NaN,
        "Net Income": 289
    },
    "2013-09-30": {
        "Diluted EPS": 1.17,
        "Total Revenue": NaN,
        "Gross Profit": NaN,
        "Operating Income": 496,
        "EBIT": NaN,
        "Net Income": 454
    },
    "2013-06-30": {
        "Diluted EPS": 1.1,
        "Total Revenue": NaN,
        "Gross Profit": NaN,
        "Operating Income": 498,
        "EBIT": 498,
        "Net Income": 420
    },
    "2013-03-31": {
        "Diluted EPS": 0.87,
        "Total Revenue": NaN,
        "Gross Profit": NaN,
        "Operating Income": 382,
        "EBIT": 382,
        "Net Income": 329
    },
    "2012-12-31": {
        "Diluted EPS": 0.0,
        "Total Revenue": NaN,
        "Gross Profit": NaN,
        "Operating Income": 397,
        "EBIT": NaN,
        "Net Income": 590
    },
    "2012-09-30": {
        "Diluted EPS": 0.41,
        "Total Revenue": NaN,
        "Gross Profit": NaN,
        "Operating Income": 268,
        "EBIT": NaN,
        "Net Income": 159
    },
    "2012-06-30": {
        "Diluted EPS": 0.31,
        "Total Revenue": NaN,
        "Gross Profit": NaN,
        "Operating Income": 415,
        "EBIT": 415,
        "Net Income": 128
    },
    "2012-03-31": {
        "Diluted EPS": 0.69,
        "Total Revenue": NaN,
        "Gross Profit": NaN,
        "Operating Income": 400,
        "EBIT": 400,
        "Net Income": 271
    },
    "2011-12-31": {
        "Diluted EPS": 0.0,
        "Total Revenue": NaN,
        "Gross Profit": NaN,
        "Operating Income": 274,
        "EBIT": 274,
        "Net Income": 189
    },
    "2011-09-30": {
        "Diluted EPS": 0.82,
        "Total Revenue": NaN,
        "Gross Profit": NaN,
        "Operating Income": 490,
        "EBIT": 490,
        "Net Income": 327
    },
    "2011-06-30": {
        "Diluted EPS": 1.1,
        "Total Revenue": NaN,
        "Gross Profit": NaN,
        "Operating Income": 619,
        "EBIT": 619,
        "Net Income": 439
    },
    "2011-03-31": {
        "Diluted EPS": 1.24,
        "Total Revenue": NaN,
        "Gross Profit": NaN,
        "Operating Income": 560,
        "EBIT": 560,
        "Net Income": 494
    },
    "2010-12-31": {
        "Diluted EPS": 0.0,
        "Total Revenue": NaN,
        "Gross Profit": NaN,
        "Operating Income": NaN,
        "EBIT": NaN,
        "Net Income": NaN
    },
    "2010-06-30": {
        "Diluted EPS": 0.74,
        "Total Revenue": NaN,
        "Gross Profit": NaN,
        "Operating Income": NaN,
        "EBIT": NaN,
        "Net Income": 298
    },
    "2010-03-31": {
        "Diluted EPS": 0.71,
        "Total Revenue": NaN,
        "Gross Profit": NaN,
        "Operating Income": NaN,
        "EBIT": NaN,
        "Net Income": 284
    },
    "2009-12-31": {
        "Diluted EPS": 0.54,
        "Total Revenue": NaN,
        "Gross Profit": NaN,
        "Operating Income": NaN,
        "EBIT": NaN,
        "Net Income": 219
    },
    "2009-09-30": {
        "Diluted EPS": 0.87,
        "Total Revenue": NaN,
        "Gross Profit": NaN,
        "Operating Income": NaN,
        "EBIT": NaN,
        "Net Income": 354
    },
    "2009-06-30": {
        "Diluted EPS": 0.61,
        "Total Revenue": NaN,
        "Gross Profit": NaN,
        "Operating Income": NaN,
        "EBIT": NaN,
        "Net Income": 245
    },
    "2009-03-31": {
        "Diluted EPS": 0.69,
        "Total Revenue": NaN,
        "Gross Profit": NaN,
        "Operating Income": NaN,
        "EBIT": NaN,
        "Net Income": 280
    },
    "2023-06-30": {
        "Tax Effect Of Unusual Items": NaN,
        "Tax Rate For Calcs": NaN,
        "Normalized EBITDA": 1493804000000.0,
        "Total Unusual Items": 54856000000.0,
        "Total Unusual Items Excluding Goodwill": 54856000000.0,
        "Net Income From Continuing Operation Net Minority Interest": NaN,
        "Reconciled Depreciation": 948117000000.0,
        "Reconciled Cost Of Revenue": 938563000000.0,
        "EBITDA": 1493804000000.0,
        "EBIT": 545687000000.0,
        "Net Interest Income": -86992000000.0,
        "Interest Expense": 95846000000.0,
        "Interest Income": 19270000000.0,
        "Normalized Income": NaN,
        "Net Income From Continuing And Discontinued Operation": NaN,
        "Total Expenses": 3842974000000.0,
        "Rent Expense Supplemental": 33587000000.0,
        "Total Operating Income As Reported": 463409000000.0,
        "Diluted Average Shares": 393782735.0,
        "Basic Average Shares": 393642526.0,
        "Diluted EPS": 826.395,
        "Basic EPS": 826.95,
        "Diluted NI Availto Com Stockholders": NaN,
        "Net Income Common Stockholders": NaN,
        "Otherunder Preferred Stock Dividend": 3691000000.0,
        "Net Income": NaN,
        "Minority Interests": -18574000000.0,
        "Net Income Including Noncontrolling Interests": NaN,
        "Net Income Continuous Operations": NaN,
        "Tax Provision": 102084000000.0,
        "Pretax Income": NaN,
        "Other Income Expense": 63183000000.0,
        "Other Non Operating Income Expenses": -574000000.0,
        "Special Income Charges": -7521000000.0,
        "Gain On Sale Of Ppe": 3949000000.0,
        "Other Special Charges": 5891000000.0,
        "Write Off": 11065000000.0,
        "Impairment Of Capital Assets": 405000000.0,
        "Earnings From Equity Interest": 8901000000.0,
        "Gain On Sale Of Security": 62377000000.0,
        "Net Non Operating Interest Income Expense": -86992000000.0,
        "Total Other Finance Cost": 10416000000.0,
        "Interest Expense Non Operating": 95846000000.0,
        "Interest Income Non Operating": 19270000000.0,
        "Operating Income": 463409000000.0,
        "Operating Expense": 3842974000000.0,
        "Other Operating Expenses": 3731506000000.0,
        "Other Taxes": 23567000000.0,
        "Depreciation Amortization Depletion Income Statement": 913651000000.0,
        "Depreciation And Amortization In Income Statement": 913651000000.0,
        "Research And Development": 87901000000.0,
        "Selling General And Administration": 681742000000.0,
        "Selling And Marketing Expense": 49159000000.0,
        "General And Administrative Expense": 632583000000.0,
        "Other Gand A": 8152000000.0,
        "Rent And Landing Fees": 33587000000.0,
        "Salaries And Wages": 590844000000.0,
        "Gross Profit": 3794966000000.0,
        "Cost Of Revenue": 511417000000.0,
        "Total Revenue": NaN,
        "Operating Revenue": NaN
    },
    "2023-09-30": {
        "Tax Effect Of Unusual Items": NaN,
        "Tax Rate For Calcs": NaN,
        "Normalized EBITDA": NaN,
        "Total Unusual Items": NaN,
        "Total Unusual Items Excluding Goodwill": NaN,
        "Net Income From Continuing Operation Net Minority Interest": NaN,
        "Reconciled Depreciation": NaN,
        "Reconciled Cost Of Revenue": NaN,
        "EBITDA": NaN,
        "EBIT": NaN,
        "Net Interest Income": NaN,
        "Interest Expense": NaN,
        "Interest Income": NaN,
        "Normalized Income": NaN,
        "Net Income From Continuing And Discontinued Operation": NaN,
        "Total Expenses": NaN,
        "Rent Expense Supplemental": NaN,
        "Total Operating Income As Reported": NaN,
        "Diluted Average Shares": 392368207.0,
        "Basic Average Shares": 392241568.0,
        "Diluted EPS": 746.475,
        "Basic EPS": 747.03,
        "Diluted NI Availto Com Stockholders": NaN,
        "Net Income Common Stockholders": NaN,
        "Otherunder Preferred Stock Dividend": NaN,
        "Net Income": NaN,
        "Minority Interests": NaN,
        "Net Income Including Noncontrolling Interests": NaN,
        "Net Income Continuous Operations": NaN,
        "Tax Provision": NaN,
        "Pretax Income": NaN,
        "Other Income Expense": NaN,
        "Other Non Operating Income Expenses": 1414000000.0,
        "Special Income Charges": NaN,
        "Gain On Sale Of Ppe": NaN,
        "Other Special Charges": NaN,
        "Write Off": NaN,
        "Impairment Of Capital Assets": NaN,
        "Earnings From Equity Interest": NaN,
        "Gain On Sale Of Security": NaN,
        "Net Non Operating Interest Income Expense": NaN,
        "Total Other Finance Cost": NaN,
        "Interest Expense Non Operating": NaN,
        "Interest Income Non Operating": NaN,
        "Operating Income": NaN,
        "Operating Expense": NaN,
        "Other Operating Expenses": NaN,
        "Other Taxes": NaN,
        "Depreciation Amortization Depletion Income Statement": NaN,
        "Depreciation And Amortization In Income Statement": NaN,
        "Research And Development": NaN,
        "Selling General And Administration": NaN,
        "Selling And Marketing Expense": NaN,
        "General And Administrative Expense": NaN,
        "Other Gand A": NaN,
        "Rent And Landing Fees": NaN,
        "Salaries And Wages": NaN,
        "Gross Profit": NaN,
        "Cost Of Revenue": NaN,
        "Total Revenue": NaN,
        "Operating Revenue": NaN
    },
    "2023-12-31": {
        "Tax Effect Of Unusual Items": NaN,
        "Tax Rate For Calcs": NaN,
        "Normalized EBITDA": NaN,
        "Total Unusual Items": -36769000000.0,
        "Total Unusual Items Excluding Goodwill": -36769000000.0,
        "Net Income From Continuing Operation Net Minority Interest": NaN,
        "Reconciled Depreciation": NaN,
        "Reconciled Cost Of Revenue": 585148000000.0,
        "EBITDA": NaN,
        "EBIT": NaN,
        "Net Interest Income": -81921000000.0,
        "Interest Expense": NaN,
        "Interest Income": NaN,
        "Normalized Income": NaN,
        "Net Income From Continuing And Discontinued Operation": NaN,
        "Total Expenses": NaN,
        "Rent Expense Supplemental": NaN,
        "Total Operating Income As Reported": NaN,
        "Diluted Average Shares": NaN,
        "Basic Average Shares": NaN,
        "Diluted EPS": NaN,
        "Basic EPS": NaN,
        "Diluted NI Availto Com Stockholders": NaN,
        "Net Income Common Stockholders": NaN,
        "Otherunder Preferred Stock Dividend": NaN,
        "Net Income": NaN,
        "Minority Interests": NaN,
        "Net Income Including Noncontrolling Interests": NaN,
        "Net Income Continuous Operations": NaN,
        "Tax Provision": NaN,
        "Pretax Income": NaN,
        "Other Income Expense": -28614000000.0,
        "Other Non Operating Income Expenses": NaN,
        "Special Income Charges": -33111000000.0,
        "Gain On Sale Of Ppe": NaN,
        "Other Special Charges": NaN,
        "Write Off": NaN,
        "Impairment Of Capital Assets": NaN,
        "Earnings From Equity Interest": NaN,
        "Gain On Sale Of Security": -3658000000.0,
        "Net Non Operating Interest Income Expense": -81921000000.0,
        "Total Other Finance Cost": NaN,
        "Interest Expense Non Operating": NaN,
        "Interest Income Non Operating": NaN,
        "Operating Income": NaN,
        "Operating Expense": NaN,
        "Other Operating Expenses": NaN,
        "Other Taxes": NaN,
        "Depreciation Amortization Depletion Income Statement": 906152000000.0,
        "Depreciation And Amortization In Income Statement": NaN,
        "Research And Development": NaN,
        "Selling General And Administration": 797953000000.0,
        "Selling And Marketing Expense": NaN,
        "General And Administrative Expense": 706477000000.0,
        "Other Gand A": 8039000000.0,
        "Rent And Landing Fees": NaN,
        "Salaries And Wages": NaN,
        "Gross Profit": 3907880000000.0,
        "Cost Of Revenue": 619411000000.0,
        "Total Revenue": NaN,
        "Operating Revenue": NaN
    },
    "2024-03-31": {
        "Tax Effect Of Unusual Items": NaN,
        "Tax Rate For Calcs": NaN,
        "Normalized EBITDA": NaN,
        "Total Unusual Items": 24067000000.0,
        "Total Unusual Items Excluding Goodwill": 24067000000.0,
        "Net Income From Continuing Operation Net Minority Interest": NaN,
        "Reconciled Depreciation": NaN,
        "Reconciled Cost Of Revenue": 537138000000.0,
        "EBITDA": NaN,
        "EBIT": NaN,
        "Net Interest Income": -97889000000.0,
        "Interest Expense": NaN,
        "Interest Income": NaN,
        "Normalized Income": NaN,
        "Net Income From Continuing And Discontinued Operation": NaN,
        "Total Expenses": NaN,
        "Rent Expense Supplemental": NaN,
        "Total Operating Income As Reported": NaN,
        "Diluted Average Shares": 383799928.0,
        "Basic Average Shares": 383305177.0,
        "Diluted EPS": 906.87,
        "Basic EPS": 907.98,
        "Diluted NI Availto Com Stockholders": NaN,
        "Net Income Common Stockholders": NaN,
        "Otherunder Preferred Stock Dividend": NaN,
        "Net Income": NaN,
        "Minority Interests": NaN,
        "Net Income Including Noncontrolling Interests": NaN,
        "Net Income Continuous Operations": NaN,
        "Tax Provision": NaN,
        "Pretax Income": NaN,
        "Other Income Expense": 26574000000.0,
        "Other Non Operating Income Expenses": -2399000000.0,
        "Special Income Charges": -12740000000.0,
        "Gain On Sale Of Ppe": NaN,
        "Other Special Charges": NaN,
        "Write Off": NaN,
        "Impairment Of Capital Assets": NaN,
        "Earnings From Equity Interest": NaN,
        "Gain On Sale Of Security": 36807000000.0,
        "Net Non Operating Interest Income Expense": -97889000000.0,
        "Total Other Finance Cost": 11676000000.0,
        "Interest Expense Non Operating": NaN,
        "Interest Income Non Operating": NaN,
        "Operating Income": NaN,
        "Operating Expense": NaN,
        "Other Operating Expenses": NaN,
        "Other Taxes": NaN,
        "Depreciation Amortization Depletion Income Statement": 897150000000.0,
        "Depreciation And Amortization In Income Statement": NaN,
        "Research And Development": NaN,
        "Selling General And Administration": 734945000000.0,
        "Selling And Marketing Expense": NaN,
        "General And Administrative Expense": 700203000000.0,
        "Other Gand A": 8272000000.0,
        "Rent And Landing Fees": NaN,
        "Salaries And Wages": NaN,
        "Gross Profit": 3903100000000.0,
        "Cost Of Revenue": 571511000000.0,
        "Total Revenue": NaN,
        "Operating Revenue": NaN
    },
    "2024-06-30": {
        "Tax Effect Of Unusual Items": 0.0,
        "Tax Rate For Calcs": 0.267667,
        "Normalized EBITDA": 1495555000000.0,
        "Total Unusual Items": NaN,
        "Total Unusual Items Excluding Goodwill": NaN,
        "Net Income From Continuing Operation Net Minority Interest": 337406000000.0,
        "Reconciled Depreciation": 918311000000.0,
        "Reconciled Cost Of Revenue": NaN,
        "EBITDA": 1495555000000.0,
        "EBIT": 577244000000.0,
        "Net Interest Income": NaN,
        "Interest Expense": 99082000000.0,
        "Interest Income": 20634000000.0,
        "Normalized Income": 337406000000.0,
        "Net Income From Continuing And Discontinued Operation": 337406000000.0,
        "Total Expenses": 3884851000000.0,
        "Rent Expense Supplemental": 32721000000.0,
        "Total Operating Income As Reported": 537508000000.0,
        "Diluted Average Shares": 384016250.0,
        "Basic Average Shares": 383575959.0,
        "Diluted EPS": 865.8,
        "Basic EPS": 866.91,
        "Diluted NI Availto Com Stockholders": 332456000000.0,
        "Net Income Common Stockholders": 332456000000.0,
        "Otherunder Preferred Stock Dividend": 4950000000.0,
        "Net Income": 337406000000.0,
        "Minority Interests": -12768000000.0,
        "Net Income Including Noncontrolling Interests": 350174000000.0,
        "Net Income Continuous Operations": 350174000000.0,
        "Tax Provision": 127988000000.0,
        "Pretax Income": 478162000000.0,
        "Other Income Expense": NaN,
        "Other Non Operating Income Expenses": NaN,
        "Special Income Charges": NaN,
        "Gain On Sale Of Ppe": 1747000000.0,
        "Other Special Charges": NaN,
        "Write Off": 11909000000.0,
        "Impairment Of Capital Assets": 2000000.0,
        "Earnings From Equity Interest": 10519000000.0,
        "Gain On Sale Of Security": NaN,
        "Net Non Operating Interest Income Expense": NaN,
        "Total Other Finance Cost": NaN,
        "Interest Expense Non Operating": 99082000000.0,
        "Interest Income Non Operating": 20634000000.0,
        "Operating Income": 537508000000.0,
        "Operating Expense": 3884851000000.0,
        "Other Operating Expenses": 3764061000000.0,
        "Other Taxes": 23308000000.0,
        "Depreciation Amortization Depletion Income Statement": NaN,
        "Depreciation And Amortization In Income Statement": 883838000000.0,
        "Research And Development": 97482000000.0,
        "Selling General And Administration": NaN,
        "Selling And Marketing Expense": 36321000000.0,
        "General And Administrative Expense": NaN,
        "Other Gand A": NaN,
        "Rent And Landing Fees": 32721000000.0,
        "Salaries And Wages": 624002000000.0,
        "Gross Profit": NaN,
        "Cost Of Revenue": NaN,
        "Total Revenue": 4422359000000.0,
        "Operating Revenue": 4422359000000.0
    },
    "2024-09-30": {
        "Tax Effect Of Unusual Items": -26070019570.694954,
        "Tax Rate For Calcs": 0.231824,
        "Normalized EBITDA": 1496707000000.0,
        "Total Unusual Items": -112456000000.0,
        "Total Unusual Items Excluding Goodwill": -112456000000.0,
        "Net Income From Continuing Operation Net Minority Interest": 268905000000.0,
        "Reconciled Depreciation": 922052000000.0,
        "Reconciled Cost Of Revenue": 570135000000.0,
        "EBITDA": 1384251000000.0,
        "EBIT": 462199000000.0,
        "Net Interest Income": -77088000000.0,
        "Interest Expense": 97470000000.0,
        "Interest Income": 20382000000.0,
        "Normalized Income": 355290980429.30505,
        "Net Income From Continuing And Discontinued Operation": 268905000000.0,
        "Total Expenses": 3989725000000.0,
        "Rent Expense Supplemental": 36591000000.0,
        "Total Operating Income As Reported": 533263000000.0,
        "Diluted Average Shares": 384647575.0,
        "Basic Average Shares": 383578995.0,
        "Diluted EPS": 685.98,
        "Basic EPS": 688.2,
        "Diluted NI Availto Com Stockholders": 263955000000.0,
        "Net Income Common Stockholders": 263955000000.0,
        "Otherunder Preferred Stock Dividend": 4950000000.0,
        "Net Income": 268905000000.0,
        "Minority Interests": -11271000000.0,
        "Net Income Including Noncontrolling Interests": 280176000000.0,
        "Net Income Continuous Operations": 280176000000.0,
        "Tax Provision": 84553000000.0,
        "Pretax Income": 364729000000.0,
        "Other Income Expense": -100576000000.0,
        "Other Non Operating Income Expenses": 2620000000.0,
        "Special Income Charges": -18527000000.0,
        "Gain On Sale Of Ppe": -8814000000.0,
        "Other Special Charges": NaN,
        "Write Off": 9713000000.0,
        "Impairment Of Capital Assets": 0.0,
        "Earnings From Equity Interest": 9260000000.0,
        "Gain On Sale Of Security": -93929000000.0,
        "Net Non Operating Interest Income Expense": -77088000000.0,
        "Total Other Finance Cost": NaN,
        "Interest Expense Non Operating": 97470000000.0,
        "Interest Income Non Operating": 20382000000.0,
        "Operating Income": 542393000000.0,
        "Operating Expense": 3384798000000.0,
        "Other Operating Expenses": 1659641000000.0,
        "Other Taxes": 4419000000.0,
        "Depreciation Amortization Depletion Income Statement": 887260000000.0,
        "Depreciation And Amortization In Income Statement": 887260000000.0,
        "Research And Development": 102404000000.0,
        "Selling General And Administration": 731074000000.0,
        "Selling And Marketing Expense": 46685000000.0,
        "General And Administrative Expense": 684389000000.0,
        "Other Gand A": 8428000000.0,
        "Rent And Landing Fees": 36591000000.0,
        "Salaries And Wages": 639370000000.0,
        "Gross Profit": 3927191000000.0,
        "Cost Of Revenue": 604927000000.0,
        "Total Revenue": 4532118000000.0,
        "Operating Revenue": 4532118000000.0
    },
    "2024-12-31": {
        "Tax Effect Of Unusual Items": 5424706453.697642,
        "Tax Rate For Calcs": 0.174271,
        "Normalized EBITDA": 1476550000000.0,
        "Total Unusual Items": 31128000000.0,
        "Total Unusual Items Excluding Goodwill": 31128000000.0,
        "Net Income From Continuing Operation Net Minority Interest": 290858000000.0,
        "Reconciled Depreciation": 928004000000.0,
        "Reconciled Cost Of Revenue": 546885000000.0,
        "EBITDA": 1507678000000.0,
        "EBIT": 579674000000.0,
        "Net Interest Income": -74135000000.0,
        "Interest Expense": 101545000000.0,
        "Interest Income": 27410000000.0,
        "Normalized Income": 265154706453.69763,
        "Net Income From Continuing And Discontinued Operation": 290858000000.0,
        "Total Expenses": 4278315000000.0,
        "Rent Expense Supplemental": 36127000000.0,
        "Total Operating Income As Reported": 121602000000.0,
        "Diluted Average Shares": NaN,
        "Basic Average Shares": NaN,
        "Diluted EPS": NaN,
        "Basic EPS": NaN,
        "Diluted NI Availto Com Stockholders": 285908000000.0,
        "Net Income Common Stockholders": 285908000000.0,
        "Otherunder Preferred Stock Dividend": 4950000000.0,
        "Net Income": 290858000000.0,
        "Minority Interests": -103947000000.0,
        "Net Income Including Noncontrolling Interests": 394805000000.0,
        "Net Income Continuous Operations": 394805000000.0,
        "Tax Provision": 83324000000.0,
        "Pretax Income": 478129000000.0,
        "Other Income Expense": 319058000000.0,
        "Other Non Operating Income Expenses": NaN,
        "Special Income Charges": -82787000000.0,
        "Gain On Sale Of Ppe": 45791000000.0,
        "Other Special Charges": NaN,
        "Write Off": 18132000000.0,
        "Impairment Of Capital Assets": 94734000000.0,
        "Earnings From Equity Interest": 297102000000.0,
        "Gain On Sale Of Security": 113915000000.0,
        "Net Non Operating Interest Income Expense": -74135000000.0,
        "Total Other Finance Cost": NaN,
        "Interest Expense Non Operating": 101545000000.0,
        "Interest Income Non Operating": 27410000000.0,
        "Operating Income": 233206000000.0,
        "Operating Expense": 3695552000000.0,
        "Other Operating Expenses": 1791233000000.0,
        "Other Taxes": 7531000000.0,
        "Depreciation Amortization Depletion Income Statement": 892126000000.0,
        "Depreciation And Amortization In Income Statement": 892126000000.0,
        "Research And Development": 89265000000.0,
        "Selling General And Administration": 915397000000.0,
        "Selling And Marketing Expense": 68592000000.0,
        "General And Administrative Expense": 846805000000.0,
        "Other Gand A": 8902000000.0,
        "Rent And Landing Fees": 36127000000.0,
        "Salaries And Wages": 801776000000.0,
        "Gross Profit": 3928758000000.0,
        "Cost Of Revenue": 582763000000.0,
        "Total Revenue": 4511521000000.0,
        "Operating Revenue": 4511521000000.0
    },
    "2025-03-31": {
        "Tax Effect Of Unusual Items": 3982856048.672915,
        "Tax Rate For Calcs": 0.28807,
        "Normalized EBITDA": 1488645000000.0,
        "Total Unusual Items": 13826000000.0,
        "Total Unusual Items Excluding Goodwill": 13826000000.0,
        "Net Income From Continuing Operation Net Minority Interest": 364422000000.0,
        "Reconciled Depreciation": 896962000000.0,
        "Reconciled Cost Of Revenue": 530086000000.0,
        "EBITDA": 1502471000000.0,
        "EBIT": 605509000000.0,
        "Net Interest Income": -84000000000.0,
        "Interest Expense": 97629000000.0,
        "Interest Income": 18572000000.0,
        "Normalized Income": 354578856048.6729,
        "Net Income From Continuing And Discontinued Operation": 364422000000.0,
        "Total Expenses": 3878831000000.0,
        "Rent Expense Supplemental": 35683000000.0,
        "Total Operating Income As Reported": 567384000000.0,
        "Diluted Average Shares": 384603757.0,
        "Basic Average Shares": 383578995.0,
        "Diluted EPS": 934.62,
        "Basic EPS": 937.395,
        "Diluted NI Availto Com Stockholders": 359472000000.0,
        "Net Income Common Stockholders": 359472000000.0,
        "Otherunder Preferred Stock Dividend": 4950000000.0,
        "Net Income": 364422000000.0,
        "Minority Interests": 2847000000.0,
        "Net Income Including Noncontrolling Interests": 361575000000.0,
        "Net Income Continuous Operations": 361575000000.0,
        "Tax Provision": 146305000000.0,
        "Pretax Income": 507880000000.0,
        "Other Income Expense": 16994000000.0,
        "Other Non Operating Income Expenses": 3036000000.0,
        "Special Income Charges": -3653000000.0,
        "Gain On Sale Of Ppe": 5544000000.0,
        "Other Special Charges": 478000000.0,
        "Write Off": 8360000000.0,
        "Impairment Of Capital Assets": 359000000.0,
        "Earnings From Equity Interest": 132000000.0,
        "Gain On Sale Of Security": 17479000000.0,
        "Net Non Operating Interest Income Expense": -84000000000.0,
        "Total Other Finance Cost": 4943000000.0,
        "Interest Expense Non Operating": 97629000000.0,
        "Interest Income Non Operating": 18572000000.0,
        "Operating Income": 574886000000.0,
        "Operating Expense": 3318974000000.0,
        "Other Operating Expenses": 1600011000000.0,
        "Other Taxes": 12865000000.0,
        "Depreciation Amortization Depletion Income Statement": 867191000000.0,
        "Depreciation And Amortization In Income Statement": 867191000000.0,
        "Research And Development": 89912000000.0,
        "Selling General And Administration": 748995000000.0,
        "Selling And Marketing Expense": 33924000000.0,
        "General And Administrative Expense": 715071000000.0,
        "Other Gand A": 7787000000.0,
        "Rent And Landing Fees": 35683000000.0,
        "Salaries And Wages": 671601000000.0,
        "Gross Profit": 3893860000000.0,
        "Cost Of Revenue": 559857000000.0,
        "Total Revenue": 4453717000000.0,
        "Operating Revenue": 4453717000000.0
    },
    "2025-06-30": {
        "Tax Effect Of Unusual Items": 0.0,
        "Tax Rate For Calcs": 0.24,
        "Normalized EBITDA": 1230377000000.0,
        "Total Unusual Items": NaN,
        "Total Unusual Items Excluding Goodwill": NaN,
        "Net Income From Continuing Operation Net Minority Interest": 89638000000.0,
        "Reconciled Depreciation": 894969000000.0,
        "Reconciled Cost Of Revenue": NaN,
        "EBITDA": 1230377000000.0,
        "EBIT": 335408000000.0,
        "Net Interest Income": NaN,
        "Interest Expense": 95017000000.0,
        "Interest Income": 19891000000.0,
        "Normalized Income": 89638000000.0,
        "Net Income From Continuing And Discontinued Operation": 89638000000.0,
        "Total Expenses": 4000500000000.0,
        "Rent Expense Supplemental": 35649000000.0,
        "Total Operating Income As Reported": 338260000000.0,
        "Diluted Average Shares": 384320016.0,
        "Basic Average Shares": 383711668.0,
        "Diluted EPS": 220.335,
        "Basic EPS": 220.89,
        "Diluted NI Availto Com Stockholders": 84688000000.0,
        "Net Income Common Stockholders": 84688000000.0,
        "Otherunder Preferred Stock Dividend": 4950000000.0,
        "Net Income": 89638000000.0,
        "Minority Interests": 6391000000.0,
        "Net Income Including Noncontrolling Interests": 83247000000.0,
        "Net Income Continuous Operations": 83247000000.0,
        "Tax Provision": 157144000000.0,
        "Pretax Income": 240391000000.0,
        "Other Income Expense": NaN,
        "Other Non Operating Income Expenses": NaN,
        "Special Income Charges": NaN,
        "Gain On Sale Of Ppe": 1904000000.0,
        "Other Special Charges": NaN,
        "Write Off": 14835000000.0,
        "Impairment Of Capital Assets": 0.0,
        "Earnings From Equity Interest": -5419000000.0,
        "Gain On Sale Of Security": NaN,
        "Net Non Operating Interest Income Expense": NaN,
        "Total Other Finance Cost": NaN,
        "Interest Expense Non Operating": 95017000000.0,
        "Interest Income Non Operating": 19891000000.0,
        "Operating Income": 338260000000.0,
        "Operating Expense": 4000500000000.0,
        "Other Operating Expenses": 3895056000000.0,
        "Other Taxes": 25399000000.0,
        "Depreciation Amortization Depletion Income Statement": NaN,
        "Depreciation And Amortization In Income Statement": 865244000000.0,
        "Research And Development": 80045000000.0,
        "Selling General And Administration": NaN,
        "Selling And Marketing Expense": 34548000000.0,
        "General And Administrative Expense": NaN,
        "Other Gand A": NaN,
        "Rent And Landing Fees": 35649000000.0,
        "Salaries And Wages": 594214000000.0,
        "Gross Profit": NaN,
        "Cost Of Revenue": NaN,
        "Total Revenue": 4338760000000.0,
        "Operating Revenue": 4338760000000.0
    }
}