{
    "2023-12-31": {
        "Tax Effect Of Unusual Items": NaN,
        "Tax Rate For Calcs": NaN,
        "Normalized EBITDA": NaN,
        "Total Unusual Items": NaN,
        "Total Unusual Items Excluding Goodwill": NaN,
        "Net Income From Continuing Operation Net Minority Interest": NaN,
        "Reconciled Depreciation": NaN,
        "Reconciled Cost Of Revenue": NaN,
        "EBITDA": NaN,
        "EBIT": NaN,
        "Net Interest Income": NaN,
        "Interest Expense": NaN,
        "Normalized Income": NaN,
        "Net Income From Continuing And Discontinued Operation": NaN,
        "Total Expenses": NaN,
        "Rent Expense Supplemental": NaN,
        "Total Operating Income As Reported": NaN,
        "Diluted Average Shares": NaN,
        "Basic Average Shares": NaN,
        "Diluted EPS": NaN,
        "Basic EPS": NaN,
        "Diluted NI Availto Com Stockholders": NaN,
        "Net Income Common Stockholders": NaN,
        "Net Income": NaN,
        "Minority Interests": NaN,
        "Net Income Including Noncontrolling Interests": NaN,
        "Net Income Continuous Operations": NaN,
        "Pretax Income": NaN,
        "Other Income Expense": NaN,
        "Other Non Operating Income Expenses": NaN,
        "Special Income Charges": 0.0,
        "Impairment Of Capital Assets": 0.0,
        "Gain On Sale Of Security": NaN,
        "Net Non Operating Interest Income Expense": NaN,
        "Interest Expense Non Operating": NaN,
        "Operating Income": NaN,
        "Operating Expense": NaN,
        "Other Operating Expenses": NaN,
        "Depreciation Amortization Depletion Income Statement": NaN,
        "Depreciation And Amortization In Income Statement": NaN,
        "Depreciation Income Statement": 628000.0,
        "Selling General And Administration": NaN,
        "Selling And Marketing Expense": NaN,
        "General And Administrative Expense": NaN,
        "Other Gand A": NaN,
        "Salaries And Wages": NaN,
        "Gross Profit": NaN,
        "Cost Of Revenue": NaN,
        "Total Revenue": NaN,
        "Operating Revenue": NaN
    },
    "2023-09-30": {
        "Tax Effect Of Unusual Items": NaN,
        "Tax Rate For Calcs": NaN,
        "Normalized EBITDA": NaN,
        "Total Unusual Items": NaN,
        "Total Unusual Items Excluding Goodwill": NaN,
        "Net Income From Continuing Operation Net Minority Interest": NaN,
        "Reconciled Depreciation": NaN,
        "Reconciled Cost Of Revenue": NaN,
        "EBITDA": NaN,
        "EBIT": NaN,
        "Net Interest Income": NaN,
        "Interest Expense": NaN,
        "Normalized Income": NaN,
        "Net Income From Continuing And Discontinued Operation": NaN,
        "Total Expenses": NaN,
        "Rent Expense Supplemental": NaN,
        "Total Operating Income As Reported": NaN,
        "Diluted Average Shares": 15245000.0,
        "Basic Average Shares": 15245000.0,
        "Diluted EPS": -0.01,
        "Basic EPS": -0.01,
        "Diluted NI Availto Com Stockholders": NaN,
        "Net Income Common Stockholders": NaN,
        "Net Income": NaN,
        "Minority Interests": NaN,
        "Net Income Including Noncontrolling Interests": NaN,
        "Net Income Continuous Operations": NaN,
        "Pretax Income": NaN,
        "Other Income Expense": NaN,
        "Other Non Operating Income Expenses": NaN,
        "Special Income Charges": 0.0,
        "Impairment Of Capital Assets": 0.0,
        "Gain On Sale Of Security": NaN,
        "Net Non Operating Interest Income Expense": NaN,
        "Interest Expense Non Operating": NaN,
        "Operating Income": NaN,
        "Operating Expense": NaN,
        "Other Operating Expenses": NaN,
        "Depreciation Amortization Depletion Income Statement": NaN,
        "Depreciation And Amortization In Income Statement": NaN,
        "Depreciation Income Statement": 670000.0,
        "Selling General And Administration": NaN,
        "Selling And Marketing Expense": NaN,
        "General And Administrative Expense": NaN,
        "Other Gand A": NaN,
        "Salaries And Wages": NaN,
        "Gross Profit": NaN,
        "Cost Of Revenue": NaN,
        "Total Revenue": NaN,
        "Operating Revenue": NaN
    },
    "2023-06-30": {
        "Tax Effect Of Unusual Items": NaN,
        "Tax Rate For Calcs": NaN,
        "Normalized EBITDA": NaN,
        "Total Unusual Items": NaN,
        "Total Unusual Items Excluding Goodwill": NaN,
        "Net Income From Continuing Operation Net Minority Interest": NaN,
        "Reconciled Depreciation": NaN,
        "EBITDA": NaN,
        "EBIT": NaN,
        "Net Interest Income": NaN,
        "Interest Expense": NaN,
        "Normalized Income": NaN,
        "Net Income From Continuing And Discontinued Operation": NaN,
        "Total Expenses": NaN,
        "Total Operating Income As Reported": -4246000.0,
        "Diluted Average Shares": 57213000.0,
        "Basic Average Shares": 15167000.0,
        "Diluted EPS": 0.013598,
        "Basic EPS": 0.05,
        "Diluted NI Availto Com Stockholders": NaN,
        "Net Income Common Stockholders": NaN,
        "Net Income": NaN,
        "Minority Interests": NaN,
        "Net Income Including Noncontrolling Interests": NaN,
        "Net Income Continuous Operations": NaN,
        "Pretax Income": NaN,
        "Other Income Expense": NaN,
        "Other Non Operating Income Expenses": NaN,
        "Special Income Charges": 0.0,
        "Impairment Of Capital Assets": 0.0,
        "Gain On Sale Of Security": 2613000.0,
        "Net Non Operating Interest Income Expense": NaN,
        "Interest Expense Non Operating": NaN,
        "Operating Income": NaN,
        "Operating Expense": NaN,
        "Other Operating Expenses": NaN,
        "Depreciation Amortization Depletion Income Statement": NaN,
        "Depreciation And Amortization In Income Statement": NaN,
        "Depreciation Income Statement": NaN,
        "Selling General And Administration": NaN,
        "General And Administrative Expense": NaN,
        "Other Gand A": NaN,
        "Total Revenue": NaN,
        "Operating Revenue": NaN
    },
    "2023-03-31": {
        "Tax Effect Of Unusual Items": NaN,
        "Tax Rate For Calcs": NaN,
        "Normalized EBITDA": NaN,
        "Total Unusual Items": NaN,
        "Total Unusual Items Excluding Goodwill": NaN,
        "Net Income From Continuing Operation Net Minority Interest": NaN,
        "Reconciled Depreciation": NaN,
        "EBITDA": NaN,
        "EBIT": NaN,
        "Net Interest Income": NaN,
        "Interest Expense": NaN,
        "Normalized Income": NaN,
        "Net Income From Continuing And Discontinued Operation": NaN,
        "Total Expenses": NaN,
        "Total Operating Income As Reported": -4684000.0,
        "Diluted Average Shares": 14983000.0,
        "Basic Average Shares": 14983000.0,
        "Diluted EPS": -0.41,
        "Basic EPS": -0.41,
        "Diluted NI Availto Com Stockholders": NaN,
        "Net Income Common Stockholders": NaN,
        "Net Income": NaN,
        "Minority Interests": NaN,
        "Net Income Including Noncontrolling Interests": NaN,
        "Net Income Continuous Operations": NaN,
        "Pretax Income": NaN,
        "Other Income Expense": NaN,
        "Other Non Operating Income Expenses": NaN,
        "Special Income Charges": NaN,
        "Impairment Of Capital Assets": NaN,
        "Gain On Sale Of Security": -4210000.0,
        "Net Non Operating Interest Income Expense": NaN,
        "Interest Expense Non Operating": NaN,
        "Operating Income": NaN,
        "Operating Expense": NaN,
        "Other Operating Expenses": NaN,
        "Depreciation Amortization Depletion Income Statement": NaN,
        "Depreciation And Amortization In Income Statement": NaN,
        "Depreciation Income Statement": NaN,
        "Selling General And Administration": NaN,
        "General And Administrative Expense": NaN,
        "Other Gand A": NaN,
        "Total Revenue": NaN,
        "Operating Revenue": NaN
    },
    "2024-03-31": {
        "Tax Effect Of Unusual Items": NaN,
        "Tax Rate For Calcs": NaN,
        "Normalized EBITDA": NaN,
        "Total Unusual Items": NaN,
        "Total Unusual Items Excluding Goodwill": NaN,
        "Net Income From Continuing Operation Net Minority Interest": NaN,
        "Reconciled Depreciation": NaN,
        "Reconciled Cost Of Revenue": 1304000.0,
        "EBITDA": NaN,
        "EBIT": NaN,
        "Net Interest Income": NaN,
        "Interest Expense": NaN,
        "Normalized Income": NaN,
        "Net Income From Continuing And Discontinued Operation": NaN,
        "Total Expenses": NaN,
        "Rent Expense Supplemental": 1231000.0,
        "Total Operating Income As Reported": NaN,
        "Diluted Average Shares": 24274000.0,
        "Basic Average Shares": 24274000.0,
        "Diluted EPS": -0.78,
        "Basic EPS": -0.78,
        "Diluted NI Availto Com Stockholders": NaN,
        "Net Income Common Stockholders": NaN,
        "Net Income": NaN,
        "Minority Interests": NaN,
        "Net Income Including Noncontrolling Interests": NaN,
        "Net Income Continuous Operations": NaN,
        "Pretax Income": NaN,
        "Other Income Expense": NaN,
        "Other Non Operating Income Expenses": NaN,
        "Gain On Sale Of Security": NaN,
        "Net Non Operating Interest Income Expense": NaN,
        "Interest Expense Non Operating": NaN,
        "Operating Income": NaN,
        "Operating Expense": NaN,
        "Other Operating Expenses": NaN,
        "Depreciation Amortization Depletion Income Statement": NaN,
        "Depreciation And Amortization In Income Statement": NaN,
        "Depreciation Income Statement": 629000.0,
        "Selling General And Administration": NaN,
        "Selling And Marketing Expense": 354000.0,
        "General And Administrative Expense": NaN,
        "Other Gand A": NaN,
        "Salaries And Wages": 3592000.0,
        "Gross Profit": 1100000.0,
        "Cost Of Revenue": 1304000.0,
        "Total Revenue": NaN,
        "Operating Revenue": NaN
    },
    "2022-12-31": {
        "Tax Effect Of Unusual Items": NaN,
        "Tax Rate For Calcs": NaN,
        "Normalized EBITDA": NaN,
        "Total Unusual Items": NaN,
        "Total Unusual Items Excluding Goodwill": NaN,
        "Net Income From Continuing Operation Net Minority Interest": NaN,
        "Reconciled Depreciation": NaN,
        "EBITDA": NaN,
        "EBIT": NaN,
        "Net Interest Income": NaN,
        "Interest Expense": NaN,
        "Normalized Income": NaN,
        "Net Income From Continuing And Discontinued Operation": NaN,
        "Total Expenses": NaN,
        "Total Operating Income As Reported": NaN,
        "Diluted Average Shares": NaN,
        "Basic Average Shares": NaN,
        "Diluted EPS": NaN,
        "Basic EPS": NaN,
        "Diluted NI Availto Com Stockholders": NaN,
        "Net Income Common Stockholders": NaN,
        "Net Income": NaN,
        "Minority Interests": NaN,
        "Net Income Including Noncontrolling Interests": NaN,
        "Net Income Continuous Operations": NaN,
        "Pretax Income": NaN,
        "Other Income Expense": NaN,
        "Other Non Operating Income Expenses": NaN,
        "Special Income Charges": 0.0,
        "Impairment Of Capital Assets": 0.0,
        "Gain On Sale Of Security": NaN,
        "Net Non Operating Interest Income Expense": NaN,
        "Interest Expense Non Operating": NaN,
        "Operating Income": NaN,
        "Operating Expense": NaN,
        "Other Operating Expenses": NaN,
        "Depreciation Amortization Depletion Income Statement": NaN,
        "Depreciation And Amortization In Income Statement": NaN,
        "Depreciation Income Statement": NaN,
        "Selling General And Administration": NaN,
        "General And Administrative Expense": NaN,
        "Other Gand A": NaN,
        "Total Revenue": NaN,
        "Operating Revenue": NaN
    },
    "2022-09-30": {
        "Tax Effect Of Unusual Items": NaN,
        "Tax Rate For Calcs": NaN,
        "Normalized EBITDA": NaN,
        "Total Unusual Items": NaN,
        "Total Unusual Items Excluding Goodwill": NaN,
        "Net Income From Continuing Operation Net Minority Interest": NaN,
        "Reconciled Depreciation": NaN,
        "EBITDA": NaN,
        "EBIT": NaN,
        "Net Interest Income": NaN,
        "Interest Expense": NaN,
        "Normalized Income": NaN,
        "Net Income From Continuing And Discontinued Operation": NaN,
        "Total Expenses": NaN,
        "Total Operating Income As Reported": -4544000.0,
        "Diluted Average Shares": 14949000.0,
        "Basic Average Shares": 14949000.0,
        "Diluted EPS": -0.04,
        "Basic EPS": -0.04,
        "Diluted NI Availto Com Stockholders": NaN,
        "Net Income Common Stockholders": NaN,
        "Net Income": NaN,
        "Minority Interests": NaN,
        "Net Income Including Noncontrolling Interests": NaN,
        "Net Income Continuous Operations": NaN,
        "Pretax Income": NaN,
        "Other Income Expense": NaN,
        "Other Non Operating Income Expenses": NaN,
        "Special Income Charges": 0.0,
        "Impairment Of Capital Assets": 0.0,
        "Gain On Sale Of Security": NaN,
        "Net Non Operating Interest Income Expense": NaN,
        "Interest Expense Non Operating": NaN,
        "Operating Income": NaN,
        "Operating Expense": NaN,
        "Other Operating Expenses": NaN,
        "Depreciation Amortization Depletion Income Statement": NaN,
        "Depreciation And Amortization In Income Statement": NaN,
        "Depreciation Income Statement": NaN,
        "Selling General And Administration": NaN,
        "General And Administrative Expense": NaN,
        "Other Gand A": NaN,
        "Total Revenue": NaN,
        "Operating Revenue": NaN
    },
    "2024-06-30": {
        "Tax Effect Of Unusual Items": 1725990.0,
        "Tax Rate For Calcs": 0.21,
        "Normalized EBITDA": -3227000.0,
        "Total Unusual Items": 8219000.0,
        "Total Unusual Items Excluding Goodwill": 8219000.0,
        "Net Income From Continuing Operation Net Minority Interest": 5761000.0,
        "Reconciled Depreciation": 642000.0,
        "Reconciled Cost Of Revenue": 2335000.0,
        "EBITDA": 4992000.0,
        "EBIT": 4350000.0,
        "Net Interest Income": -187000.0,
        "Interest Expense": 187000.0,
        "Normalized Income": -732010.0,
        "Net Income From Continuing And Discontinued Operation": 5761000.0,
        "Total Expenses": 8576000.0,
        "Rent Expense Supplemental": 2253000.0,
        "Total Operating Income As Reported": -4958000.0,
        "Diluted Average Shares": 69534000.0,
        "Basic Average Shares": 24734000.0,
        "Diluted EPS": 0.06,
        "Basic EPS": 0.23,
        "Diluted NI Availto Com Stockholders": 5761000.0,
        "Net Income Common Stockholders": 5761000.0,
        "Net Income": 5761000.0,
        "Minority Interests": 1598000.0,
        "Net Income Including Noncontrolling Interests": 4163000.0,
        "Net Income Continuous Operations": 4163000.0,
        "Pretax Income": 4163000.0,
        "Other Income Expense": 9308000.0,
        "Other Non Operating Income Expenses": 1089000.0,
        "Gain On Sale Of Security": 8219000.0,
        "Net Non Operating Interest Income Expense": -187000.0,
        "Interest Expense Non Operating": 187000.0,
        "Operating Income": -4958000.0,
        "Operating Expense": 6241000.0,
        "Other Operating Expenses": 1004000.0,
        "Depreciation Amortization Depletion Income Statement": 642000.0,
        "Depreciation And Amortization In Income Statement": 642000.0,
        "Depreciation Income Statement": 642000.0,
        "Selling General And Administration": 4595000.0,
        "Selling And Marketing Expense": 373000.0,
        "General And Administrative Expense": 4222000.0,
        "Other Gand A": 807000.0,
        "Salaries And Wages": 3415000.0,
        "Gross Profit": 1283000.0,
        "Cost Of Revenue": 2335000.0,
        "Total Revenue": 3618000.0,
        "Operating Revenue": 3618000.0
    },
    "2024-09-30": {
        "Tax Effect Of Unusual Items": 0.0,
        "Tax Rate For Calcs": 0.0,
        "Normalized EBITDA": -3915000.0,
        "Total Unusual Items": -15961000.0,
        "Total Unusual Items Excluding Goodwill": -15961000.0,
        "Net Income From Continuing Operation Net Minority Interest": -18554000.0,
        "Reconciled Depreciation": 646000.0,
        "Reconciled Cost Of Revenue": NaN,
        "EBITDA": -19876000.0,
        "EBIT": -20522000.0,
        "Net Interest Income": -177000.0,
        "Interest Expense": 177000.0,
        "Normalized Income": -2593000.0,
        "Net Income From Continuing And Discontinued Operation": -18554000.0,
        "Total Expenses": 8961000.0,
        "Rent Expense Supplemental": NaN,
        "Total Operating Income As Reported": -4864000.0,
        "Diluted Average Shares": 25055000.0,
        "Basic Average Shares": 25055000.0,
        "Diluted EPS": -0.74,
        "Basic EPS": -0.74,
        "Diluted NI Availto Com Stockholders": -18554000.0,
        "Net Income Common Stockholders": -18554000.0,
        "Net Income": -18554000.0,
        "Minority Interests": 2145000.0,
        "Net Income Including Noncontrolling Interests": -20699000.0,
        "Net Income Continuous Operations": -20699000.0,
        "Pretax Income": -20699000.0,
        "Other Income Expense": -15658000.0,
        "Other Non Operating Income Expenses": 303000.0,
        "Gain On Sale Of Security": -15961000.0,
        "Net Non Operating Interest Income Expense": -177000.0,
        "Interest Expense Non Operating": 177000.0,
        "Operating Income": -4864000.0,
        "Operating Expense": 8961000.0,
        "Other Operating Expenses": 3681000.0,
        "Depreciation Amortization Depletion Income Statement": 646000.0,
        "Depreciation And Amortization In Income Statement": 646000.0,
        "Depreciation Income Statement": 646000.0,
        "Selling General And Administration": 4634000.0,
        "Selling And Marketing Expense": NaN,
        "General And Administrative Expense": 4634000.0,
        "Other Gand A": 4634000.0,
        "Salaries And Wages": NaN,
        "Gross Profit": NaN,
        "Cost Of Revenue": NaN,
        "Total Revenue": 4097000.0,
        "Operating Revenue": 4097000.0
    },
    "2024-12-31": {
        "Tax Effect Of Unusual Items": 0.0,
        "Tax Rate For Calcs": 0.0,
        "Normalized EBITDA": -4417000.0,
        "Total Unusual Items": -10585000.0,
        "Total Unusual Items Excluding Goodwill": -10585000.0,
        "Net Income From Continuing Operation Net Minority Interest": -13499000.0,
        "Reconciled Depreciation": 789000.0,
        "Reconciled Cost Of Revenue": NaN,
        "EBITDA": -15002000.0,
        "EBIT": -15791000.0,
        "Net Interest Income": -157000.0,
        "Interest Expense": 157000.0,
        "Normalized Income": -2914000.0,
        "Net Income From Continuing And Discontinued Operation": -13499000.0,
        "Total Expenses": 10010000.0,
        "Rent Expense Supplemental": NaN,
        "Total Operating Income As Reported": -5368000.0,
        "Diluted Average Shares": NaN,
        "Basic Average Shares": NaN,
        "Diluted EPS": NaN,
        "Basic EPS": NaN,
        "Diluted NI Availto Com Stockholders": -13499000.0,
        "Net Income Common Stockholders": -13499000.0,
        "Net Income": -13499000.0,
        "Minority Interests": 2449000.0,
        "Net Income Including Noncontrolling Interests": -15948000.0,
        "Net Income Continuous Operations": -15948000.0,
        "Pretax Income": -15948000.0,
        "Other Income Expense": -10423000.0,
        "Other Non Operating Income Expenses": 162000.0,
        "Gain On Sale Of Security": -10585000.0,
        "Net Non Operating Interest Income Expense": -157000.0,
        "Interest Expense Non Operating": 157000.0,
        "Operating Income": -5368000.0,
        "Operating Expense": 891000.0,
        "Other Operating Expenses": -5150000.0,
        "Depreciation Amortization Depletion Income Statement": 789000.0,
        "Depreciation And Amortization In Income Statement": 789000.0,
        "Depreciation Income Statement": NaN,
        "Selling General And Administration": 5252000.0,
        "Selling And Marketing Expense": NaN,
        "General And Administrative Expense": 3225000.0,
        "Other Gand A": -10657000.0,
        "Salaries And Wages": NaN,
        "Gross Profit": NaN,
        "Cost Of Revenue": NaN,
        "Total Revenue": 4642000.0,
        "Operating Revenue": 4642000.0
    },
    "2025-03-31": {
        "Tax Effect Of Unusual Items": 0.0,
        "Tax Rate For Calcs": 0.0,
        "Normalized EBITDA": -5361000.0,
        "Total Unusual Items": -2528000.0,
        "Total Unusual Items Excluding Goodwill": -2528000.0,
        "Net Income From Continuing Operation Net Minority Interest": -6376000.0,
        "Reconciled Depreciation": 1099000.0,
        "Reconciled Cost Of Revenue": 3638000.0,
        "EBITDA": -7889000.0,
        "EBIT": -8988000.0,
        "Net Interest Income": -138000.0,
        "Interest Expense": 138000.0,
        "Normalized Income": -3848000.0,
        "Net Income From Continuing And Discontinued Operation": -6376000.0,
        "Total Expenses": 12416000.0,
        "Rent Expense Supplemental": 2904000.0,
        "Total Operating Income As Reported": -6823000.0,
        "Diluted Average Shares": 33665000.0,
        "Basic Average Shares": 33665000.0,
        "Diluted EPS": -0.19,
        "Basic EPS": -0.19,
        "Diluted NI Availto Com Stockholders": -6376000.0,
        "Net Income Common Stockholders": -6376000.0,
        "Net Income": -6376000.0,
        "Minority Interests": 2750000.0,
        "Net Income Including Noncontrolling Interests": -9126000.0,
        "Net Income Continuous Operations": -9126000.0,
        "Pretax Income": -9126000.0,
        "Other Income Expense": -2165000.0,
        "Other Non Operating Income Expenses": 363000.0,
        "Gain On Sale Of Security": -2528000.0,
        "Net Non Operating Interest Income Expense": -138000.0,
        "Interest Expense Non Operating": 138000.0,
        "Operating Income": -6823000.0,
        "Operating Expense": 8778000.0,
        "Other Operating Expenses": 1884000.0,
        "Depreciation Amortization Depletion Income Statement": 1099000.0,
        "Depreciation And Amortization In Income Statement": 1099000.0,
        "Depreciation Income Statement": NaN,
        "Selling General And Administration": 5795000.0,
        "Selling And Marketing Expense": 580000.0,
        "General And Administrative Expense": 5215000.0,
        "Other Gand A": 976000.0,
        "Salaries And Wages": 4239000.0,
        "Gross Profit": 1955000.0,
        "Cost Of Revenue": 3638000.0,
        "Total Revenue": 5593000.0,
        "Operating Revenue": 5593000.0
    },
    "2025-06-30": {
        "Tax Effect Of Unusual Items": 4578210.0,
        "Tax Rate For Calcs": 0.21,
        "Normalized EBITDA": -5780000.0,
        "Total Unusual Items": 21801000.0,
        "Total Unusual Items Excluding Goodwill": 21801000.0,
        "Net Income From Continuing Operation Net Minority Interest": 17453000.0,
        "Reconciled Depreciation": 1532000.0,
        "Reconciled Cost Of Revenue": 4438000.0,
        "EBITDA": 16021000.0,
        "EBIT": 14489000.0,
        "Net Interest Income": -133000.0,
        "Interest Expense": 133000.0,
        "Normalized Income": 230210.0,
        "Net Income From Continuing And Discontinued Operation": 17453000.0,
        "Total Expenses": 14116000.0,
        "Rent Expense Supplemental": 3568000.0,
        "Total Operating Income As Reported": -7528000.0,
        "Diluted Average Shares": 77867000.0,
        "Basic Average Shares": 33827000.0,
        "Diluted EPS": 0.18,
        "Basic EPS": 0.52,
        "Diluted NI Availto Com Stockholders": 17453000.0,
        "Net Income Common Stockholders": 17453000.0,
        "Net Income": 17453000.0,
        "Minority Interests": 3097000.0,
        "Net Income Including Noncontrolling Interests": 14356000.0,
        "Net Income Continuous Operations": 14356000.0,
        "Pretax Income": 14356000.0,
        "Other Income Expense": 22017000.0,
        "Other Non Operating Income Expenses": 216000.0,
        "Gain On Sale Of Security": 21801000.0,
        "Net Non Operating Interest Income Expense": -133000.0,
        "Interest Expense Non Operating": 133000.0,
        "Operating Income": -7528000.0,
        "Operating Expense": 9625000.0,
        "Other Operating Expenses": 2226000.0,
        "Depreciation Amortization Depletion Income Statement": 1479000.0,
        "Depreciation And Amortization In Income Statement": 1479000.0,
        "Depreciation Income Statement": NaN,
        "Selling General And Administration": 5920000.0,
        "Selling And Marketing Expense": 585000.0,
        "General And Administrative Expense": 5335000.0,
        "Other Gand A": 1041000.0,
        "Salaries And Wages": 4294000.0,
        "Gross Profit": 2097000.0,
        "Cost Of Revenue": 4491000.0,
        "Total Revenue": 6588000.0,
        "Operating Revenue": 6588000.0
    }
}