{
    "2023-03-31": {
        "Tax Effect Of Unusual Items": NaN,
        "Tax Rate For Calcs": NaN,
        "Normalized EBITDA": NaN,
        "Total Unusual Items": NaN,
        "Total Unusual Items Excluding Goodwill": NaN,
        "Net Income From Continuing Operation Net Minority Interest": NaN,
        "Reconciled Depreciation": NaN,
        "Reconciled Cost Of Revenue": NaN,
        "EBITDA": NaN,
        "EBIT": NaN,
        "Net Interest Income": NaN,
        "Interest Expense": NaN,
        "Normalized Income": NaN,
        "Net Income From Continuing And Discontinued Operation": NaN,
        "Total Expenses": NaN,
        "Total Operating Income As Reported": NaN,
        "Diluted Average Shares": NaN,
        "Basic Average Shares": NaN,
        "Diluted EPS": NaN,
        "Basic EPS": NaN,
        "Diluted NI Availto Com Stockholders": NaN,
        "Net Income Common Stockholders": NaN,
        "Otherunder Preferred Stock Dividend": 0.0,
        "Net Income": NaN,
        "Minority Interests": NaN,
        "Net Income Including Noncontrolling Interests": NaN,
        "Net Income Continuous Operations": NaN,
        "Pretax Income": NaN,
        "Other Income Expense": NaN,
        "Special Income Charges": NaN,
        "Other Special Charges": NaN,
        "Net Non Operating Interest Income Expense": NaN,
        "Interest Expense Non Operating": NaN,
        "Operating Income": NaN,
        "Operating Expense": NaN,
        "Other Operating Expenses": NaN,
        "Selling General And Administration": NaN,
        "Selling And Marketing Expense": NaN,
        "General And Administrative Expense": NaN,
        "Other Gand A": NaN,
        "Gross Profit": NaN,
        "Cost Of Revenue": NaN,
        "Total Revenue": NaN,
        "Operating Revenue": NaN
    },
    "2022-12-31": {
        "Tax Effect Of Unusual Items": NaN,
        "Tax Rate For Calcs": NaN,
        "Normalized EBITDA": NaN,
        "Total Unusual Items": NaN,
        "Total Unusual Items Excluding Goodwill": NaN,
        "Net Income From Continuing Operation Net Minority Interest": NaN,
        "Reconciled Depreciation": NaN,
        "Reconciled Cost Of Revenue": NaN,
        "EBITDA": NaN,
        "EBIT": NaN,
        "Net Interest Income": NaN,
        "Interest Expense": NaN,
        "Normalized Income": NaN,
        "Net Income From Continuing And Discontinued Operation": NaN,
        "Total Expenses": NaN,
        "Total Operating Income As Reported": NaN,
        "Diluted Average Shares": NaN,
        "Basic Average Shares": NaN,
        "Diluted EPS": NaN,
        "Basic EPS": NaN,
        "Diluted NI Availto Com Stockholders": NaN,
        "Net Income Common Stockholders": NaN,
        "Otherunder Preferred Stock Dividend": 0.0,
        "Preferred Stock Dividends": 5551.0,
        "Net Income": NaN,
        "Minority Interests": NaN,
        "Net Income Including Noncontrolling Interests": NaN,
        "Net Income Continuous Operations": NaN,
        "Pretax Income": NaN,
        "Other Income Expense": 0.0,
        "Special Income Charges": NaN,
        "Other Special Charges": 0.0,
        "Net Non Operating Interest Income Expense": NaN,
        "Interest Expense Non Operating": NaN,
        "Operating Income": NaN,
        "Operating Expense": NaN,
        "Other Operating Expenses": NaN,
        "Selling General And Administration": NaN,
        "Selling And Marketing Expense": NaN,
        "General And Administrative Expense": NaN,
        "Other Gand A": NaN,
        "Gross Profit": NaN,
        "Cost Of Revenue": NaN,
        "Total Revenue": NaN,
        "Operating Revenue": NaN
    },
    "2022-09-30": {
        "Tax Effect Of Unusual Items": NaN,
        "Tax Rate For Calcs": NaN,
        "Normalized EBITDA": NaN,
        "Total Unusual Items": NaN,
        "Total Unusual Items Excluding Goodwill": NaN,
        "Net Income From Continuing Operation Net Minority Interest": NaN,
        "Reconciled Depreciation": NaN,
        "Reconciled Cost Of Revenue": NaN,
        "EBITDA": NaN,
        "EBIT": NaN,
        "Net Interest Income": NaN,
        "Interest Expense": NaN,
        "Normalized Income": NaN,
        "Net Income From Continuing And Discontinued Operation": NaN,
        "Total Expenses": NaN,
        "Total Operating Income As Reported": NaN,
        "Diluted Average Shares": 81562681.0,
        "Basic Average Shares": 81562681.0,
        "Diluted EPS": -0.07,
        "Basic EPS": -0.07,
        "Diluted NI Availto Com Stockholders": NaN,
        "Net Income Common Stockholders": NaN,
        "Otherunder Preferred Stock Dividend": 0.0,
        "Preferred Stock Dividends": 4627.0,
        "Net Income": NaN,
        "Minority Interests": 0.0,
        "Net Income Including Noncontrolling Interests": NaN,
        "Net Income Continuous Operations": NaN,
        "Pretax Income": NaN,
        "Other Income Expense": NaN,
        "Special Income Charges": NaN,
        "Other Special Charges": NaN,
        "Net Non Operating Interest Income Expense": NaN,
        "Interest Expense Non Operating": NaN,
        "Operating Income": NaN,
        "Operating Expense": NaN,
        "Other Operating Expenses": 4615887.0,
        "Selling General And Administration": NaN,
        "Selling And Marketing Expense": 993232.0,
        "General And Administrative Expense": NaN,
        "Other Gand A": NaN,
        "Gross Profit": NaN,
        "Cost Of Revenue": NaN,
        "Total Revenue": NaN,
        "Operating Revenue": NaN
    },
    "2022-06-30": {
        "Tax Effect Of Unusual Items": 0.0,
        "Tax Rate For Calcs": 0.0,
        "Normalized EBITDA": -4538732.0,
        "Total Unusual Items": 0.0,
        "Total Unusual Items Excluding Goodwill": 0.0,
        "Net Income From Continuing Operation Net Minority Interest": -4645737.0,
        "Reconciled Depreciation": 25088.0,
        "Reconciled Cost Of Revenue": 6122.0,
        "EBITDA": -4538732.0,
        "EBIT": -4563820.0,
        "Net Interest Income": -81917.0,
        "Interest Expense": 81917.0,
        "Normalized Income": -4645737.0,
        "Net Income From Continuing And Discontinued Operation": -4645737.0,
        "Total Expenses": 4571209.0,
        "Total Operating Income As Reported": -4563820.0,
        "Diluted Average Shares": 80575955.0,
        "Basic Average Shares": 80575955.0,
        "Diluted EPS": -0.06,
        "Basic EPS": -0.06,
        "Diluted NI Availto Com Stockholders": -4652382.0,
        "Net Income Common Stockholders": -4652382.0,
        "Otherunder Preferred Stock Dividend": 0.0,
        "Preferred Stock Dividends": 6645.0,
        "Net Income": -4645737.0,
        "Minority Interests": NaN,
        "Net Income Including Noncontrolling Interests": -4645737.0,
        "Net Income Continuous Operations": -4645737.0,
        "Pretax Income": -4645737.0,
        "Other Income Expense": NaN,
        "Special Income Charges": 0.0,
        "Other Special Charges": NaN,
        "Net Non Operating Interest Income Expense": -81917.0,
        "Interest Expense Non Operating": 81917.0,
        "Operating Income": -4563820.0,
        "Operating Expense": 4565087.0,
        "Selling General And Administration": 4565087.0,
        "Gross Profit": 1267.0,
        "Cost Of Revenue": 6122.0,
        "Total Revenue": 7389.0,
        "Operating Revenue": 7389.0
    },
    "2022-03-31": {
        "Diluted EPS": -0.23,
        "Total Revenue": 0,
        "Gross Profit": 0,
        "Operating Income": -12,
        "EBIT": -12,
        "Net Income": -17
    },
    "2021-12-31": {
        "Diluted EPS": -0.03,
        "Total Revenue": 0,
        "Gross Profit": 0,
        "Operating Income": -2,
        "EBIT": -2,
        "Net Income": -2
    },
    "2021-09-30": {
        "Diluted EPS": -0.02,
        "Total Revenue": NaN,
        "Gross Profit": NaN,
        "Operating Income": -1,
        "EBIT": -1,
        "Net Income": -2
    },
    "2021-06-30": {
        "Diluted EPS": -0.02,
        "Total Revenue": NaN,
        "Gross Profit": NaN,
        "Operating Income": -1,
        "EBIT": -1,
        "Net Income": -1
    },
    "2021-03-31": {
        "Diluted EPS": -0.02,
        "Total Revenue": 0,
        "Gross Profit": 0,
        "Operating Income": -1,
        "EBIT": -1,
        "Net Income": -1
    },
    "2018-09-30": {
        "Diluted EPS": -0.07,
        "Total Revenue": 1,
        "Gross Profit": 0,
        "Operating Income": -3,
        "EBIT": -2,
        "Net Income": -4
    },
    "2018-06-30": {
        "Diluted EPS": -0.07,
        "Total Revenue": 2,
        "Gross Profit": 0,
        "Operating Income": -2,
        "EBIT": -2,
        "Net Income": -4
    },
    "2018-03-31": {
        "Diluted EPS": -0.03,
        "Total Revenue": 3,
        "Gross Profit": 1,
        "Operating Income": -2,
        "EBIT": -1,
        "Net Income": -2
    },
    "2017-12-31": {
        "Diluted EPS": -0.02,
        "Total Revenue": 1,
        "Gross Profit": 0,
        "Operating Income": -3,
        "EBIT": -2,
        "Net Income": -5
    },
    "2017-09-30": {
        "Diluted EPS": -0.04,
        "Total Revenue": 1,
        "Gross Profit": 0,
        "Operating Income": -2,
        "EBIT": -1,
        "Net Income": -2
    },
    "2017-06-30": {
        "Diluted EPS": -0.04,
        "Total Revenue": 3,
        "Gross Profit": 1,
        "Operating Income": -2,
        "EBIT": -1,
        "Net Income": -2
    },
    "2017-03-31": {
        "Diluted EPS": -0.45,
        "Total Revenue": 3,
        "Gross Profit": 1,
        "Operating Income": -1,
        "EBIT": -1,
        "Net Income": -17
    },
    "2016-12-31": {
        "Diluted EPS": -1.01,
        "Total Revenue": 1,
        "Gross Profit": 0,
        "Operating Income": -2,
        "EBIT": -1,
        "Net Income": -26
    },
    "2016-09-30": {
        "Diluted EPS": -0.62,
        "Total Revenue": 2,
        "Gross Profit": 0,
        "Operating Income": -1,
        "EBIT": -1,
        "Net Income": -29
    },
    "2016-06-30": {
        "Diluted EPS": -0.98,
        "Total Revenue": 2,
        "Gross Profit": 0,
        "Operating Income": -1,
        "EBIT": -1,
        "Net Income": -44
    },
    "2016-03-31": {
        "Diluted EPS": 0.01,
        "Total Revenue": 2,
        "Gross Profit": 0,
        "Operating Income": -1,
        "EBIT": 0,
        "Net Income": 0
    },
    "2015-12-31": {
        "Diluted EPS": -0.43,
        "Total Revenue": 0,
        "Gross Profit": 0,
        "Operating Income": -1,
        "EBIT": 0,
        "Net Income": -14
    },
    "2015-09-30": {
        "Diluted EPS": -0.25,
        "Total Revenue": 0,
        "Gross Profit": 0,
        "Operating Income": -1,
        "EBIT": 0,
        "Net Income": -10
    },
    "2015-06-30": {
        "Diluted EPS": -0.04,
        "Total Revenue": 1,
        "Gross Profit": 0,
        "Operating Income": -1,
        "EBIT": 0,
        "Net Income": -1
    },
    "2015-03-31": {
        "Diluted EPS": -0.04,
        "Total Revenue": 1,
        "Gross Profit": 0,
        "Operating Income": -1,
        "EBIT": 0,
        "Net Income": -1
    },
    "2014-12-31": {
        "Diluted EPS": -0.12,
        "Total Revenue": NaN,
        "Gross Profit": NaN,
        "Operating Income": -3,
        "EBIT": 0,
        "Net Income": -4
    },
    "2014-09-30": {
        "Diluted EPS": -0.03,
        "Total Revenue": NaN,
        "Gross Profit": NaN,
        "Operating Income": 0,
        "EBIT": 0,
        "Net Income": -1
    },
    "2014-06-30": {
        "Diluted EPS": -0.05,
        "Total Revenue": NaN,
        "Gross Profit": NaN,
        "Operating Income": -1,
        "EBIT": 0,
        "Net Income": -2
    },
    "2014-03-31": {
        "Diluted EPS": -0.02,
        "Total Revenue": NaN,
        "Gross Profit": NaN,
        "Operating Income": 0,
        "EBIT": 0,
        "Net Income": -1
    },
    "2013-12-31": {
        "Diluted EPS": 0.0,
        "Total Revenue": NaN,
        "Gross Profit": NaN,
        "Operating Income": NaN,
        "EBIT": NaN,
        "Net Income": NaN
    },
    "2013-09-30": {
        "Diluted EPS": 0.0,
        "Total Revenue": NaN,
        "Gross Profit": NaN,
        "Operating Income": 0,
        "EBIT": 0,
        "Net Income": 0
    },
    "2023-06-30": {
        "Tax Effect Of Unusual Items": NaN,
        "Tax Rate For Calcs": NaN,
        "Normalized EBITDA": NaN,
        "Total Unusual Items": NaN,
        "Total Unusual Items Excluding Goodwill": NaN,
        "Net Income From Continuing Operation Net Minority Interest": NaN,
        "Reconciled Depreciation": NaN,
        "Reconciled Cost Of Revenue": NaN,
        "EBITDA": NaN,
        "EBIT": NaN,
        "Net Interest Income": NaN,
        "Interest Expense": NaN,
        "Normalized Income": NaN,
        "Net Income From Continuing And Discontinued Operation": NaN,
        "Total Expenses": NaN,
        "Total Operating Income As Reported": NaN,
        "Diluted Average Shares": 86621015.0,
        "Basic Average Shares": 86621015.0,
        "Diluted EPS": -0.14,
        "Basic EPS": -0.14,
        "Diluted NI Availto Com Stockholders": NaN,
        "Net Income Common Stockholders": NaN,
        "Otherunder Preferred Stock Dividend": 0.0,
        "Net Income": NaN,
        "Minority Interests": 0.0,
        "Net Income Including Noncontrolling Interests": NaN,
        "Net Income Continuous Operations": NaN,
        "Pretax Income": NaN,
        "Other Income Expense": 1201857.0,
        "Special Income Charges": NaN,
        "Other Special Charges": -1201857.0,
        "Net Non Operating Interest Income Expense": NaN,
        "Interest Expense Non Operating": NaN,
        "Operating Income": NaN,
        "Operating Expense": NaN,
        "Other Operating Expenses": NaN,
        "Selling General And Administration": NaN,
        "Selling And Marketing Expense": NaN,
        "General And Administrative Expense": NaN,
        "Other Gand A": NaN,
        "Gross Profit": NaN,
        "Cost Of Revenue": NaN,
        "Total Revenue": NaN,
        "Operating Revenue": NaN
    },
    "2023-09-30": {
        "Tax Effect Of Unusual Items": 0.0,
        "Tax Rate For Calcs": 0.0,
        "Normalized EBITDA": -5454400.0,
        "Total Unusual Items": 0.0,
        "Total Unusual Items Excluding Goodwill": 0.0,
        "Net Income From Continuing Operation Net Minority Interest": -7183776.0,
        "Reconciled Depreciation": 1067203.0,
        "Reconciled Cost Of Revenue": 14917493.0,
        "EBITDA": -5454400.0,
        "EBIT": -6521603.0,
        "Net Interest Income": -662173.0,
        "Interest Expense": 662173.0,
        "Normalized Income": -7183776.0,
        "Net Income From Continuing And Discontinued Operation": -7183776.0,
        "Total Expenses": 28139182.0,
        "Total Operating Income As Reported": -6521603.0,
        "Diluted Average Shares": 91081313.0,
        "Basic Average Shares": 91081313.0,
        "Diluted EPS": -0.08,
        "Basic EPS": -0.08,
        "Diluted NI Availto Com Stockholders": -7183776.0,
        "Net Income Common Stockholders": -7183776.0,
        "Otherunder Preferred Stock Dividend": 0.0,
        "Net Income": -7183776.0,
        "Minority Interests": 0.0,
        "Net Income Including Noncontrolling Interests": -7183776.0,
        "Net Income Continuous Operations": -7183776.0,
        "Pretax Income": -7183776.0,
        "Other Income Expense": NaN,
        "Special Income Charges": 0.0,
        "Other Special Charges": NaN,
        "Net Non Operating Interest Income Expense": -662173.0,
        "Interest Expense Non Operating": 662173.0,
        "Operating Income": -6521603.0,
        "Operating Expense": 13221689.0,
        "Other Operating Expenses": 7519042.0,
        "Selling General And Administration": 13221689.0,
        "Selling And Marketing Expense": 5702647.0,
        "General And Administrative Expense": 7519042.0,
        "Other Gand A": 7519042.0,
        "Gross Profit": 6700086.0,
        "Cost Of Revenue": 14917493.0,
        "Total Revenue": 21617579.0,
        "Operating Revenue": 21617579.0
    },
    "2024-03-31": {
        "Tax Effect Of Unusual Items": 0.0,
        "Tax Rate For Calcs": 0.0,
        "Normalized EBITDA": -7827776.0,
        "Total Unusual Items": 0.0,
        "Total Unusual Items Excluding Goodwill": 0.0,
        "Net Income From Continuing Operation Net Minority Interest": -9676201.0,
        "Reconciled Depreciation": 1060571.0,
        "Reconciled Cost Of Revenue": 13399771.0,
        "EBITDA": -7827776.0,
        "EBIT": -8888347.0,
        "Net Interest Income": -787854.0,
        "Interest Expense": 787854.0,
        "Normalized Income": -9676201.0,
        "Net Income From Continuing And Discontinued Operation": -9676201.0,
        "Total Expenses": 27866168.0,
        "Total Operating Income As Reported": -8888347.0,
        "Diluted Average Shares": 95091003.0,
        "Basic Average Shares": 95091003.0,
        "Diluted EPS": -0.1,
        "Basic EPS": -0.1,
        "Diluted NI Availto Com Stockholders": -9676201.0,
        "Net Income Common Stockholders": -9676201.0,
        "Otherunder Preferred Stock Dividend": NaN,
        "Net Income": -9676201.0,
        "Minority Interests": NaN,
        "Net Income Including Noncontrolling Interests": -9676201.0,
        "Net Income Continuous Operations": -9676201.0,
        "Pretax Income": -9676201.0,
        "Other Income Expense": NaN,
        "Special Income Charges": 0.0,
        "Other Special Charges": NaN,
        "Net Non Operating Interest Income Expense": -787854.0,
        "Interest Expense Non Operating": 787854.0,
        "Operating Income": -8888347.0,
        "Operating Expense": 14466397.0,
        "Other Operating Expenses": NaN,
        "Selling General And Administration": 14466397.0,
        "Selling And Marketing Expense": 6526816.0,
        "General And Administrative Expense": 7939581.0,
        "Other Gand A": 7939581.0,
        "Gross Profit": 5578050.0,
        "Cost Of Revenue": 13399771.0,
        "Total Revenue": 18977821.0,
        "Operating Revenue": 18977821.0
    },
    "2024-06-30": {
        "Tax Effect Of Unusual Items": 0.0,
        "Tax Rate For Calcs": 0.0,
        "Normalized EBITDA": -4896520.0,
        "Total Unusual Items": 0.0,
        "Total Unusual Items Excluding Goodwill": 0.0,
        "Net Income From Continuing Operation Net Minority Interest": -7462949.0,
        "Reconciled Depreciation": 1338779.0,
        "Reconciled Cost Of Revenue": 14869521.0,
        "EBITDA": -4896520.0,
        "EBIT": -6235299.0,
        "Net Interest Income": -1227650.0,
        "Interest Expense": 1227650.0,
        "Normalized Income": -7462949.0,
        "Net Income From Continuing And Discontinued Operation": -7462949.0,
        "Total Expenses": 27681447.0,
        "Total Operating Income As Reported": -6235299.0,
        "Diluted Average Shares": 99445289.0,
        "Basic Average Shares": 99445289.0,
        "Diluted EPS": -0.08,
        "Basic EPS": -0.08,
        "Diluted NI Availto Com Stockholders": -7462949.0,
        "Net Income Common Stockholders": -7462949.0,
        "Otherunder Preferred Stock Dividend": NaN,
        "Net Income": -7462949.0,
        "Minority Interests": NaN,
        "Net Income Including Noncontrolling Interests": -7462949.0,
        "Net Income Continuous Operations": -7462949.0,
        "Pretax Income": -7462949.0,
        "Other Income Expense": NaN,
        "Special Income Charges": 0.0,
        "Other Special Charges": NaN,
        "Net Non Operating Interest Income Expense": -1227650.0,
        "Interest Expense Non Operating": 1227650.0,
        "Operating Income": -6235299.0,
        "Operating Expense": 12811926.0,
        "Other Operating Expenses": NaN,
        "Selling General And Administration": 12811926.0,
        "Selling And Marketing Expense": 6271708.0,
        "General And Administrative Expense": 6540218.0,
        "Other Gand A": 6540218.0,
        "Gross Profit": 6576627.0,
        "Cost Of Revenue": 14869521.0,
        "Total Revenue": 21446148.0,
        "Operating Revenue": 21446148.0
    },
    "2024-09-30": {
        "Tax Effect Of Unusual Items": 0.0,
        "Tax Rate For Calcs": 0.0,
        "Normalized EBITDA": -6878882.0,
        "Total Unusual Items": 0.0,
        "Total Unusual Items Excluding Goodwill": 0.0,
        "Net Income From Continuing Operation Net Minority Interest": -8621306.0,
        "Reconciled Depreciation": 726553.0,
        "Reconciled Cost Of Revenue": 15327319.0,
        "EBITDA": -6878882.0,
        "EBIT": -7605435.0,
        "Net Interest Income": -1015871.0,
        "Interest Expense": 1015871.0,
        "Normalized Income": -8621306.0,
        "Net Income From Continuing And Discontinued Operation": -8621306.0,
        "Total Expenses": 29774354.0,
        "Total Operating Income As Reported": -7605435.0,
        "Diluted Average Shares": 103507590.0,
        "Basic Average Shares": 103507590.0,
        "Diluted EPS": -0.08,
        "Basic EPS": -0.08,
        "Diluted NI Availto Com Stockholders": -8621306.0,
        "Net Income Common Stockholders": -8621306.0,
        "Otherunder Preferred Stock Dividend": NaN,
        "Net Income": -8621306.0,
        "Minority Interests": NaN,
        "Net Income Including Noncontrolling Interests": -8621306.0,
        "Net Income Continuous Operations": -8621306.0,
        "Pretax Income": -8621306.0,
        "Other Income Expense": NaN,
        "Special Income Charges": 0.0,
        "Other Special Charges": NaN,
        "Net Non Operating Interest Income Expense": -1015871.0,
        "Interest Expense Non Operating": 1015871.0,
        "Operating Income": -7605435.0,
        "Operating Expense": 14447035.0,
        "Other Operating Expenses": NaN,
        "Selling General And Administration": 14447035.0,
        "Selling And Marketing Expense": 6275742.0,
        "General And Administrative Expense": 8171293.0,
        "Other Gand A": 8171293.0,
        "Gross Profit": 6841600.0,
        "Cost Of Revenue": 15327319.0,
        "Total Revenue": 22168919.0,
        "Operating Revenue": 22168919.0
    },
    "2024-12-31": {
        "Tax Effect Of Unusual Items": 0.0,
        "Tax Rate For Calcs": 0.0,
        "Normalized EBITDA": -8442100.0,
        "Total Unusual Items": 400000.0,
        "Total Unusual Items Excluding Goodwill": 400000.0,
        "Net Income From Continuing Operation Net Minority Interest": -10007688.0,
        "Reconciled Depreciation": 941054.0,
        "Reconciled Cost Of Revenue": 18086323.0,
        "EBITDA": -8042100.0,
        "EBIT": -8983154.0,
        "Net Interest Income": -1024534.0,
        "Interest Expense": 1024534.0,
        "Normalized Income": -10407688.0,
        "Net Income From Continuing And Discontinued Operation": -10007688.0,
        "Total Expenses": 33067142.0,
        "Total Operating Income As Reported": -9383154.0,
        "Diluted Average Shares": NaN,
        "Basic Average Shares": NaN,
        "Diluted EPS": NaN,
        "Basic EPS": NaN,
        "Diluted NI Availto Com Stockholders": -10220355.0,
        "Net Income Common Stockholders": -10220355.0,
        "Otherunder Preferred Stock Dividend": NaN,
        "Net Income": -10007688.0,
        "Minority Interests": NaN,
        "Net Income Including Noncontrolling Interests": -10007688.0,
        "Net Income Continuous Operations": -10007688.0,
        "Pretax Income": -10007688.0,
        "Other Income Expense": NaN,
        "Special Income Charges": 400000.0,
        "Other Special Charges": NaN,
        "Net Non Operating Interest Income Expense": -1024534.0,
        "Interest Expense Non Operating": 1024534.0,
        "Operating Income": -9383154.0,
        "Operating Expense": 14980819.0,
        "Other Operating Expenses": NaN,
        "Selling General And Administration": 14980819.0,
        "Selling And Marketing Expense": 6278906.0,
        "General And Administrative Expense": 8701913.0,
        "Other Gand A": 8701913.0,
        "Gross Profit": 5597665.0,
        "Cost Of Revenue": 18086323.0,
        "Total Revenue": 23683988.0,
        "Operating Revenue": 23683988.0
    }
}