{
    "2023-06-30": {
        "Tax Effect Of Unusual Items": NaN,
        "Tax Rate For Calcs": NaN,
        "Normalized EBITDA": NaN,
        "Total Unusual Items": NaN,
        "Total Unusual Items Excluding Goodwill": NaN,
        "Net Income From Continuing Operation Net Minority Interest": NaN,
        "Reconciled Depreciation": NaN,
        "Reconciled Cost Of Revenue": NaN,
        "EBITDA": NaN,
        "EBIT": NaN,
        "Net Interest Income": NaN,
        "Interest Expense": NaN,
        "Interest Income": NaN,
        "Normalized Income": NaN,
        "Net Income From Continuing And Discontinued Operation": NaN,
        "Total Expenses": NaN,
        "Diluted Average Shares": NaN,
        "Basic Average Shares": NaN,
        "Diluted EPS": NaN,
        "Basic EPS": NaN,
        "Diluted NI Availto Com Stockholders": NaN,
        "Net Income Common Stockholders": NaN,
        "Net Income": NaN,
        "Minority Interests": NaN,
        "Net Income Including Noncontrolling Interests": NaN,
        "Net Income Continuous Operations": NaN,
        "Tax Provision": NaN,
        "Pretax Income": NaN,
        "Other Income Expense": NaN,
        "Special Income Charges": NaN,
        "Gain On Sale Of Ppe": NaN,
        "Gain On Sale Of Business": NaN,
        "Restructuring And Mergern Acquisition": 0.0,
        "Earnings From Equity Interest": NaN,
        "Net Non Operating Interest Income Expense": NaN,
        "Interest Expense Non Operating": NaN,
        "Interest Income Non Operating": NaN,
        "Operating Income": NaN,
        "Operating Expense": NaN,
        "Research And Development": NaN,
        "Selling General And Administration": NaN,
        "General And Administrative Expense": NaN,
        "Other Gand A": NaN,
        "Gross Profit": NaN,
        "Cost Of Revenue": NaN,
        "Total Revenue": NaN,
        "Operating Revenue": NaN
    },
    "2023-03-31": {
        "Tax Effect Of Unusual Items": NaN,
        "Tax Rate For Calcs": NaN,
        "Normalized EBITDA": NaN,
        "Total Unusual Items": NaN,
        "Total Unusual Items Excluding Goodwill": NaN,
        "Net Income From Continuing Operation Net Minority Interest": NaN,
        "Reconciled Depreciation": NaN,
        "Reconciled Cost Of Revenue": NaN,
        "EBITDA": NaN,
        "EBIT": NaN,
        "Net Interest Income": NaN,
        "Interest Expense": NaN,
        "Interest Income": NaN,
        "Normalized Income": NaN,
        "Net Income From Continuing And Discontinued Operation": NaN,
        "Total Expenses": NaN,
        "Diluted Average Shares": NaN,
        "Basic Average Shares": NaN,
        "Diluted EPS": NaN,
        "Basic EPS": NaN,
        "Diluted NI Availto Com Stockholders": NaN,
        "Net Income Common Stockholders": NaN,
        "Net Income": NaN,
        "Minority Interests": NaN,
        "Net Income Including Noncontrolling Interests": NaN,
        "Net Income Continuous Operations": NaN,
        "Tax Provision": NaN,
        "Pretax Income": NaN,
        "Other Income Expense": NaN,
        "Special Income Charges": NaN,
        "Gain On Sale Of Ppe": NaN,
        "Gain On Sale Of Business": NaN,
        "Restructuring And Mergern Acquisition": 0.0,
        "Earnings From Equity Interest": NaN,
        "Net Non Operating Interest Income Expense": NaN,
        "Interest Expense Non Operating": NaN,
        "Interest Income Non Operating": NaN,
        "Operating Income": NaN,
        "Operating Expense": NaN,
        "Research And Development": NaN,
        "Selling General And Administration": NaN,
        "General And Administrative Expense": NaN,
        "Other Gand A": NaN,
        "Gross Profit": NaN,
        "Cost Of Revenue": NaN,
        "Total Revenue": NaN,
        "Operating Revenue": NaN
    },
    "2022-12-31": {
        "Tax Effect Of Unusual Items": NaN,
        "Tax Rate For Calcs": NaN,
        "Normalized EBITDA": NaN,
        "Total Unusual Items": NaN,
        "Total Unusual Items Excluding Goodwill": NaN,
        "Net Income From Continuing Operation Net Minority Interest": NaN,
        "Reconciled Depreciation": NaN,
        "Reconciled Cost Of Revenue": NaN,
        "EBITDA": NaN,
        "EBIT": NaN,
        "Net Interest Income": NaN,
        "Interest Expense": NaN,
        "Interest Income": NaN,
        "Normalized Income": NaN,
        "Net Income From Continuing And Discontinued Operation": NaN,
        "Total Expenses": NaN,
        "Diluted Average Shares": NaN,
        "Basic Average Shares": NaN,
        "Diluted EPS": NaN,
        "Basic EPS": NaN,
        "Diluted NI Availto Com Stockholders": NaN,
        "Net Income Common Stockholders": NaN,
        "Net Income": NaN,
        "Minority Interests": NaN,
        "Net Income Including Noncontrolling Interests": NaN,
        "Net Income Continuous Operations": NaN,
        "Tax Provision": NaN,
        "Pretax Income": NaN,
        "Other Income Expense": NaN,
        "Special Income Charges": NaN,
        "Gain On Sale Of Ppe": 0.0,
        "Gain On Sale Of Business": NaN,
        "Restructuring And Mergern Acquisition": NaN,
        "Earnings From Equity Interest": NaN,
        "Gain On Sale Of Security": -21000000.0,
        "Net Non Operating Interest Income Expense": NaN,
        "Interest Expense Non Operating": NaN,
        "Interest Income Non Operating": NaN,
        "Operating Income": NaN,
        "Operating Expense": NaN,
        "Research And Development": NaN,
        "Selling General And Administration": NaN,
        "General And Administrative Expense": NaN,
        "Other Gand A": NaN,
        "Gross Profit": NaN,
        "Cost Of Revenue": NaN,
        "Total Revenue": NaN,
        "Operating Revenue": NaN
    },
    "2022-09-30": {
        "Tax Effect Of Unusual Items": NaN,
        "Tax Rate For Calcs": NaN,
        "Normalized EBITDA": NaN,
        "Total Unusual Items": NaN,
        "Total Unusual Items Excluding Goodwill": NaN,
        "Net Income From Continuing Operation Net Minority Interest": NaN,
        "Reconciled Depreciation": NaN,
        "Reconciled Cost Of Revenue": NaN,
        "EBITDA": NaN,
        "EBIT": NaN,
        "Net Interest Income": NaN,
        "Interest Expense": NaN,
        "Interest Income": NaN,
        "Normalized Income": NaN,
        "Net Income From Continuing And Discontinued Operation": NaN,
        "Total Expenses": NaN,
        "Diluted Average Shares": NaN,
        "Basic Average Shares": NaN,
        "Diluted EPS": NaN,
        "Basic EPS": NaN,
        "Diluted NI Availto Com Stockholders": NaN,
        "Net Income Common Stockholders": NaN,
        "Net Income": NaN,
        "Minority Interests": NaN,
        "Net Income Including Noncontrolling Interests": NaN,
        "Net Income Continuous Operations": NaN,
        "Tax Provision": NaN,
        "Pretax Income": NaN,
        "Other Income Expense": NaN,
        "Special Income Charges": NaN,
        "Gain On Sale Of Ppe": 0.0,
        "Gain On Sale Of Business": NaN,
        "Restructuring And Mergern Acquisition": NaN,
        "Earnings From Equity Interest": NaN,
        "Gain On Sale Of Security": NaN,
        "Net Non Operating Interest Income Expense": NaN,
        "Interest Expense Non Operating": NaN,
        "Interest Income Non Operating": NaN,
        "Operating Income": NaN,
        "Operating Expense": NaN,
        "Research And Development": NaN,
        "Selling General And Administration": NaN,
        "General And Administrative Expense": NaN,
        "Other Gand A": NaN,
        "Gross Profit": NaN,
        "Cost Of Revenue": NaN,
        "Total Revenue": NaN,
        "Operating Revenue": NaN
    },
    "2022-06-30": {
        "Tax Effect Of Unusual Items": 0.0,
        "Tax Rate For Calcs": 0.158,
        "Normalized EBITDA": 1276000000.0,
        "Total Unusual Items": 43000000.0,
        "Total Unusual Items Excluding Goodwill": 43000000.0,
        "Net Income From Continuing Operation Net Minority Interest": 959000000.0,
        "Reconciled Depreciation": 532000000.0,
        "Reconciled Cost Of Revenue": 5568000000.0,
        "EBITDA": 1276000000.0,
        "EBIT": 1276000000.0,
        "Net Interest Income": 187000000.0,
        "Interest Expense": 124000000.0,
        "Interest Income": 311000000.0,
        "Normalized Income": 959000000.0,
        "Net Income From Continuing And Discontinued Operation": 959000000.0,
        "Total Expenses": 5808000000.0,
        "Diluted Average Shares": 1436000000.0,
        "Basic Average Shares": 1414000000.0,
        "Diluted EPS": 0.67,
        "Basic EPS": 0.68,
        "Diluted NI Availto Com Stockholders": 959000000.0,
        "Net Income Common Stockholders": 959000000.0,
        "Net Income": 959000000.0,
        "Minority Interests": -11000000.0,
        "Net Income Including Noncontrolling Interests": 970000000.0,
        "Net Income Continuous Operations": 970000000.0,
        "Tax Provision": 182000000.0,
        "Pretax Income": 1152000000.0,
        "Other Income Expense": 292000000.0,
        "Special Income Charges": 43000000.0,
        "Gain On Sale Of Ppe": 43000000.0,
        "Earnings From Equity Interest": 249000000.0,
        "Net Non Operating Interest Income Expense": 187000000.0,
        "Interest Expense Non Operating": 124000000.0,
        "Interest Income Non Operating": 311000000.0,
        "Operating Income": 965000000.0,
        "Operating Expense": 240000000.0,
        "Research And Development": 154000000.0,
        "Selling General And Administration": 86000000.0,
        "General And Administrative Expense": 86000000.0,
        "Other Gand A": 86000000.0,
        "Gross Profit": 1205000000.0,
        "Cost Of Revenue": 5568000000.0,
        "Total Revenue": 6773000000.0,
        "Operating Revenue": 6867000000.0
    },
    "2022-03-31": {
        "Diluted EPS": 0.36,
        "Total Revenue": NaN,
        "Gross Profit": 949,
        "Operating Income": 711,
        "EBIT": NaN,
        "Net Income": 510
    },
    "2021-12-31": {
        "Diluted EPS": 0.42,
        "Total Revenue": NaN,
        "Gross Profit": NaN,
        "Operating Income": 835,
        "EBIT": NaN,
        "Net Income": 601
    },
    "2021-09-30": {
        "Diluted EPS": 0.39,
        "Total Revenue": NaN,
        "Gross Profit": 985,
        "Operating Income": 765,
        "EBIT": NaN,
        "Net Income": 550
    },
    "2021-06-30": {
        "Diluted EPS": 0.3,
        "Total Revenue": NaN,
        "Gross Profit": 866,
        "Operating Income": 662,
        "EBIT": NaN,
        "Net Income": 431
    },
    "2021-03-31": {
        "Diluted EPS": 0.21,
        "Total Revenue": NaN,
        "Gross Profit": 719,
        "Operating Income": 503,
        "EBIT": NaN,
        "Net Income": 299
    },
    "2020-12-31": {
        "Diluted EPS": 0.28,
        "Total Revenue": NaN,
        "Gross Profit": 705,
        "Operating Income": 505,
        "EBIT": NaN,
        "Net Income": 374
    },
    "2020-09-30": {
        "Diluted EPS": -0.06,
        "Total Revenue": NaN,
        "Gross Profit": 634,
        "Operating Income": 412,
        "EBIT": 999,
        "Net Income": -82
    },
    "2020-06-30": {
        "Diluted EPS": -2.47,
        "Total Revenue": NaN,
        "Gross Profit": 431,
        "Operating Income": 208,
        "EBIT": 812,
        "Net Income": NaN
    },
    "2020-03-31": {
        "Diluted EPS": -5.32,
        "Total Revenue": NaN,
        "Gross Profit": 831,
        "Operating Income": 531,
        "EBIT": NaN,
        "Net Income": NaN
    },
    "2019-12-31": {
        "Diluted EPS": 0.25,
        "Total Revenue": NaN,
        "Gross Profit": NaN,
        "Operating Income": NaN,
        "EBIT": NaN,
        "Net Income": 333
    },
    "2019-09-30": {
        "Diluted EPS": -8.22,
        "Total Revenue": NaN,
        "Gross Profit": NaN,
        "Operating Income": 860,
        "EBIT": NaN,
        "Net Income": NaN
    },
    "2019-06-30": {
        "Diluted EPS": 0.35,
        "Total Revenue": NaN,
        "Gross Profit": NaN,
        "Operating Income": 724,
        "EBIT": NaN,
        "Net Income": 492
    },
    "2019-03-31": {
        "Diluted EPS": 0.3,
        "Total Revenue": NaN,
        "Gross Profit": 927,
        "Operating Income": 642,
        "EBIT": NaN,
        "Net Income": 421
    },
    "2018-12-31": {
        "Diluted EPS": 0.38,
        "Total Revenue": NaN,
        "Gross Profit": NaN,
        "Operating Income": 929,
        "EBIT": NaN,
        "Net Income": 539
    },
    "2018-09-30": {
        "Diluted EPS": 0.46,
        "Total Revenue": NaN,
        "Gross Profit": NaN,
        "Operating Income": 898,
        "EBIT": NaN,
        "Net Income": 644
    },
    "2018-06-30": {
        "Diluted EPS": 0.31,
        "Total Revenue": NaN,
        "Gross Profit": NaN,
        "Operating Income": 835,
        "EBIT": NaN,
        "Net Income": 430
    },
    "2018-03-31": {
        "Diluted EPS": 0.38,
        "Total Revenue": NaN,
        "Gross Profit": NaN,
        "Operating Income": 744,
        "EBIT": NaN,
        "Net Income": 525
    },
    "2017-12-31": {
        "Diluted EPS": -1.62,
        "Total Revenue": NaN,
        "Gross Profit": 977,
        "Operating Income": 581,
        "EBIT": NaN,
        "Net Income": NaN
    },
    "2017-09-30": {
        "Diluted EPS": 0.39,
        "Total Revenue": NaN,
        "Gross Profit": NaN,
        "Operating Income": 755,
        "EBIT": NaN,
        "Net Income": 545
    },
    "2017-06-30": {
        "Diluted EPS": -0.05,
        "Total Revenue": NaN,
        "Gross Profit": 994,
        "Operating Income": 607,
        "EBIT": NaN,
        "Net Income": -74
    },
    "2017-03-31": {
        "Diluted EPS": 0.2,
        "Total Revenue": NaN,
        "Gross Profit": 818,
        "Operating Income": 427,
        "EBIT": NaN,
        "Net Income": 279
    },
    "2016-12-31": {
        "Diluted EPS": -0.21,
        "Total Revenue": NaN,
        "Gross Profit": 914,
        "Operating Income": 478,
        "EBIT": NaN,
        "Net Income": -204
    },
    "2016-09-30": {
        "Diluted EPS": 0.13,
        "Total Revenue": NaN,
        "Gross Profit": 728,
        "Operating Income": 295,
        "EBIT": NaN,
        "Net Income": 176
    },
    "2016-06-30": {
        "Diluted EPS": -1.56,
        "Total Revenue": NaN,
        "Gross Profit": 699,
        "Operating Income": 154,
        "EBIT": NaN,
        "Net Income": NaN
    },
    "2016-03-31": {
        "Diluted EPS": 0.4,
        "Total Revenue": NaN,
        "Gross Profit": NaN,
        "Operating Income": 710,
        "EBIT": NaN,
        "Net Income": 501
    },
    "2015-12-31": {
        "Diluted EPS": -0.79,
        "Total Revenue": NaN,
        "Gross Profit": NaN,
        "Operating Income": NaN,
        "EBIT": NaN,
        "Net Income": NaN
    },
    "2015-09-30": {
        "Diluted EPS": 0.78,
        "Total Revenue": NaN,
        "Gross Profit": NaN,
        "Operating Income": NaN,
        "EBIT": NaN,
        "Net Income": 989
    },
    "2015-06-30": {
        "Diluted EPS": 0.88,
        "Total Revenue": NaN,
        "Gross Profit": NaN,
        "Operating Income": NaN,
        "EBIT": NaN,
        "Net Income": NaN
    },
    "2015-03-31": {
        "Diluted EPS": 0.76,
        "Total Revenue": NaN,
        "Gross Profit": NaN,
        "Operating Income": NaN,
        "EBIT": NaN,
        "Net Income": 975
    },
    "2014-12-31": {
        "Diluted EPS": 0.25,
        "Total Revenue": NaN,
        "Gross Profit": NaN,
        "Operating Income": NaN,
        "EBIT": NaN,
        "Net Income": 302
    },
    "2014-09-30": {
        "Diluted EPS": 1.49,
        "Total Revenue": NaN,
        "Gross Profit": NaN,
        "Operating Income": NaN,
        "EBIT": NaN,
        "Net Income": NaN
    },
    "2014-06-30": {
        "Diluted EPS": 1.21,
        "Total Revenue": NaN,
        "Gross Profit": NaN,
        "Operating Income": NaN,
        "EBIT": NaN,
        "Net Income": NaN
    },
    "2014-03-31": {
        "Diluted EPS": 1.21,
        "Total Revenue": NaN,
        "Gross Profit": NaN,
        "Operating Income": NaN,
        "EBIT": NaN,
        "Net Income": NaN
    },
    "2013-12-31": {
        "Diluted EPS": 1.25,
        "Total Revenue": NaN,
        "Gross Profit": NaN,
        "Operating Income": NaN,
        "EBIT": NaN,
        "Net Income": NaN
    },
    "2013-09-30": {
        "Diluted EPS": 1.29,
        "Total Revenue": NaN,
        "Gross Profit": NaN,
        "Operating Income": NaN,
        "EBIT": NaN,
        "Net Income": NaN
    },
    "2013-06-30": {
        "Diluted EPS": 1.57,
        "Total Revenue": NaN,
        "Gross Profit": NaN,
        "Operating Income": NaN,
        "EBIT": NaN,
        "Net Income": NaN
    },
    "2013-03-31": {
        "Diluted EPS": 0.94,
        "Total Revenue": NaN,
        "Gross Profit": NaN,
        "Operating Income": NaN,
        "EBIT": NaN,
        "Net Income": NaN
    },
    "2012-12-31": {
        "Diluted EPS": 1.01,
        "Total Revenue": NaN,
        "Gross Profit": NaN,
        "Operating Income": NaN,
        "EBIT": NaN,
        "Net Income": NaN
    },
    "2012-09-30": {
        "Diluted EPS": 1.07,
        "Total Revenue": NaN,
        "Gross Profit": NaN,
        "Operating Income": NaN,
        "EBIT": NaN,
        "Net Income": NaN
    },
    "2012-06-30": {
        "Diluted EPS": 1.05,
        "Total Revenue": NaN,
        "Gross Profit": NaN,
        "Operating Income": NaN,
        "EBIT": NaN,
        "Net Income": NaN
    },
    "2012-03-31": {
        "Diluted EPS": 0.97,
        "Total Revenue": NaN,
        "Gross Profit": NaN,
        "Operating Income": NaN,
        "EBIT": NaN,
        "Net Income": NaN
    },
    "2011-12-31": {
        "Diluted EPS": 1.04,
        "Total Revenue": NaN,
        "Gross Profit": NaN,
        "Operating Income": NaN,
        "EBIT": NaN,
        "Net Income": NaN
    },
    "2011-09-30": {
        "Diluted EPS": 0.96,
        "Total Revenue": NaN,
        "Gross Profit": NaN,
        "Operating Income": NaN,
        "EBIT": NaN,
        "Net Income": NaN
    },
    "2011-06-30": {
        "Diluted EPS": 0.98,
        "Total Revenue": NaN,
        "Gross Profit": NaN,
        "Operating Income": NaN,
        "EBIT": NaN,
        "Net Income": NaN
    },
    "2011-03-31": {
        "Diluted EPS": 0.69,
        "Total Revenue": NaN,
        "Gross Profit": NaN,
        "Operating Income": NaN,
        "EBIT": NaN,
        "Net Income": 944
    },
    "2010-12-31": {
        "Diluted EPS": 0.76,
        "Total Revenue": NaN,
        "Gross Profit": NaN,
        "Operating Income": NaN,
        "EBIT": NaN,
        "Net Income": NaN
    },
    "2010-09-30": {
        "Diluted EPS": 1.38,
        "Total Revenue": NaN,
        "Gross Profit": NaN,
        "Operating Income": 663,
        "EBIT": NaN,
        "Net Income": NaN
    },
    "2010-06-30": {
        "Diluted EPS": 0.68,
        "Total Revenue": NaN,
        "Gross Profit": NaN,
        "Operating Income": 995,
        "EBIT": NaN,
        "Net Income": 818
    },
    "2010-03-31": {
        "Diluted EPS": 0.56,
        "Total Revenue": NaN,
        "Gross Profit": NaN,
        "Operating Income": 869,
        "EBIT": NaN,
        "Net Income": 672
    },
    "2009-12-31": {
        "Diluted EPS": 0.65,
        "Total Revenue": NaN,
        "Gross Profit": NaN,
        "Operating Income": 984,
        "EBIT": NaN,
        "Net Income": 796
    },
    "2009-09-30": {
        "Diluted EPS": 0.65,
        "Total Revenue": NaN,
        "Gross Profit": NaN,
        "Operating Income": 960,
        "EBIT": NaN,
        "Net Income": 787
    },
    "2009-06-30": {
        "Diluted EPS": 0.51,
        "Total Revenue": NaN,
        "Gross Profit": NaN,
        "Operating Income": 768,
        "EBIT": NaN,
        "Net Income": 613
    },
    "2009-03-31": {
        "Diluted EPS": 0.78,
        "Total Revenue": NaN,
        "Gross Profit": NaN,
        "Operating Income": NaN,
        "EBIT": NaN,
        "Net Income": 938
    },
    "2023-09-30": {
        "Tax Effect Of Unusual Items": NaN,
        "Tax Rate For Calcs": NaN,
        "Normalized EBITDA": NaN,
        "Total Unusual Items": NaN,
        "Total Unusual Items Excluding Goodwill": NaN,
        "Net Income From Continuing Operation Net Minority Interest": NaN,
        "Reconciled Depreciation": NaN,
        "Reconciled Cost Of Revenue": NaN,
        "EBITDA": NaN,
        "EBIT": NaN,
        "Net Interest Income": NaN,
        "Interest Expense": NaN,
        "Interest Income": NaN,
        "Normalized Income": NaN,
        "Net Income From Continuing And Discontinued Operation": NaN,
        "Total Expenses": NaN,
        "Diluted Average Shares": NaN,
        "Basic Average Shares": NaN,
        "Diluted EPS": NaN,
        "Basic EPS": NaN,
        "Diluted NI Availto Com Stockholders": NaN,
        "Net Income Common Stockholders": NaN,
        "Net Income": NaN,
        "Minority Interests": NaN,
        "Net Income Including Noncontrolling Interests": NaN,
        "Net Income Continuous Operations": NaN,
        "Tax Provision": NaN,
        "Pretax Income": NaN,
        "Other Income Expense": NaN,
        "Special Income Charges": NaN,
        "Gain On Sale Of Ppe": 0.0,
        "Gain On Sale Of Business": NaN,
        "Restructuring And Mergern Acquisition": NaN,
        "Earnings From Equity Interest": NaN,
        "Net Non Operating Interest Income Expense": NaN,
        "Interest Expense Non Operating": NaN,
        "Interest Income Non Operating": NaN,
        "Operating Income": NaN,
        "Operating Expense": NaN,
        "Research And Development": NaN,
        "Selling General And Administration": NaN,
        "General And Administrative Expense": NaN,
        "Other Gand A": NaN,
        "Gross Profit": NaN,
        "Cost Of Revenue": NaN,
        "Total Revenue": NaN,
        "Operating Revenue": NaN
    },
    "2023-12-31": {
        "Tax Effect Of Unusual Items": NaN,
        "Tax Rate For Calcs": NaN,
        "Normalized EBITDA": NaN,
        "Total Unusual Items": NaN,
        "Total Unusual Items Excluding Goodwill": NaN,
        "Net Income From Continuing Operation Net Minority Interest": NaN,
        "Reconciled Depreciation": NaN,
        "Reconciled Cost Of Revenue": NaN,
        "EBITDA": NaN,
        "EBIT": NaN,
        "Net Interest Income": NaN,
        "Interest Expense": NaN,
        "Interest Income": NaN,
        "Normalized Income": NaN,
        "Net Income From Continuing And Discontinued Operation": NaN,
        "Total Expenses": NaN,
        "Diluted Average Shares": NaN,
        "Basic Average Shares": NaN,
        "Diluted EPS": NaN,
        "Basic EPS": NaN,
        "Diluted NI Availto Com Stockholders": NaN,
        "Net Income Common Stockholders": NaN,
        "Net Income": NaN,
        "Minority Interests": NaN,
        "Net Income Including Noncontrolling Interests": NaN,
        "Net Income Continuous Operations": NaN,
        "Tax Provision": NaN,
        "Pretax Income": NaN,
        "Other Income Expense": NaN,
        "Special Income Charges": NaN,
        "Gain On Sale Of Ppe": 0.0,
        "Gain On Sale Of Business": NaN,
        "Restructuring And Mergern Acquisition": NaN,
        "Earnings From Equity Interest": NaN,
        "Net Non Operating Interest Income Expense": NaN,
        "Interest Expense Non Operating": NaN,
        "Interest Income Non Operating": NaN,
        "Operating Income": NaN,
        "Operating Expense": NaN,
        "Research And Development": NaN,
        "Selling General And Administration": NaN,
        "General And Administrative Expense": NaN,
        "Other Gand A": NaN,
        "Gross Profit": NaN,
        "Cost Of Revenue": NaN,
        "Total Revenue": NaN,
        "Operating Revenue": NaN
    },
    "2024-03-31": {
        "Tax Effect Of Unusual Items": NaN,
        "Tax Rate For Calcs": NaN,
        "Normalized EBITDA": NaN,
        "Total Unusual Items": NaN,
        "Total Unusual Items Excluding Goodwill": NaN,
        "Net Income From Continuing Operation Net Minority Interest": NaN,
        "Reconciled Depreciation": NaN,
        "Reconciled Cost Of Revenue": NaN,
        "EBITDA": NaN,
        "EBIT": NaN,
        "Net Interest Income": NaN,
        "Interest Expense": NaN,
        "Interest Income": NaN,
        "Normalized Income": NaN,
        "Net Income From Continuing And Discontinued Operation": NaN,
        "Total Expenses": NaN,
        "Diluted Average Shares": NaN,
        "Basic Average Shares": NaN,
        "Diluted EPS": NaN,
        "Basic EPS": NaN,
        "Diluted NI Availto Com Stockholders": NaN,
        "Net Income Common Stockholders": NaN,
        "Net Income": NaN,
        "Minority Interests": NaN,
        "Net Income Including Noncontrolling Interests": NaN,
        "Net Income Continuous Operations": NaN,
        "Tax Provision": NaN,
        "Pretax Income": NaN,
        "Other Income Expense": NaN,
        "Special Income Charges": NaN,
        "Gain On Sale Of Business": 0.0,
        "Restructuring And Mergern Acquisition": NaN,
        "Earnings From Equity Interest": NaN,
        "Net Non Operating Interest Income Expense": NaN,
        "Interest Expense Non Operating": NaN,
        "Interest Income Non Operating": NaN,
        "Operating Income": NaN,
        "Operating Expense": NaN,
        "Research And Development": NaN,
        "Selling General And Administration": NaN,
        "General And Administrative Expense": NaN,
        "Other Gand A": NaN,
        "Gross Profit": NaN,
        "Cost Of Revenue": NaN,
        "Total Revenue": NaN,
        "Operating Revenue": NaN
    },
    "2024-06-30": {
        "Tax Effect Of Unusual Items": NaN,
        "Tax Rate For Calcs": NaN,
        "Normalized EBITDA": NaN,
        "Total Unusual Items": NaN,
        "Total Unusual Items Excluding Goodwill": NaN,
        "Net Income From Continuing Operation Net Minority Interest": NaN,
        "Reconciled Depreciation": NaN,
        "Reconciled Cost Of Revenue": NaN,
        "EBITDA": NaN,
        "EBIT": NaN,
        "Net Interest Income": NaN,
        "Interest Expense": NaN,
        "Interest Income": NaN,
        "Normalized Income": NaN,
        "Net Income From Continuing And Discontinued Operation": NaN,
        "Total Expenses": NaN,
        "Diluted Average Shares": NaN,
        "Basic Average Shares": NaN,
        "Diluted EPS": NaN,
        "Basic EPS": NaN,
        "Diluted NI Availto Com Stockholders": NaN,
        "Net Income Common Stockholders": NaN,
        "Net Income": NaN,
        "Minority Interests": NaN,
        "Net Income Including Noncontrolling Interests": NaN,
        "Net Income Continuous Operations": NaN,
        "Tax Provision": NaN,
        "Pretax Income": NaN,
        "Other Income Expense": NaN,
        "Special Income Charges": NaN,
        "Gain On Sale Of Business": 0.0,
        "Restructuring And Mergern Acquisition": NaN,
        "Earnings From Equity Interest": NaN,
        "Net Non Operating Interest Income Expense": NaN,
        "Interest Expense Non Operating": NaN,
        "Interest Income Non Operating": NaN,
        "Operating Income": NaN,
        "Operating Expense": NaN,
        "Research And Development": NaN,
        "Selling General And Administration": NaN,
        "General And Administrative Expense": NaN,
        "Other Gand A": NaN,
        "Gross Profit": NaN,
        "Cost Of Revenue": NaN,
        "Total Revenue": NaN,
        "Operating Revenue": NaN
    },
    "2024-09-30": {
        "Tax Effect Of Unusual Items": NaN,
        "Tax Rate For Calcs": NaN,
        "Normalized EBITDA": NaN,
        "Total Unusual Items": NaN,
        "Total Unusual Items Excluding Goodwill": NaN,
        "Net Income From Continuing Operation Net Minority Interest": NaN,
        "Reconciled Depreciation": NaN,
        "Reconciled Cost Of Revenue": NaN,
        "EBITDA": NaN,
        "EBIT": NaN,
        "Net Interest Income": NaN,
        "Interest Expense": NaN,
        "Interest Income": NaN,
        "Normalized Income": NaN,
        "Net Income From Continuing And Discontinued Operation": NaN,
        "Total Expenses": NaN,
        "Diluted Average Shares": NaN,
        "Basic Average Shares": NaN,
        "Diluted EPS": NaN,
        "Basic EPS": NaN,
        "Diluted NI Availto Com Stockholders": NaN,
        "Net Income Common Stockholders": NaN,
        "Net Income": NaN,
        "Minority Interests": NaN,
        "Net Income Including Noncontrolling Interests": NaN,
        "Net Income Continuous Operations": NaN,
        "Tax Provision": NaN,
        "Pretax Income": NaN,
        "Other Income Expense": NaN,
        "Special Income Charges": NaN,
        "Gain On Sale Of Business": 0.0,
        "Restructuring And Mergern Acquisition": NaN,
        "Earnings From Equity Interest": NaN,
        "Net Non Operating Interest Income Expense": NaN,
        "Interest Expense Non Operating": NaN,
        "Interest Income Non Operating": NaN,
        "Operating Income": NaN,
        "Operating Expense": NaN,
        "Research And Development": NaN,
        "Selling General And Administration": NaN,
        "General And Administrative Expense": NaN,
        "Other Gand A": NaN,
        "Gross Profit": NaN,
        "Cost Of Revenue": NaN,
        "Total Revenue": NaN,
        "Operating Revenue": NaN
    },
    "2024-12-31": {
        "Tax Effect Of Unusual Items": -50813266.041817,
        "Tax Rate For Calcs": 0.193944,
        "Normalized EBITDA": 1794000000.0,
        "Total Unusual Items": -262000000.0,
        "Total Unusual Items Excluding Goodwill": -262000000.0,
        "Net Income From Continuing Operation Net Minority Interest": 1095000000.0,
        "Reconciled Depreciation": 14000000.0,
        "Reconciled Cost Of Revenue": 7323000000.0,
        "EBITDA": 1532000000.0,
        "EBIT": 1518000000.0,
        "Net Interest Income": -86000000.0,
        "Interest Expense": 131000000.0,
        "Interest Income": 45000000.0,
        "Normalized Income": 1306186733.958183,
        "Net Income From Continuing And Discontinued Operation": 1095000000.0,
        "Total Expenses": 7595000000.0,
        "Diluted Average Shares": 1420000000.0,
        "Basic Average Shares": 1406000000.0,
        "Diluted EPS": 0.77,
        "Basic EPS": 0.778805,
        "Diluted NI Availto Com Stockholders": 1095000000.0,
        "Net Income Common Stockholders": 1095000000.0,
        "Net Income": 1095000000.0,
        "Minority Interests": -23000000.0,
        "Net Income Including Noncontrolling Interests": 1118000000.0,
        "Net Income Continuous Operations": 1118000000.0,
        "Tax Provision": 269000000.0,
        "Pretax Income": 1387000000.0,
        "Other Income Expense": -216000000.0,
        "Special Income Charges": -262000000.0,
        "Gain On Sale Of Business": 24000000.0,
        "Restructuring And Mergern Acquisition": 286000000.0,
        "Earnings From Equity Interest": 46000000.0,
        "Net Non Operating Interest Income Expense": -86000000.0,
        "Interest Expense Non Operating": 131000000.0,
        "Interest Income Non Operating": 45000000.0,
        "Operating Income": 1689000000.0,
        "Operating Expense": 272000000.0,
        "Research And Development": 192000000.0,
        "Selling General And Administration": 80000000.0,
        "General And Administrative Expense": 80000000.0,
        "Other Gand A": 80000000.0,
        "Gross Profit": 1961000000.0,
        "Cost Of Revenue": 7323000000.0,
        "Total Revenue": 9284000000.0,
        "Operating Revenue": 9284000000.0
    },
    "2025-03-31": {
        "Tax Effect Of Unusual Items": -45320000.0,
        "Tax Rate For Calcs": 0.22,
        "Normalized EBITDA": 2056000000.0,
        "Total Unusual Items": -206000000.0,
        "Total Unusual Items Excluding Goodwill": -206000000.0,
        "Net Income From Continuing Operation Net Minority Interest": 797000000.0,
        "Reconciled Depreciation": 640000000.0,
        "Reconciled Cost Of Revenue": 6884000000.0,
        "EBITDA": 1850000000.0,
        "EBIT": 1210000000.0,
        "Net Interest Income": -111000000.0,
        "Interest Expense": 147000000.0,
        "Interest Income": 36000000.0,
        "Normalized Income": 957680000.0,
        "Net Income From Continuing And Discontinued Operation": 797000000.0,
        "Total Expenses": 7152000000.0,
        "Diluted Average Shares": 1380000000.0,
        "Basic Average Shares": 1366000000.0,
        "Diluted EPS": 0.58,
        "Basic EPS": 0.58,
        "Diluted NI Availto Com Stockholders": 797000000.0,
        "Net Income Common Stockholders": 797000000.0,
        "Net Income": 797000000.0,
        "Minority Interests": -32000000.0,
        "Net Income Including Noncontrolling Interests": 829000000.0,
        "Net Income Continuous Operations": 829000000.0,
        "Tax Provision": 234000000.0,
        "Pretax Income": 1063000000.0,
        "Other Income Expense": -164000000.0,
        "Special Income Charges": -206000000.0,
        "Gain On Sale Of Business": NaN,
        "Restructuring And Mergern Acquisition": 206000000.0,
        "Earnings From Equity Interest": 42000000.0,
        "Net Non Operating Interest Income Expense": -111000000.0,
        "Interest Expense Non Operating": 147000000.0,
        "Interest Income Non Operating": 36000000.0,
        "Operating Income": 1338000000.0,
        "Operating Expense": 268000000.0,
        "Research And Development": 172000000.0,
        "Selling General And Administration": 96000000.0,
        "General And Administrative Expense": 96000000.0,
        "Other Gand A": 96000000.0,
        "Gross Profit": 1606000000.0,
        "Cost Of Revenue": 6884000000.0,
        "Total Revenue": 8490000000.0,
        "Operating Revenue": 8490000000.0
    },
    "2025-06-30": {
        "Tax Effect Of Unusual Items": -3780000.0,
        "Tax Rate For Calcs": 0.18,
        "Normalized EBITDA": 2081000000.0,
        "Total Unusual Items": -21000000.0,
        "Total Unusual Items Excluding Goodwill": -21000000.0,
        "Net Income From Continuing Operation Net Minority Interest": 1014000000.0,
        "Reconciled Depreciation": 633000000.0,
        "Reconciled Cost Of Revenue": 6934000000.0,
        "EBITDA": 2060000000.0,
        "EBIT": 1427000000.0,
        "Net Interest Income": -111000000.0,
        "Interest Expense": 142000000.0,
        "Interest Income": 31000000.0,
        "Normalized Income": 1031220000.0,
        "Net Income From Continuing And Discontinued Operation": 1014000000.0,
        "Total Expenses": 7201000000.0,
        "Diluted Average Shares": 1366000000.0,
        "Basic Average Shares": 1352000000.0,
        "Diluted EPS": 0.74,
        "Basic EPS": 0.75,
        "Diluted NI Availto Com Stockholders": 1014000000.0,
        "Net Income Common Stockholders": 1014000000.0,
        "Net Income": 1014000000.0,
        "Minority Interests": -34000000.0,
        "Net Income Including Noncontrolling Interests": 1048000000.0,
        "Net Income Continuous Operations": 1048000000.0,
        "Tax Provision": 237000000.0,
        "Pretax Income": 1285000000.0,
        "Other Income Expense": 51000000.0,
        "Special Income Charges": -21000000.0,
        "Gain On Sale Of Business": 149000000.0,
        "Restructuring And Mergern Acquisition": 170000000.0,
        "Earnings From Equity Interest": 72000000.0,
        "Net Non Operating Interest Income Expense": -111000000.0,
        "Interest Expense Non Operating": 142000000.0,
        "Interest Income Non Operating": 31000000.0,
        "Operating Income": 1345000000.0,
        "Operating Expense": 267000000.0,
        "Research And Development": 180000000.0,
        "Selling General And Administration": 87000000.0,
        "General And Administrative Expense": 87000000.0,
        "Other Gand A": 87000000.0,
        "Gross Profit": 1612000000.0,
        "Cost Of Revenue": 6934000000.0,
        "Total Revenue": 8546000000.0,
        "Operating Revenue": 8546000000.0
    },
    "2025-09-30": {
        "Tax Effect Of Unusual Items": -57960000.0,
        "Tax Rate For Calcs": 0.23,
        "Normalized EBITDA": 2032000000.0,
        "Total Unusual Items": -252000000.0,
        "Total Unusual Items Excluding Goodwill": -252000000.0,
        "Net Income From Continuing Operation Net Minority Interest": 739000000.0,
        "Reconciled Depreciation": 638000000.0,
        "Reconciled Cost Of Revenue": 7370000000.0,
        "EBITDA": 1780000000.0,
        "EBIT": 1142000000.0,
        "Net Interest Income": -105000000.0,
        "Interest Expense": 142000000.0,
        "Interest Income": 37000000.0,
        "Normalized Income": 933040000.0,
        "Net Income From Continuing And Discontinued Operation": 739000000.0,
        "Total Expenses": 7612000000.0,
        "Diluted Average Shares": 1488000000.0,
        "Basic Average Shares": 1471000000.0,
        "Diluted EPS": 0.5,
        "Basic EPS": 0.502379,
        "Diluted NI Availto Com Stockholders": 739000000.0,
        "Net Income Common Stockholders": 739000000.0,
        "Net Income": 739000000.0,
        "Minority Interests": -35000000.0,
        "Net Income Including Noncontrolling Interests": 774000000.0,
        "Net Income Continuous Operations": 774000000.0,
        "Tax Provision": 226000000.0,
        "Pretax Income": 1000000000.0,
        "Other Income Expense": -211000000.0,
        "Special Income Charges": -252000000.0,
        "Gain On Sale Of Business": 0.0,
        "Restructuring And Mergern Acquisition": 252000000.0,
        "Earnings From Equity Interest": 41000000.0,
        "Net Non Operating Interest Income Expense": -105000000.0,
        "Interest Expense Non Operating": 142000000.0,
        "Interest Income Non Operating": 37000000.0,
        "Operating Income": 1316000000.0,
        "Operating Expense": 242000000.0,
        "Research And Development": 170000000.0,
        "Selling General And Administration": 72000000.0,
        "General And Administrative Expense": 72000000.0,
        "Other Gand A": 72000000.0,
        "Gross Profit": 1558000000.0,
        "Cost Of Revenue": 7370000000.0,
        "Total Revenue": 8928000000.0,
        "Operating Revenue": 8928000000.0
    },
    "2025-12-31": {
        "Tax Effect Of Unusual Items": -70059384.941676,
        "Tax Rate For Calcs": 0.151644,
        "Normalized EBITDA": 1729000000.0,
        "Total Unusual Items": -462000000.0,
        "Total Unusual Items Excluding Goodwill": -462000000.0,
        "Net Income From Continuing Operation Net Minority Interest": 824000000.0,
        "Reconciled Depreciation": 198000000.0,
        "Reconciled Cost Of Revenue": 8016000000.0,
        "EBITDA": 1267000000.0,
        "EBIT": 1069000000.0,
        "Net Interest Income": -94000000.0,
        "Interest Expense": 126000000.0,
        "Interest Income": 32000000.0,
        "Normalized Income": 1215940615.058324,
        "Net Income From Continuing And Discontinued Operation": 824000000.0,
        "Total Expenses": 8287000000.0,
        "Diluted Average Shares": 1511000000.0,
        "Basic Average Shares": 1495000000.0,
        "Diluted EPS": 0.55,
        "Basic EPS": 0.551171,
        "Diluted NI Availto Com Stockholders": 824000000.0,
        "Net Income Common Stockholders": 824000000.0,
        "Net Income": 824000000.0,
        "Minority Interests": 24000000.0,
        "Net Income Including Noncontrolling Interests": 800000000.0,
        "Net Income Continuous Operations": 800000000.0,
        "Tax Provision": 143000000.0,
        "Pretax Income": 943000000.0,
        "Other Income Expense": -421000000.0,
        "Special Income Charges": -462000000.0,
        "Gain On Sale Of Business": 0.0,
        "Restructuring And Mergern Acquisition": 131000000.0,
        "Earnings From Equity Interest": 41000000.0,
        "Net Non Operating Interest Income Expense": -94000000.0,
        "Interest Expense Non Operating": 126000000.0,
        "Interest Income Non Operating": 32000000.0,
        "Operating Income": 1458000000.0,
        "Operating Expense": 271000000.0,
        "Research And Development": 187000000.0,
        "Selling General And Administration": 84000000.0,
        "General And Administrative Expense": 84000000.0,
        "Other Gand A": 84000000.0,
        "Gross Profit": 1729000000.0,
        "Cost Of Revenue": 8016000000.0,
        "Total Revenue": 9745000000.0,
        "Operating Revenue": 9745000000.0
    }
}