{
    "2023-03-31": {
        "Tax Effect Of Unusual Items": NaN,
        "Tax Rate For Calcs": NaN,
        "Normalized EBITDA": NaN,
        "Total Unusual Items": NaN,
        "Total Unusual Items Excluding Goodwill": NaN,
        "Net Income From Continuing Operation Net Minority Interest": NaN,
        "Reconciled Depreciation": NaN,
        "EBITDA": NaN,
        "EBIT": NaN,
        "Net Interest Income": NaN,
        "Interest Expense": NaN,
        "Interest Income": NaN,
        "Normalized Income": NaN,
        "Net Income From Continuing And Discontinued Operation": NaN,
        "Total Expenses": NaN,
        "Total Operating Income As Reported": NaN,
        "Diluted Average Shares": NaN,
        "Basic Average Shares": NaN,
        "Diluted EPS": NaN,
        "Basic EPS": NaN,
        "Diluted NI Availto Com Stockholders": NaN,
        "Net Income Common Stockholders": NaN,
        "Net Income": NaN,
        "Net Income Including Noncontrolling Interests": NaN,
        "Net Income Continuous Operations": NaN,
        "Pretax Income": NaN,
        "Other Income Expense": NaN,
        "Other Non Operating Income Expenses": NaN,
        "Special Income Charges": NaN,
        "Restructuring And Mergern Acquisition": NaN,
        "Net Non Operating Interest Income Expense": NaN,
        "Total Other Finance Cost": -1678000.0,
        "Interest Expense Non Operating": NaN,
        "Interest Income Non Operating": NaN,
        "Operating Income": NaN,
        "Operating Expense": NaN,
        "Research And Development": NaN,
        "Selling General And Administration": NaN,
        "General And Administrative Expense": NaN,
        "Other Gand A": NaN,
        "Total Revenue": NaN,
        "Operating Revenue": NaN
    },
    "2022-12-31": {
        "Tax Effect Of Unusual Items": NaN,
        "Tax Rate For Calcs": NaN,
        "Normalized EBITDA": NaN,
        "Total Unusual Items": 12578000.0,
        "Total Unusual Items Excluding Goodwill": 12578000.0,
        "Net Income From Continuing Operation Net Minority Interest": NaN,
        "Reconciled Depreciation": NaN,
        "EBITDA": NaN,
        "EBIT": NaN,
        "Net Interest Income": NaN,
        "Interest Expense": NaN,
        "Interest Income": NaN,
        "Normalized Income": NaN,
        "Net Income From Continuing And Discontinued Operation": NaN,
        "Total Expenses": NaN,
        "Total Operating Income As Reported": NaN,
        "Diluted Average Shares": NaN,
        "Basic Average Shares": NaN,
        "Diluted EPS": NaN,
        "Basic EPS": NaN,
        "Diluted NI Availto Com Stockholders": NaN,
        "Net Income Common Stockholders": NaN,
        "Net Income": NaN,
        "Net Income Including Noncontrolling Interests": NaN,
        "Net Income Continuous Operations": NaN,
        "Pretax Income": NaN,
        "Other Income Expense": NaN,
        "Other Non Operating Income Expenses": NaN,
        "Special Income Charges": 12578000.0,
        "Restructuring And Mergern Acquisition": -12578000.0,
        "Net Non Operating Interest Income Expense": NaN,
        "Total Other Finance Cost": NaN,
        "Interest Expense Non Operating": NaN,
        "Interest Income Non Operating": NaN,
        "Operating Income": NaN,
        "Operating Expense": NaN,
        "Research And Development": NaN,
        "Selling General And Administration": NaN,
        "General And Administrative Expense": NaN,
        "Other Gand A": NaN,
        "Total Revenue": NaN,
        "Operating Revenue": NaN
    },
    "2022-09-30": {
        "Tax Effect Of Unusual Items": NaN,
        "Tax Rate For Calcs": NaN,
        "Normalized EBITDA": NaN,
        "Total Unusual Items": 0.0,
        "Total Unusual Items Excluding Goodwill": 0.0,
        "Net Income From Continuing Operation Net Minority Interest": NaN,
        "Reconciled Depreciation": NaN,
        "EBITDA": NaN,
        "EBIT": NaN,
        "Net Interest Income": NaN,
        "Interest Expense": NaN,
        "Interest Income": NaN,
        "Normalized Income": NaN,
        "Net Income From Continuing And Discontinued Operation": NaN,
        "Total Expenses": NaN,
        "Total Operating Income As Reported": NaN,
        "Diluted Average Shares": 7532706.0,
        "Basic Average Shares": 7532706.0,
        "Diluted EPS": -2.71,
        "Basic EPS": -2.71,
        "Diluted NI Availto Com Stockholders": NaN,
        "Net Income Common Stockholders": NaN,
        "Net Income": NaN,
        "Net Income Including Noncontrolling Interests": NaN,
        "Net Income Continuous Operations": NaN,
        "Pretax Income": NaN,
        "Other Income Expense": NaN,
        "Other Non Operating Income Expenses": NaN,
        "Special Income Charges": 0.0,
        "Restructuring And Mergern Acquisition": 0.0,
        "Net Non Operating Interest Income Expense": NaN,
        "Total Other Finance Cost": NaN,
        "Interest Expense Non Operating": NaN,
        "Interest Income Non Operating": NaN,
        "Operating Income": NaN,
        "Operating Expense": NaN,
        "Research And Development": NaN,
        "Selling General And Administration": NaN,
        "General And Administrative Expense": NaN,
        "Other Gand A": NaN,
        "Total Revenue": NaN,
        "Operating Revenue": NaN
    },
    "2022-06-30": {
        "Tax Effect Of Unusual Items": 0.0,
        "Tax Rate For Calcs": 0.0,
        "Normalized EBITDA": -21620000.0,
        "Total Unusual Items": -1520000.0,
        "Total Unusual Items Excluding Goodwill": -1520000.0,
        "Net Income From Continuing Operation Net Minority Interest": -25092000.0,
        "Reconciled Depreciation": 722000.0,
        "EBITDA": -23140000.0,
        "EBIT": -23862000.0,
        "Net Interest Income": NaN,
        "Interest Income": NaN,
        "Normalized Income": -23572000.0,
        "Net Income From Continuing And Discontinued Operation": -25092000.0,
        "Total Expenses": 30031000.0,
        "Total Operating Income As Reported": -25382000.0,
        "Diluted Average Shares": 7523964.0,
        "Basic Average Shares": 7523964.0,
        "Diluted EPS": -3.33,
        "Basic EPS": -3.33,
        "Diluted NI Availto Com Stockholders": -25092000.0,
        "Net Income Common Stockholders": -25092000.0,
        "Net Income": -25092000.0,
        "Net Income Including Noncontrolling Interests": -25092000.0,
        "Net Income Continuous Operations": -25092000.0,
        "Pretax Income": -25092000.0,
        "Other Income Expense": -1230000.0,
        "Other Non Operating Income Expenses": 290000.0,
        "Special Income Charges": -1520000.0,
        "Restructuring And Mergern Acquisition": 1520000.0,
        "Net Non Operating Interest Income Expense": NaN,
        "Total Other Finance Cost": NaN,
        "Interest Income Non Operating": NaN,
        "Operating Income": -23862000.0,
        "Operating Expense": 30031000.0,
        "Research And Development": 23180000.0,
        "Selling General And Administration": 6851000.0,
        "General And Administrative Expense": 6851000.0,
        "Other Gand A": 6851000.0,
        "Total Revenue": 6169000.0,
        "Operating Revenue": 6169000.0
    },
    "2022-03-31": {
        "Diluted EPS": -3.37,
        "Total Revenue": 2,
        "Gross Profit": 2,
        "Operating Income": -25,
        "EBIT": -24,
        "Net Income": -25
    },
    "2021-12-31": {
        "Diluted EPS": -2.34,
        "Total Revenue": 3,
        "Gross Profit": 3,
        "Operating Income": -19,
        "EBIT": -17,
        "Net Income": -19
    },
    "2021-09-30": {
        "Diluted EPS": -2.4,
        "Total Revenue": 4,
        "Gross Profit": 4,
        "Operating Income": -18,
        "EBIT": -17,
        "Net Income": -18
    },
    "2021-06-30": {
        "Diluted EPS": -2.55,
        "Total Revenue": 4,
        "Gross Profit": 4,
        "Operating Income": -19,
        "EBIT": -18,
        "Net Income": -19
    },
    "2021-03-31": {
        "Diluted EPS": -2.85,
        "Total Revenue": 3,
        "Gross Profit": 3,
        "Operating Income": -17,
        "EBIT": -16,
        "Net Income": -17
    },
    "2020-12-31": {
        "Diluted EPS": -4.66,
        "Total Revenue": NaN,
        "Gross Profit": NaN,
        "Operating Income": -21,
        "EBIT": -21,
        "Net Income": -21
    },
    "2020-09-30": {
        "Diluted EPS": -6.6,
        "Total Revenue": NaN,
        "Gross Profit": NaN,
        "Operating Income": -21,
        "EBIT": -20,
        "Net Income": -21
    },
    "2020-06-30": {
        "Diluted EPS": -5.85,
        "Total Revenue": NaN,
        "Gross Profit": NaN,
        "Operating Income": -19,
        "EBIT": -18,
        "Net Income": -19
    },
    "2020-03-31": {
        "Diluted EPS": -8.4,
        "Total Revenue": NaN,
        "Gross Profit": NaN,
        "Operating Income": -27,
        "EBIT": -26,
        "Net Income": -27
    },
    "2019-12-31": {
        "Diluted EPS": -9.45,
        "Total Revenue": NaN,
        "Gross Profit": NaN,
        "Operating Income": -32,
        "EBIT": -32,
        "Net Income": -32
    },
    "2019-09-30": {
        "Diluted EPS": -10.05,
        "Total Revenue": NaN,
        "Gross Profit": NaN,
        "Operating Income": -30,
        "EBIT": -29,
        "Net Income": -29
    },
    "2019-06-30": {
        "Diluted EPS": -11.39,
        "Total Revenue": NaN,
        "Gross Profit": NaN,
        "Operating Income": -27,
        "EBIT": -26,
        "Net Income": -27
    },
    "2019-03-31": {
        "Diluted EPS": -12.74,
        "Total Revenue": NaN,
        "Gross Profit": NaN,
        "Operating Income": -30,
        "EBIT": -30,
        "Net Income": -30
    },
    "2018-12-31": {
        "Diluted EPS": -9.6,
        "Total Revenue": NaN,
        "Gross Profit": NaN,
        "Operating Income": -22,
        "EBIT": -22,
        "Net Income": -22
    },
    "2018-09-30": {
        "Diluted EPS": -8.25,
        "Total Revenue": NaN,
        "Gross Profit": NaN,
        "Operating Income": -19,
        "EBIT": -19,
        "Net Income": -19
    },
    "2018-06-30": {
        "Diluted EPS": -7.8,
        "Total Revenue": NaN,
        "Gross Profit": NaN,
        "Operating Income": -18,
        "EBIT": -18,
        "Net Income": -18
    },
    "2018-03-31": {
        "Diluted EPS": -8.1,
        "Total Revenue": NaN,
        "Gross Profit": NaN,
        "Operating Income": -16,
        "EBIT": -16,
        "Net Income": -16
    },
    "2017-12-31": {
        "Diluted EPS": -12.59,
        "Total Revenue": NaN,
        "Gross Profit": NaN,
        "Operating Income": -15,
        "EBIT": -15,
        "Net Income": -14
    },
    "2017-09-30": {
        "Diluted EPS": -11.84,
        "Total Revenue": NaN,
        "Gross Profit": NaN,
        "Operating Income": -14,
        "EBIT": -14,
        "Net Income": -14
    },
    "2017-06-30": {
        "Diluted EPS": -9.9,
        "Total Revenue": NaN,
        "Gross Profit": NaN,
        "Operating Income": -12,
        "EBIT": -12,
        "Net Income": -11
    },
    "2017-03-31": {
        "Diluted EPS": -0.15,
        "Total Revenue": NaN,
        "Gross Profit": NaN,
        "Operating Income": -14,
        "EBIT": -14,
        "Net Income": 0
    },
    "2016-12-31": {
        "Diluted EPS": 0.0,
        "Total Revenue": NaN,
        "Gross Profit": NaN,
        "Operating Income": NaN,
        "EBIT": NaN,
        "Net Income": NaN
    },
    "2015-12-31": {
        "Diluted EPS": 0.0,
        "Total Revenue": NaN,
        "Gross Profit": NaN,
        "Operating Income": NaN,
        "EBIT": NaN,
        "Net Income": NaN
    },
    "2023-06-30": {
        "Tax Effect Of Unusual Items": NaN,
        "Tax Rate For Calcs": NaN,
        "Normalized EBITDA": NaN,
        "Total Unusual Items": NaN,
        "Total Unusual Items Excluding Goodwill": NaN,
        "Net Income From Continuing Operation Net Minority Interest": NaN,
        "Reconciled Depreciation": NaN,
        "EBITDA": NaN,
        "EBIT": NaN,
        "Net Interest Income": NaN,
        "Interest Expense": NaN,
        "Interest Income": NaN,
        "Normalized Income": NaN,
        "Net Income From Continuing And Discontinued Operation": NaN,
        "Total Expenses": NaN,
        "Total Operating Income As Reported": NaN,
        "Diluted Average Shares": 19663672.0,
        "Basic Average Shares": 19663672.0,
        "Diluted EPS": -1.25,
        "Basic EPS": -1.25,
        "Diluted NI Availto Com Stockholders": NaN,
        "Net Income Common Stockholders": NaN,
        "Net Income": NaN,
        "Net Income Including Noncontrolling Interests": NaN,
        "Net Income Continuous Operations": NaN,
        "Pretax Income": NaN,
        "Other Income Expense": NaN,
        "Other Non Operating Income Expenses": NaN,
        "Special Income Charges": NaN,
        "Restructuring And Mergern Acquisition": NaN,
        "Net Non Operating Interest Income Expense": NaN,
        "Interest Expense Non Operating": NaN,
        "Interest Income Non Operating": NaN,
        "Operating Income": NaN,
        "Operating Expense": NaN,
        "Research And Development": NaN,
        "Selling General And Administration": NaN,
        "General And Administrative Expense": NaN,
        "Other Gand A": NaN,
        "Total Revenue": NaN,
        "Operating Revenue": NaN
    },
    "2023-09-30": {
        "Tax Effect Of Unusual Items": NaN,
        "Tax Rate For Calcs": NaN,
        "Normalized EBITDA": NaN,
        "Total Unusual Items": NaN,
        "Total Unusual Items Excluding Goodwill": NaN,
        "Net Income From Continuing Operation Net Minority Interest": NaN,
        "Reconciled Depreciation": NaN,
        "EBITDA": NaN,
        "EBIT": NaN,
        "Net Interest Income": NaN,
        "Interest Expense": NaN,
        "Interest Income": NaN,
        "Normalized Income": NaN,
        "Net Income From Continuing And Discontinued Operation": NaN,
        "Total Expenses": NaN,
        "Total Operating Income As Reported": NaN,
        "Diluted Average Shares": 20059641.0,
        "Basic Average Shares": 20059641.0,
        "Diluted EPS": -1.05,
        "Basic EPS": -1.05,
        "Diluted NI Availto Com Stockholders": NaN,
        "Net Income Common Stockholders": NaN,
        "Net Income": NaN,
        "Net Income Including Noncontrolling Interests": NaN,
        "Net Income Continuous Operations": NaN,
        "Pretax Income": NaN,
        "Other Income Expense": NaN,
        "Other Non Operating Income Expenses": NaN,
        "Special Income Charges": 0.0,
        "Restructuring And Mergern Acquisition": 0.0,
        "Gain On Sale Of Security": NaN,
        "Net Non Operating Interest Income Expense": NaN,
        "Interest Expense Non Operating": NaN,
        "Interest Income Non Operating": NaN,
        "Operating Income": NaN,
        "Operating Expense": NaN,
        "Research And Development": NaN,
        "Selling General And Administration": NaN,
        "General And Administrative Expense": NaN,
        "Other Gand A": NaN,
        "Total Revenue": NaN,
        "Operating Revenue": NaN
    },
    "2023-12-31": {
        "Tax Effect Of Unusual Items": NaN,
        "Tax Rate For Calcs": NaN,
        "Normalized EBITDA": NaN,
        "Total Unusual Items": NaN,
        "Total Unusual Items Excluding Goodwill": NaN,
        "Net Income From Continuing Operation Net Minority Interest": NaN,
        "Reconciled Depreciation": NaN,
        "EBITDA": NaN,
        "EBIT": NaN,
        "Net Interest Income": NaN,
        "Interest Expense": NaN,
        "Interest Income": NaN,
        "Normalized Income": NaN,
        "Net Income From Continuing And Discontinued Operation": NaN,
        "Total Expenses": NaN,
        "Total Operating Income As Reported": NaN,
        "Diluted Average Shares": NaN,
        "Basic Average Shares": NaN,
        "Diluted EPS": NaN,
        "Basic EPS": NaN,
        "Diluted NI Availto Com Stockholders": NaN,
        "Net Income Common Stockholders": NaN,
        "Net Income": NaN,
        "Net Income Including Noncontrolling Interests": NaN,
        "Net Income Continuous Operations": NaN,
        "Pretax Income": NaN,
        "Other Income Expense": NaN,
        "Other Non Operating Income Expenses": NaN,
        "Special Income Charges": 0.0,
        "Restructuring And Mergern Acquisition": 0.0,
        "Gain On Sale Of Security": NaN,
        "Net Non Operating Interest Income Expense": NaN,
        "Interest Expense Non Operating": NaN,
        "Interest Income Non Operating": NaN,
        "Operating Income": NaN,
        "Operating Expense": NaN,
        "Research And Development": NaN,
        "Selling General And Administration": NaN,
        "General And Administrative Expense": NaN,
        "Other Gand A": NaN,
        "Total Revenue": NaN,
        "Operating Revenue": NaN
    },
    "2024-03-31": {
        "Tax Effect Of Unusual Items": NaN,
        "Tax Rate For Calcs": NaN,
        "Normalized EBITDA": NaN,
        "Total Unusual Items": NaN,
        "Total Unusual Items Excluding Goodwill": NaN,
        "Net Income From Continuing Operation Net Minority Interest": NaN,
        "Reconciled Depreciation": NaN,
        "EBITDA": NaN,
        "EBIT": NaN,
        "Net Interest Income": NaN,
        "Interest Expense": NaN,
        "Interest Income": NaN,
        "Normalized Income": NaN,
        "Net Income From Continuing And Discontinued Operation": NaN,
        "Total Expenses": NaN,
        "Total Operating Income As Reported": NaN,
        "Diluted Average Shares": 38155373.0,
        "Basic Average Shares": 38155373.0,
        "Diluted EPS": -0.64,
        "Basic EPS": -0.64,
        "Diluted NI Availto Com Stockholders": NaN,
        "Net Income Common Stockholders": NaN,
        "Net Income": NaN,
        "Net Income Including Noncontrolling Interests": NaN,
        "Net Income Continuous Operations": NaN,
        "Pretax Income": NaN,
        "Other Income Expense": NaN,
        "Other Non Operating Income Expenses": NaN,
        "Special Income Charges": NaN,
        "Restructuring And Mergern Acquisition": NaN,
        "Gain On Sale Of Security": NaN,
        "Net Non Operating Interest Income Expense": NaN,
        "Interest Expense Non Operating": NaN,
        "Interest Income Non Operating": NaN,
        "Operating Income": NaN,
        "Operating Expense": NaN,
        "Research And Development": NaN,
        "Selling General And Administration": NaN,
        "General And Administrative Expense": NaN,
        "Other Gand A": NaN,
        "Total Revenue": NaN,
        "Operating Revenue": NaN
    },
    "2024-06-30": {
        "Tax Effect Of Unusual Items": 0.0,
        "Tax Rate For Calcs": 0.0,
        "Normalized EBITDA": -23749000.0,
        "Total Unusual Items": 0.0,
        "Total Unusual Items Excluding Goodwill": 0.0,
        "Net Income From Continuing Operation Net Minority Interest": -25072000.0,
        "Reconciled Depreciation": 1235000.0,
        "EBITDA": -23749000.0,
        "EBIT": -24984000.0,
        "Net Interest Income": 2477000.0,
        "Interest Expense": 88000.0,
        "Interest Income": 2565000.0,
        "Normalized Income": -25072000.0,
        "Net Income From Continuing And Discontinued Operation": -25072000.0,
        "Total Expenses": 27788000.0,
        "Total Operating Income As Reported": -27788000.0,
        "Diluted Average Shares": 40934361.0,
        "Basic Average Shares": 40934361.0,
        "Diluted EPS": -0.61,
        "Basic EPS": -0.61,
        "Diluted NI Availto Com Stockholders": -25072000.0,
        "Net Income Common Stockholders": -25072000.0,
        "Net Income": -25072000.0,
        "Net Income Including Noncontrolling Interests": -25072000.0,
        "Net Income Continuous Operations": -25072000.0,
        "Pretax Income": -25072000.0,
        "Other Income Expense": 239000.0,
        "Other Non Operating Income Expenses": 239000.0,
        "Special Income Charges": 0.0,
        "Restructuring And Mergern Acquisition": 0.0,
        "Gain On Sale Of Security": NaN,
        "Net Non Operating Interest Income Expense": 2477000.0,
        "Interest Expense Non Operating": 88000.0,
        "Interest Income Non Operating": 2565000.0,
        "Operating Income": -27788000.0,
        "Operating Expense": 27788000.0,
        "Research And Development": 19461000.0,
        "Selling General And Administration": 8327000.0,
        "General And Administrative Expense": 8327000.0,
        "Other Gand A": 8327000.0,
        "Total Revenue": 0.0,
        "Operating Revenue": 0.0
    },
    "2024-09-30": {
        "Tax Effect Of Unusual Items": 0.0,
        "Tax Rate For Calcs": 0.0,
        "Normalized EBITDA": -32238000.0,
        "Total Unusual Items": 0.0,
        "Total Unusual Items Excluding Goodwill": 0.0,
        "Net Income From Continuing Operation Net Minority Interest": -32725000.0,
        "Reconciled Depreciation": 405000.0,
        "EBITDA": -32238000.0,
        "EBIT": -32643000.0,
        "Net Interest Income": 2246000.0,
        "Interest Expense": 82000.0,
        "Interest Income": 2328000.0,
        "Normalized Income": -32725000.0,
        "Net Income From Continuing And Discontinued Operation": -32725000.0,
        "Total Expenses": 35182000.0,
        "Total Operating Income As Reported": -35182000.0,
        "Diluted Average Shares": 41443317.0,
        "Basic Average Shares": 41443317.0,
        "Diluted EPS": -0.79,
        "Basic EPS": -0.79,
        "Diluted NI Availto Com Stockholders": -32725000.0,
        "Net Income Common Stockholders": -32725000.0,
        "Net Income": -32725000.0,
        "Net Income Including Noncontrolling Interests": -32725000.0,
        "Net Income Continuous Operations": -32725000.0,
        "Pretax Income": -32725000.0,
        "Other Income Expense": 211000.0,
        "Other Non Operating Income Expenses": 211000.0,
        "Special Income Charges": 0.0,
        "Restructuring And Mergern Acquisition": 0.0,
        "Gain On Sale Of Security": NaN,
        "Net Non Operating Interest Income Expense": 2246000.0,
        "Interest Expense Non Operating": 82000.0,
        "Interest Income Non Operating": 2328000.0,
        "Operating Income": -35182000.0,
        "Operating Expense": 35182000.0,
        "Research And Development": 27327000.0,
        "Selling General And Administration": 7855000.0,
        "General And Administrative Expense": 7855000.0,
        "Other Gand A": 7855000.0,
        "Total Revenue": 0.0,
        "Operating Revenue": 0.0
    },
    "2024-12-31": {
        "Tax Effect Of Unusual Items": 0.0,
        "Tax Rate For Calcs": 0.0,
        "Normalized EBITDA": -37284000.0,
        "Total Unusual Items": -4750000.0,
        "Total Unusual Items Excluding Goodwill": -4750000.0,
        "Net Income From Continuing Operation Net Minority Interest": -42597000.0,
        "Reconciled Depreciation": 488000.0,
        "EBITDA": -42034000.0,
        "EBIT": -42522000.0,
        "Net Interest Income": 1850000.0,
        "Interest Expense": 75000.0,
        "Interest Income": 1925000.0,
        "Normalized Income": -37847000.0,
        "Net Income From Continuing And Discontinued Operation": -42597000.0,
        "Total Expenses": 39896000.0,
        "Total Operating Income As Reported": -39896000.0,
        "Diluted Average Shares": NaN,
        "Basic Average Shares": NaN,
        "Diluted EPS": NaN,
        "Basic EPS": NaN,
        "Diluted NI Availto Com Stockholders": -42597000.0,
        "Net Income Common Stockholders": -42597000.0,
        "Net Income": -42597000.0,
        "Net Income Including Noncontrolling Interests": -42597000.0,
        "Net Income Continuous Operations": -42597000.0,
        "Pretax Income": -42597000.0,
        "Other Income Expense": -4551000.0,
        "Other Non Operating Income Expenses": 199000.0,
        "Special Income Charges": 0.0,
        "Restructuring And Mergern Acquisition": 0.0,
        "Gain On Sale Of Security": NaN,
        "Net Non Operating Interest Income Expense": 1850000.0,
        "Interest Expense Non Operating": 75000.0,
        "Interest Income Non Operating": 1925000.0,
        "Operating Income": -39896000.0,
        "Operating Expense": 39896000.0,
        "Research And Development": 30770000.0,
        "Selling General And Administration": 9126000.0,
        "General And Administrative Expense": 9126000.0,
        "Other Gand A": 9126000.0,
        "Total Revenue": 0.0,
        "Operating Revenue": 0.0
    },
    "2025-03-31": {
        "Tax Effect Of Unusual Items": 0.0,
        "Tax Rate For Calcs": 0.0,
        "Normalized EBITDA": -37157000.0,
        "Total Unusual Items": -1650000.0,
        "Total Unusual Items Excluding Goodwill": -1650000.0,
        "Net Income From Continuing Operation Net Minority Interest": -39282000.0,
        "Reconciled Depreciation": 407000.0,
        "EBITDA": -38807000.0,
        "EBIT": -39214000.0,
        "Net Interest Income": 2232000.0,
        "Interest Expense": 68000.0,
        "Interest Income": 2300000.0,
        "Normalized Income": -37632000.0,
        "Net Income From Continuing And Discontinued Operation": -39282000.0,
        "Total Expenses": 40052000.0,
        "Total Operating Income As Reported": -40052000.0,
        "Diluted Average Shares": 66341305.0,
        "Basic Average Shares": 66341305.0,
        "Diluted EPS": -0.59,
        "Basic EPS": -0.59,
        "Diluted NI Availto Com Stockholders": -39282000.0,
        "Net Income Common Stockholders": -39282000.0,
        "Net Income": -39282000.0,
        "Net Income Including Noncontrolling Interests": -39282000.0,
        "Net Income Continuous Operations": -39282000.0,
        "Pretax Income": -39282000.0,
        "Other Income Expense": -1462000.0,
        "Other Non Operating Income Expenses": 188000.0,
        "Special Income Charges": NaN,
        "Restructuring And Mergern Acquisition": NaN,
        "Gain On Sale Of Security": -1650000.0,
        "Net Non Operating Interest Income Expense": 2232000.0,
        "Interest Expense Non Operating": 68000.0,
        "Interest Income Non Operating": 2300000.0,
        "Operating Income": -40052000.0,
        "Operating Expense": 40052000.0,
        "Research And Development": 30914000.0,
        "Selling General And Administration": 9138000.0,
        "General And Administrative Expense": 9138000.0,
        "Other Gand A": 9138000.0,
        "Total Revenue": 0.0,
        "Operating Revenue": 0.0
    },
    "2025-06-30": {
        "Tax Effect Of Unusual Items": 0.0,
        "Tax Rate For Calcs": 0.0,
        "Normalized EBITDA": -38134000.0,
        "Total Unusual Items": -900000.0,
        "Total Unusual Items Excluding Goodwill": -900000.0,
        "Net Income From Continuing Operation Net Minority Interest": -39480000.0,
        "Reconciled Depreciation": 386000.0,
        "EBITDA": -39034000.0,
        "EBIT": -39420000.0,
        "Net Interest Income": 2906000.0,
        "Interest Expense": 60000.0,
        "Interest Income": 2966000.0,
        "Normalized Income": -38580000.0,
        "Net Income From Continuing And Discontinued Operation": -39480000.0,
        "Total Expenses": 41693000.0,
        "Total Operating Income As Reported": -41693000.0,
        "Diluted Average Shares": 94140286.0,
        "Basic Average Shares": 94140286.0,
        "Diluted EPS": -0.42,
        "Basic EPS": -0.42,
        "Diluted NI Availto Com Stockholders": -39480000.0,
        "Net Income Common Stockholders": -39480000.0,
        "Net Income": -39480000.0,
        "Net Income Including Noncontrolling Interests": -39480000.0,
        "Net Income Continuous Operations": -39480000.0,
        "Pretax Income": -39480000.0,
        "Other Income Expense": -693000.0,
        "Other Non Operating Income Expenses": 207000.0,
        "Special Income Charges": NaN,
        "Restructuring And Mergern Acquisition": NaN,
        "Gain On Sale Of Security": -900000.0,
        "Net Non Operating Interest Income Expense": 2906000.0,
        "Interest Expense Non Operating": 60000.0,
        "Interest Income Non Operating": 2966000.0,
        "Operating Income": -41693000.0,
        "Operating Expense": 41693000.0,
        "Research And Development": 32415000.0,
        "Selling General And Administration": 9278000.0,
        "General And Administrative Expense": 9278000.0,
        "Other Gand A": 9278000.0,
        "Total Revenue": 0.0,
        "Operating Revenue": 0.0
    }
}