{
    "2023-06-30": {
        "Tax Effect Of Unusual Items": NaN,
        "Tax Rate For Calcs": NaN,
        "Normalized EBITDA": NaN,
        "Total Unusual Items": NaN,
        "Total Unusual Items Excluding Goodwill": NaN,
        "Net Income From Continuing Operation Net Minority Interest": NaN,
        "Reconciled Depreciation": NaN,
        "Reconciled Cost Of Revenue": NaN,
        "EBITDA": NaN,
        "EBIT": NaN,
        "Net Interest Income": NaN,
        "Interest Expense": NaN,
        "Normalized Income": NaN,
        "Net Income From Continuing And Discontinued Operation": NaN,
        "Total Expenses": NaN,
        "Total Operating Income As Reported": NaN,
        "Diluted Average Shares": 2024749.0,
        "Basic Average Shares": 2024749.0,
        "Diluted EPS": -3.38,
        "Basic EPS": -3.38,
        "Diluted NI Availto Com Stockholders": NaN,
        "Net Income Common Stockholders": NaN,
        "Net Income": NaN,
        "Net Income Including Noncontrolling Interests": NaN,
        "Net Income Continuous Operations": NaN,
        "Tax Provision": NaN,
        "Pretax Income": NaN,
        "Other Income Expense": NaN,
        "Other Non Operating Income Expenses": NaN,
        "Special Income Charges": NaN,
        "Gain On Sale Of Ppe": NaN,
        "Other Special Charges": NaN,
        "Impairment Of Capital Assets": NaN,
        "Restructuring And Mergern Acquisition": NaN,
        "Gain On Sale Of Security": NaN,
        "Net Non Operating Interest Income Expense": NaN,
        "Interest Expense Non Operating": NaN,
        "Operating Income": NaN,
        "Operating Expense": NaN,
        "Depreciation Amortization Depletion Income Statement": NaN,
        "Depreciation And Amortization In Income Statement": NaN,
        "Research And Development": NaN,
        "Selling General And Administration": NaN,
        "Selling And Marketing Expense": NaN,
        "General And Administrative Expense": NaN,
        "Other Gand A": NaN,
        "Salaries And Wages": NaN,
        "Gross Profit": NaN,
        "Cost Of Revenue": NaN,
        "Total Revenue": NaN,
        "Operating Revenue": NaN
    },
    "2023-03-31": {
        "Tax Effect Of Unusual Items": NaN,
        "Tax Rate For Calcs": NaN,
        "Normalized EBITDA": NaN,
        "Total Unusual Items": NaN,
        "Total Unusual Items Excluding Goodwill": NaN,
        "Net Income From Continuing Operation Net Minority Interest": NaN,
        "Reconciled Depreciation": NaN,
        "Reconciled Cost Of Revenue": NaN,
        "EBITDA": NaN,
        "EBIT": NaN,
        "Net Interest Income": NaN,
        "Interest Expense": NaN,
        "Normalized Income": NaN,
        "Net Income From Continuing And Discontinued Operation": NaN,
        "Total Expenses": NaN,
        "Total Operating Income As Reported": NaN,
        "Diluted Average Shares": NaN,
        "Basic Average Shares": NaN,
        "Diluted EPS": NaN,
        "Basic EPS": NaN,
        "Diluted NI Availto Com Stockholders": NaN,
        "Net Income Common Stockholders": NaN,
        "Net Income": NaN,
        "Net Income Including Noncontrolling Interests": NaN,
        "Net Income Continuous Operations": NaN,
        "Tax Provision": NaN,
        "Pretax Income": NaN,
        "Other Income Expense": NaN,
        "Other Non Operating Income Expenses": 24000.0,
        "Special Income Charges": NaN,
        "Gain On Sale Of Ppe": NaN,
        "Other Special Charges": NaN,
        "Impairment Of Capital Assets": NaN,
        "Restructuring And Mergern Acquisition": NaN,
        "Gain On Sale Of Security": NaN,
        "Net Non Operating Interest Income Expense": NaN,
        "Interest Expense Non Operating": NaN,
        "Operating Income": NaN,
        "Operating Expense": NaN,
        "Depreciation Amortization Depletion Income Statement": NaN,
        "Depreciation And Amortization In Income Statement": NaN,
        "Research And Development": NaN,
        "Selling General And Administration": NaN,
        "Selling And Marketing Expense": NaN,
        "General And Administrative Expense": NaN,
        "Other Gand A": NaN,
        "Salaries And Wages": NaN,
        "Gross Profit": NaN,
        "Cost Of Revenue": NaN,
        "Total Revenue": NaN,
        "Operating Revenue": NaN
    },
    "2022-12-31": {
        "Tax Effect Of Unusual Items": NaN,
        "Tax Rate For Calcs": NaN,
        "Normalized EBITDA": NaN,
        "Total Unusual Items": NaN,
        "Total Unusual Items Excluding Goodwill": NaN,
        "Net Income From Continuing Operation Net Minority Interest": NaN,
        "Reconciled Depreciation": NaN,
        "Reconciled Cost Of Revenue": NaN,
        "EBITDA": NaN,
        "EBIT": NaN,
        "Net Interest Income": NaN,
        "Interest Expense": NaN,
        "Normalized Income": NaN,
        "Net Income From Continuing And Discontinued Operation": NaN,
        "Total Expenses": NaN,
        "Total Operating Income As Reported": NaN,
        "Diluted Average Shares": NaN,
        "Basic Average Shares": NaN,
        "Diluted EPS": NaN,
        "Basic EPS": NaN,
        "Diluted NI Availto Com Stockholders": NaN,
        "Net Income Common Stockholders": NaN,
        "Net Income": NaN,
        "Net Income Including Noncontrolling Interests": NaN,
        "Net Income Continuous Operations": NaN,
        "Tax Provision": NaN,
        "Pretax Income": NaN,
        "Other Income Expense": NaN,
        "Other Non Operating Income Expenses": -11000.0,
        "Special Income Charges": NaN,
        "Gain On Sale Of Ppe": NaN,
        "Impairment Of Capital Assets": 8263000.0,
        "Restructuring And Mergern Acquisition": NaN,
        "Gain On Sale Of Security": NaN,
        "Net Non Operating Interest Income Expense": NaN,
        "Interest Expense Non Operating": NaN,
        "Operating Income": NaN,
        "Operating Expense": NaN,
        "Depreciation Amortization Depletion Income Statement": NaN,
        "Depreciation And Amortization In Income Statement": NaN,
        "Research And Development": NaN,
        "Selling General And Administration": NaN,
        "Selling And Marketing Expense": NaN,
        "General And Administrative Expense": NaN,
        "Other Gand A": NaN,
        "Salaries And Wages": NaN,
        "Gross Profit": NaN,
        "Cost Of Revenue": NaN,
        "Total Revenue": NaN,
        "Operating Revenue": NaN
    },
    "2022-09-30": {
        "Tax Effect Of Unusual Items": NaN,
        "Tax Rate For Calcs": NaN,
        "Normalized EBITDA": NaN,
        "Total Unusual Items": NaN,
        "Total Unusual Items Excluding Goodwill": NaN,
        "Net Income From Continuing Operation Net Minority Interest": NaN,
        "Reconciled Depreciation": NaN,
        "Reconciled Cost Of Revenue": NaN,
        "EBITDA": NaN,
        "EBIT": NaN,
        "Net Interest Income": NaN,
        "Interest Expense": NaN,
        "Normalized Income": NaN,
        "Net Income From Continuing And Discontinued Operation": NaN,
        "Total Expenses": NaN,
        "Total Operating Income As Reported": NaN,
        "Diluted Average Shares": 1869349.0,
        "Basic Average Shares": 1869349.0,
        "Diluted EPS": -28.14,
        "Basic EPS": -28.14,
        "Diluted NI Availto Com Stockholders": NaN,
        "Net Income Common Stockholders": NaN,
        "Net Income": NaN,
        "Net Income Including Noncontrolling Interests": NaN,
        "Net Income Continuous Operations": NaN,
        "Tax Provision": NaN,
        "Pretax Income": NaN,
        "Other Income Expense": NaN,
        "Other Non Operating Income Expenses": -7000.0,
        "Special Income Charges": NaN,
        "Gain On Sale Of Ppe": NaN,
        "Impairment Of Capital Assets": 42000000.0,
        "Restructuring And Mergern Acquisition": NaN,
        "Gain On Sale Of Security": NaN,
        "Net Non Operating Interest Income Expense": NaN,
        "Interest Expense Non Operating": NaN,
        "Operating Income": NaN,
        "Operating Expense": NaN,
        "Depreciation Amortization Depletion Income Statement": NaN,
        "Depreciation And Amortization In Income Statement": NaN,
        "Research And Development": NaN,
        "Selling General And Administration": NaN,
        "Selling And Marketing Expense": NaN,
        "General And Administrative Expense": NaN,
        "Other Gand A": NaN,
        "Salaries And Wages": NaN,
        "Gross Profit": NaN,
        "Cost Of Revenue": NaN,
        "Total Revenue": NaN,
        "Operating Revenue": NaN
    },
    "2022-06-30": {
        "Tax Effect Of Unusual Items": 0.0,
        "Tax Rate For Calcs": 0.0,
        "Normalized EBITDA": -7390000.0,
        "Total Unusual Items": 0.0,
        "Total Unusual Items Excluding Goodwill": 0.0,
        "Net Income From Continuing Operation Net Minority Interest": -8720000.0,
        "Reconciled Depreciation": 1353000.0,
        "Reconciled Cost Of Revenue": 1332000.0,
        "EBITDA": -7390000.0,
        "EBIT": -8743000.0,
        "Net Interest Income": 23000.0,
        "Interest Expense": NaN,
        "Interest Income": 23000.0,
        "Normalized Income": -8720000.0,
        "Net Income From Continuing And Discontinued Operation": -8720000.0,
        "Total Expenses": 13022000.0,
        "Total Operating Income As Reported": -8743000.0,
        "Diluted Average Shares": 36946587.0,
        "Basic Average Shares": 36946587.0,
        "Diluted EPS": -0.24,
        "Basic EPS": -0.24,
        "Diluted NI Availto Com Stockholders": -8720000.0,
        "Net Income Common Stockholders": -8720000.0,
        "Net Income": -8720000.0,
        "Net Income Including Noncontrolling Interests": -8720000.0,
        "Net Income Continuous Operations": -8720000.0,
        "Tax Provision": 0.0,
        "Pretax Income": -8720000.0,
        "Other Income Expense": NaN,
        "Other Non Operating Income Expenses": NaN,
        "Special Income Charges": 0.0,
        "Gain On Sale Of Ppe": NaN,
        "Impairment Of Capital Assets": NaN,
        "Restructuring And Mergern Acquisition": NaN,
        "Gain On Sale Of Security": NaN,
        "Net Non Operating Interest Income Expense": 23000.0,
        "Interest Expense Non Operating": NaN,
        "Interest Income Non Operating": 23000.0,
        "Operating Income": -8743000.0,
        "Operating Expense": 10564000.0,
        "Depreciation Amortization Depletion Income Statement": 227000.0,
        "Depreciation And Amortization In Income Statement": 227000.0,
        "Research And Development": 4570000.0,
        "Selling General And Administration": 5767000.0,
        "Selling And Marketing Expense": 3001000.0,
        "General And Administrative Expense": 2766000.0,
        "Other Gand A": 1361000.0,
        "Salaries And Wages": 1405000.0,
        "Gross Profit": 1821000.0,
        "Cost Of Revenue": 2458000.0,
        "Total Revenue": 4279000.0,
        "Operating Revenue": 4279000.0
    },
    "2023-09-30": {
        "Tax Effect Of Unusual Items": NaN,
        "Tax Rate For Calcs": NaN,
        "Normalized EBITDA": NaN,
        "Total Unusual Items": NaN,
        "Total Unusual Items Excluding Goodwill": NaN,
        "Net Income From Continuing Operation Net Minority Interest": NaN,
        "Reconciled Depreciation": NaN,
        "Reconciled Cost Of Revenue": NaN,
        "EBITDA": NaN,
        "EBIT": NaN,
        "Net Interest Income": NaN,
        "Interest Expense": NaN,
        "Normalized Income": NaN,
        "Net Income From Continuing And Discontinued Operation": NaN,
        "Total Expenses": NaN,
        "Total Operating Income As Reported": NaN,
        "Diluted Average Shares": 2957271.0,
        "Basic Average Shares": 2957271.0,
        "Diluted EPS": -3.19,
        "Basic EPS": -3.19,
        "Diluted NI Availto Com Stockholders": NaN,
        "Net Income Common Stockholders": NaN,
        "Net Income": NaN,
        "Net Income Including Noncontrolling Interests": NaN,
        "Net Income Continuous Operations": NaN,
        "Tax Provision": NaN,
        "Pretax Income": NaN,
        "Other Income Expense": NaN,
        "Other Non Operating Income Expenses": NaN,
        "Special Income Charges": NaN,
        "Gain On Sale Of Ppe": NaN,
        "Other Special Charges": NaN,
        "Impairment Of Capital Assets": 0.0,
        "Restructuring And Mergern Acquisition": NaN,
        "Gain On Sale Of Security": NaN,
        "Net Non Operating Interest Income Expense": NaN,
        "Interest Expense Non Operating": NaN,
        "Operating Income": NaN,
        "Operating Expense": NaN,
        "Depreciation Amortization Depletion Income Statement": NaN,
        "Depreciation And Amortization In Income Statement": NaN,
        "Research And Development": NaN,
        "Selling General And Administration": NaN,
        "Selling And Marketing Expense": NaN,
        "General And Administrative Expense": NaN,
        "Other Gand A": NaN,
        "Salaries And Wages": NaN,
        "Gross Profit": NaN,
        "Cost Of Revenue": NaN,
        "Total Revenue": NaN,
        "Operating Revenue": NaN
    },
    "2023-12-31": {
        "Tax Effect Of Unusual Items": 0.0,
        "Tax Rate For Calcs": 0.0,
        "Normalized EBITDA": -3904000.0,
        "Total Unusual Items": -7916000.0,
        "Total Unusual Items Excluding Goodwill": -7916000.0,
        "Net Income From Continuing Operation Net Minority Interest": -13274000.0,
        "Reconciled Depreciation": 1447000.0,
        "Reconciled Cost Of Revenue": 4553000.0,
        "EBITDA": -11820000.0,
        "EBIT": -13267000.0,
        "Net Interest Income": -7000.0,
        "Interest Expense": 7000.0,
        "Normalized Income": -5358000.0,
        "Net Income From Continuing And Discontinued Operation": -13274000.0,
        "Total Expenses": 14864000.0,
        "Total Operating Income As Reported": -12935000.0,
        "Diluted Average Shares": NaN,
        "Basic Average Shares": NaN,
        "Diluted EPS": NaN,
        "Basic EPS": NaN,
        "Diluted NI Availto Com Stockholders": -21215000.0,
        "Net Income Common Stockholders": -21215000.0,
        "Net Income": -13274000.0,
        "Net Income Including Noncontrolling Interests": -13274000.0,
        "Net Income Continuous Operations": -13274000.0,
        "Tax Provision": 0.0,
        "Pretax Income": -13274000.0,
        "Other Income Expense": -7913000.0,
        "Other Non Operating Income Expenses": 3000.0,
        "Special Income Charges": -7581000.0,
        "Gain On Sale Of Ppe": 0.0,
        "Other Special Charges": NaN,
        "Impairment Of Capital Assets": 7052000.0,
        "Restructuring And Mergern Acquisition": 529000.0,
        "Gain On Sale Of Security": -335000.0,
        "Net Non Operating Interest Income Expense": -7000.0,
        "Interest Expense Non Operating": 7000.0,
        "Operating Income": -5354000.0,
        "Operating Expense": 9079000.0,
        "Depreciation Amortization Depletion Income Statement": 215000.0,
        "Depreciation And Amortization In Income Statement": 215000.0,
        "Research And Development": 2232000.0,
        "Selling General And Administration": 6632000.0,
        "Selling And Marketing Expense": 3683000.0,
        "General And Administrative Expense": 2949000.0,
        "Other Gand A": 1774000.0,
        "Salaries And Wages": 1175000.0,
        "Gross Profit": 3725000.0,
        "Cost Of Revenue": 5785000.0,
        "Total Revenue": 9510000.0,
        "Operating Revenue": 9510000.0
    },
    "2024-03-31": {
        "Tax Effect Of Unusual Items": 0.0,
        "Tax Rate For Calcs": 0.0,
        "Normalized EBITDA": -3666000.0,
        "Total Unusual Items": -876000.0,
        "Total Unusual Items Excluding Goodwill": -876000.0,
        "Net Income From Continuing Operation Net Minority Interest": -5260000.0,
        "Reconciled Depreciation": 700000.0,
        "Reconciled Cost Of Revenue": 1987000.0,
        "EBITDA": -4542000.0,
        "EBIT": -5242000.0,
        "Net Interest Income": -18000.0,
        "Interest Expense": 18000.0,
        "Normalized Income": -4384000.0,
        "Net Income From Continuing And Discontinued Operation": -5260000.0,
        "Total Expenses": 8555000.0,
        "Total Operating Income As Reported": -4605000.0,
        "Diluted Average Shares": 5240755.0,
        "Basic Average Shares": 5240755.0,
        "Diluted EPS": -1.0,
        "Basic EPS": -1.0,
        "Diluted NI Availto Com Stockholders": -5260000.0,
        "Net Income Common Stockholders": -5260000.0,
        "Net Income": -5260000.0,
        "Net Income Including Noncontrolling Interests": -5260000.0,
        "Net Income Continuous Operations": -5260000.0,
        "Tax Provision": 0.0,
        "Pretax Income": -5260000.0,
        "Other Income Expense": -896000.0,
        "Other Non Operating Income Expenses": -20000.0,
        "Special Income Charges": -115000.0,
        "Gain On Sale Of Ppe": 144000.0,
        "Other Special Charges": NaN,
        "Impairment Of Capital Assets": NaN,
        "Restructuring And Mergern Acquisition": 259000.0,
        "Gain On Sale Of Security": -761000.0,
        "Net Non Operating Interest Income Expense": -18000.0,
        "Interest Expense Non Operating": 18000.0,
        "Operating Income": -4346000.0,
        "Operating Expense": 6078000.0,
        "Depreciation Amortization Depletion Income Statement": 210000.0,
        "Depreciation And Amortization In Income Statement": 210000.0,
        "Research And Development": 1699000.0,
        "Selling General And Administration": 4169000.0,
        "Selling And Marketing Expense": 2277000.0,
        "General And Administrative Expense": 1892000.0,
        "Other Gand A": 1167000.0,
        "Salaries And Wages": 725000.0,
        "Gross Profit": 1732000.0,
        "Cost Of Revenue": 2477000.0,
        "Total Revenue": 4209000.0,
        "Operating Revenue": 4209000.0
    },
    "2024-06-30": {
        "Tax Effect Of Unusual Items": 0.0,
        "Tax Rate For Calcs": 0.0,
        "Normalized EBITDA": -3693000.0,
        "Total Unusual Items": 1873000.0,
        "Total Unusual Items Excluding Goodwill": 1873000.0,
        "Net Income From Continuing Operation Net Minority Interest": -2455000.0,
        "Reconciled Depreciation": 620000.0,
        "Reconciled Cost Of Revenue": 2056000.0,
        "EBITDA": -1820000.0,
        "EBIT": -2440000.0,
        "Net Interest Income": -15000.0,
        "Interest Expense": 15000.0,
        "Normalized Income": -4328000.0,
        "Net Income From Continuing And Discontinued Operation": -2455000.0,
        "Total Expenses": 8415000.0,
        "Total Operating Income As Reported": -4093000.0,
        "Diluted Average Shares": 6741303.0,
        "Basic Average Shares": 6741303.0,
        "Diluted EPS": -0.6,
        "Basic EPS": -0.6,
        "Diluted NI Availto Com Stockholders": -2455000.0,
        "Net Income Common Stockholders": -2455000.0,
        "Net Income": -2455000.0,
        "Net Income Including Noncontrolling Interests": -2455000.0,
        "Net Income Continuous Operations": -2455000.0,
        "Tax Provision": 0.0,
        "Pretax Income": -2455000.0,
        "Other Income Expense": 1859000.0,
        "Other Non Operating Income Expenses": -14000.0,
        "Special Income Charges": 206000.0,
        "Gain On Sale Of Ppe": 0.0,
        "Other Special Charges": NaN,
        "Impairment Of Capital Assets": NaN,
        "Restructuring And Mergern Acquisition": -206000.0,
        "Gain On Sale Of Security": 1667000.0,
        "Net Non Operating Interest Income Expense": -15000.0,
        "Interest Expense Non Operating": 15000.0,
        "Operating Income": -4299000.0,
        "Operating Expense": 5945000.0,
        "Depreciation Amortization Depletion Income Statement": 206000.0,
        "Depreciation And Amortization In Income Statement": 206000.0,
        "Research And Development": 792000.0,
        "Selling General And Administration": 4947000.0,
        "Selling And Marketing Expense": 2633000.0,
        "General And Administrative Expense": 2314000.0,
        "Other Gand A": 1728000.0,
        "Salaries And Wages": 586000.0,
        "Gross Profit": 1646000.0,
        "Cost Of Revenue": 2470000.0,
        "Total Revenue": 4116000.0,
        "Operating Revenue": 4116000.0
    },
    "2024-09-30": {
        "Tax Effect Of Unusual Items": 0.0,
        "Tax Rate For Calcs": 0.0,
        "Normalized EBITDA": -2884000.0,
        "Total Unusual Items": -70000.0,
        "Total Unusual Items Excluding Goodwill": -70000.0,
        "Net Income From Continuing Operation Net Minority Interest": -3632000.0,
        "Reconciled Depreciation": 633000.0,
        "Reconciled Cost Of Revenue": 2278000.0,
        "EBITDA": -2954000.0,
        "EBIT": -3587000.0,
        "Net Interest Income": -45000.0,
        "Interest Expense": 45000.0,
        "Normalized Income": -3562000.0,
        "Net Income From Continuing And Discontinued Operation": -3632000.0,
        "Total Expenses": 7952000.0,
        "Total Operating Income As Reported": -3453000.0,
        "Diluted Average Shares": 4960139.0,
        "Basic Average Shares": 4960139.0,
        "Diluted EPS": -1.08,
        "Basic EPS": -1.08,
        "Diluted NI Availto Com Stockholders": -3632000.0,
        "Net Income Common Stockholders": -3632000.0,
        "Net Income": -3632000.0,
        "Net Income Including Noncontrolling Interests": -3632000.0,
        "Net Income Continuous Operations": -3632000.0,
        "Tax Provision": 0.0,
        "Pretax Income": -3632000.0,
        "Other Income Expense": -66000.0,
        "Other Non Operating Income Expenses": 4000.0,
        "Special Income Charges": -268000.0,
        "Gain On Sale Of Ppe": 0.0,
        "Other Special Charges": 336000.0,
        "Impairment Of Capital Assets": NaN,
        "Restructuring And Mergern Acquisition": 268000.0,
        "Gain On Sale Of Security": 198000.0,
        "Net Non Operating Interest Income Expense": -45000.0,
        "Interest Expense Non Operating": 45000.0,
        "Operating Income": -3521000.0,
        "Operating Expense": 5246000.0,
        "Depreciation Amortization Depletion Income Statement": 205000.0,
        "Depreciation And Amortization In Income Statement": 205000.0,
        "Research And Development": 914000.0,
        "Selling General And Administration": 4127000.0,
        "Selling And Marketing Expense": 2397000.0,
        "General And Administrative Expense": 1730000.0,
        "Other Gand A": 1125000.0,
        "Salaries And Wages": 605000.0,
        "Gross Profit": 1725000.0,
        "Cost Of Revenue": 2706000.0,
        "Total Revenue": 4431000.0,
        "Operating Revenue": 4431000.0
    },
    "2024-12-31": {
        "Tax Effect Of Unusual Items": 37590.0,
        "Tax Rate For Calcs": 0.21,
        "Normalized EBITDA": -4166000.0,
        "Total Unusual Items": 179000.0,
        "Total Unusual Items Excluding Goodwill": 179000.0,
        "Net Income From Continuing Operation Net Minority Interest": -5288000.0,
        "Reconciled Depreciation": 659000.0,
        "Reconciled Cost Of Revenue": 1917000.0,
        "EBITDA": -3987000.0,
        "EBIT": -4646000.0,
        "Net Interest Income": -481000.0,
        "Interest Expense": 481000.0,
        "Normalized Income": -5429410.0,
        "Net Income From Continuing And Discontinued Operation": -5288000.0,
        "Total Expenses": 8158000.0,
        "Total Operating Income As Reported": -4603000.0,
        "Diluted Average Shares": NaN,
        "Basic Average Shares": NaN,
        "Diluted EPS": NaN,
        "Basic EPS": NaN,
        "Diluted NI Availto Com Stockholders": -9674000.0,
        "Net Income Common Stockholders": -9674000.0,
        "Net Income": -5288000.0,
        "Net Income Including Noncontrolling Interests": -5288000.0,
        "Net Income Continuous Operations": -5288000.0,
        "Tax Provision": 161000.0,
        "Pretax Income": -5127000.0,
        "Other Income Expense": 86000.0,
        "Other Non Operating Income Expenses": -93000.0,
        "Special Income Charges": 168000.0,
        "Gain On Sale Of Ppe": 39000.0,
        "Other Special Charges": NaN,
        "Impairment Of Capital Assets": NaN,
        "Restructuring And Mergern Acquisition": -129000.0,
        "Gain On Sale Of Security": 11000.0,
        "Net Non Operating Interest Income Expense": -481000.0,
        "Interest Expense Non Operating": 481000.0,
        "Operating Income": -4732000.0,
        "Operating Expense": 5731000.0,
        "Depreciation Amortization Depletion Income Statement": 149000.0,
        "Depreciation And Amortization In Income Statement": 149000.0,
        "Research And Development": 1042000.0,
        "Selling General And Administration": 4540000.0,
        "Selling And Marketing Expense": 2516000.0,
        "General And Administrative Expense": 2024000.0,
        "Other Gand A": 1364000.0,
        "Salaries And Wages": 660000.0,
        "Gross Profit": 999000.0,
        "Cost Of Revenue": 2427000.0,
        "Total Revenue": 3426000.0,
        "Operating Revenue": 3426000.0
    }
}