{
    "2023-03-31": {
        "Tax Effect Of Unusual Items": NaN,
        "Tax Rate For Calcs": NaN,
        "Net Income From Continuing Operation Net Minority Interest": NaN,
        "EBIT": NaN,
        "Net Interest Income": NaN,
        "Interest Expense": NaN,
        "Interest Income": NaN,
        "Normalized Income": NaN,
        "Net Income From Continuing And Discontinued Operation": NaN,
        "Total Expenses": NaN,
        "Diluted Average Shares": NaN,
        "Basic Average Shares": NaN,
        "Diluted EPS": NaN,
        "Basic EPS": NaN,
        "Diluted NI Availto Com Stockholders": NaN,
        "Average Dilution Earnings": NaN,
        "Net Income Common Stockholders": NaN,
        "Otherunder Preferred Stock Dividend": NaN,
        "Preferred Stock Dividends": NaN,
        "Net Income": NaN,
        "Minority Interests": NaN,
        "Net Income Including Noncontrolling Interests": NaN,
        "Net Income Continuous Operations": NaN,
        "Tax Provision": NaN,
        "Pretax Income": NaN,
        "Other Income Expense": 159000000.0,
        "Net Non Operating Interest Income Expense": NaN,
        "Interest Expense Non Operating": NaN,
        "Other Operating Expenses": NaN,
        "Total Revenue": NaN,
        "Operating Revenue": NaN,
        "Loss Adjustment Expense": NaN,
        "Net Policyholder Benefits And Claims": NaN,
        "Policyholder Benefits Gross": NaN,
        "Policyholder Benefits Ceded": NaN
    },
    "2022-12-31": {
        "Tax Effect Of Unusual Items": NaN,
        "Tax Rate For Calcs": NaN,
        "Total Unusual Items": 152000000.0,
        "Total Unusual Items Excluding Goodwill": 152000000.0,
        "Net Income From Continuing Operation Net Minority Interest": NaN,
        "EBIT": NaN,
        "Net Interest Income": NaN,
        "Interest Expense": NaN,
        "Interest Income": NaN,
        "Normalized Income": NaN,
        "Net Income From Continuing And Discontinued Operation": NaN,
        "Total Expenses": NaN,
        "Diluted Average Shares": NaN,
        "Basic Average Shares": NaN,
        "Diluted EPS": NaN,
        "Basic EPS": NaN,
        "Diluted NI Availto Com Stockholders": NaN,
        "Average Dilution Earnings": NaN,
        "Net Income Common Stockholders": NaN,
        "Otherunder Preferred Stock Dividend": NaN,
        "Preferred Stock Dividends": NaN,
        "Net Income": NaN,
        "Minority Interests": NaN,
        "Net Income Including Noncontrolling Interests": NaN,
        "Net Income Continuous Operations": NaN,
        "Tax Provision": NaN,
        "Pretax Income": NaN,
        "Other Income Expense": NaN,
        "Special Income Charges": 152000000.0,
        "Other Special Charges": 0.0,
        "Net Non Operating Interest Income Expense": NaN,
        "Interest Expense Non Operating": NaN,
        "Other Operating Expenses": NaN,
        "Total Revenue": NaN,
        "Operating Revenue": NaN,
        "Loss Adjustment Expense": NaN,
        "Net Policyholder Benefits And Claims": NaN,
        "Policyholder Benefits Gross": NaN,
        "Policyholder Benefits Ceded": NaN
    },
    "2022-09-30": {
        "Tax Effect Of Unusual Items": NaN,
        "Tax Rate For Calcs": NaN,
        "Total Unusual Items": 0.0,
        "Total Unusual Items Excluding Goodwill": 0.0,
        "Net Income From Continuing Operation Net Minority Interest": NaN,
        "EBIT": NaN,
        "Net Interest Income": NaN,
        "Interest Expense": NaN,
        "Interest Income": NaN,
        "Normalized Income": NaN,
        "Net Income From Continuing And Discontinued Operation": NaN,
        "Total Expenses": NaN,
        "Diluted Average Shares": 589000000.0,
        "Basic Average Shares": 586000000.0,
        "Diluted EPS": 0.19,
        "Basic EPS": 0.19,
        "Diluted NI Availto Com Stockholders": NaN,
        "Average Dilution Earnings": NaN,
        "Net Income Common Stockholders": NaN,
        "Otherunder Preferred Stock Dividend": NaN,
        "Preferred Stock Dividends": NaN,
        "Net Income": NaN,
        "Minority Interests": NaN,
        "Net Income Including Noncontrolling Interests": NaN,
        "Net Income Continuous Operations": NaN,
        "Tax Provision": NaN,
        "Pretax Income": NaN,
        "Other Income Expense": NaN,
        "Special Income Charges": 0.0,
        "Other Special Charges": NaN,
        "Net Non Operating Interest Income Expense": NaN,
        "Interest Expense Non Operating": NaN,
        "Other Operating Expenses": NaN,
        "Total Revenue": NaN,
        "Operating Revenue": NaN
    },
    "2022-06-30": {
        "Tax Effect Of Unusual Items": 21262135.92233,
        "Tax Rate For Calcs": 0.212621,
        "Total Unusual Items": 100000000.0,
        "Total Unusual Items Excluding Goodwill": 100000000.0,
        "Net Income From Continuing Operation Net Minority Interest": 802000000.0,
        "EBIT": 1131000000.0,
        "Net Interest Income": -101000000.0,
        "Interest Expense": 101000000.0,
        "Interest Income": 1505000000.0,
        "Normalized Income": 723262135.92233,
        "Net Income From Continuing And Discontinued Operation": 802000000.0,
        "Total Expenses": 874000000.0,
        "Diluted Average Shares": 589000000.0,
        "Basic Average Shares": 586000000.0,
        "Diluted EPS": 1.58,
        "Basic EPS": 1.59,
        "Diluted NI Availto Com Stockholders": 788000000.0,
        "Average Dilution Earnings": 3000000.0,
        "Net Income Common Stockholders": 785000000.0,
        "Otherunder Preferred Stock Dividend": 3000000.0,
        "Preferred Stock Dividends": 14000000.0,
        "Net Income": 802000000.0,
        "Minority Interests": -9000000.0,
        "Net Income Including Noncontrolling Interests": 811000000.0,
        "Net Income Continuous Operations": 811000000.0,
        "Tax Provision": 219000000.0,
        "Pretax Income": 1030000000.0,
        "Special Income Charges": 100000000.0,
        "Other Special Charges": -100000000.0,
        "Net Non Operating Interest Income Expense": -101000000.0,
        "Interest Expense Non Operating": 101000000.0,
        "Other Operating Expenses": 2876000000.0,
        "Total Revenue": 1904000000.0,
        "Operating Revenue": 1904000000.0
    },
    "2022-03-31": {
        "Diluted EPS": 1.15,
        "Total Revenue": 300,
        "Gross Profit": NaN,
        "Operating Income": 916,
        "EBIT": 993,
        "Net Income": 677
    },
    "2021-12-31": {
        "Diluted EPS": 1.45,
        "Total Revenue": NaN,
        "Gross Profit": NaN,
        "Operating Income": NaN,
        "EBIT": NaN,
        "Net Income": 857
    },
    "2021-09-30": {
        "Diluted EPS": 1.38,
        "Total Revenue": NaN,
        "Gross Profit": NaN,
        "Operating Income": NaN,
        "EBIT": NaN,
        "Net Income": 809
    },
    "2021-06-30": {
        "Diluted EPS": 1.25,
        "Total Revenue": NaN,
        "Gross Profit": NaN,
        "Operating Income": 995,
        "EBIT": NaN,
        "Net Income": 733
    },
    "2021-03-31": {
        "Diluted EPS": 1.26,
        "Total Revenue": NaN,
        "Gross Profit": NaN,
        "Operating Income": NaN,
        "EBIT": NaN,
        "Net Income": 740
    },
    "2020-12-31": {
        "Diluted EPS": 0.97,
        "Total Revenue": NaN,
        "Gross Profit": NaN,
        "Operating Income": 701,
        "EBIT": 769,
        "Net Income": 566
    },
    "2020-09-30": {
        "Diluted EPS": 0.96,
        "Total Revenue": NaN,
        "Gross Profit": NaN,
        "Operating Income": 742,
        "EBIT": 807,
        "Net Income": 563
    },
    "2020-06-30": {
        "Diluted EPS": 0.64,
        "Total Revenue": NaN,
        "Gross Profit": NaN,
        "Operating Income": 514,
        "EBIT": 579,
        "Net Income": 374
    },
    "2020-03-31": {
        "Diluted EPS": 0.5,
        "Total Revenue": NaN,
        "Gross Profit": NaN,
        "Operating Income": 496,
        "EBIT": 563,
        "Net Income": 292
    },
    "2019-12-31": {
        "Diluted EPS": 0.92,
        "Total Revenue": NaN,
        "Gross Profit": NaN,
        "Operating Income": 689,
        "EBIT": 762,
        "Net Income": 543
    },
    "2019-09-30": {
        "Diluted EPS": 0.87,
        "Total Revenue": NaN,
        "Gross Profit": NaN,
        "Operating Income": 580,
        "EBIT": 630,
        "Net Income": 516
    },
    "2019-06-30": {
        "Diluted EPS": 0.75,
        "Total Revenue": NaN,
        "Gross Profit": NaN,
        "Operating Income": 564,
        "EBIT": 627,
        "Net Income": 445
    },
    "2019-03-31": {
        "Diluted EPS": 0.78,
        "Total Revenue": NaN,
        "Gross Profit": NaN,
        "Operating Income": 603,
        "EBIT": 670,
        "Net Income": 469
    },
    "2018-12-31": {
        "Diluted EPS": 0.72,
        "Total Revenue": NaN,
        "Gross Profit": NaN,
        "Operating Income": 586,
        "EBIT": 646,
        "Net Income": 435
    },
    "2018-09-30": {
        "Diluted EPS": 0.71,
        "Total Revenue": NaN,
        "Gross Profit": NaN,
        "Operating Income": 812,
        "EBIT": 868,
        "Net Income": 434
    },
    "2018-06-30": {
        "Diluted EPS": 0.9,
        "Total Revenue": NaN,
        "Gross Profit": NaN,
        "Operating Income": 738,
        "EBIT": 798,
        "Net Income": 547
    },
    "2018-03-31": {
        "Diluted EPS": 0.86,
        "Total Revenue": NaN,
        "Gross Profit": NaN,
        "Operating Income": 573,
        "EBIT": 632,
        "Net Income": 529
    },
    "2017-12-31": {
        "Diluted EPS": 0.28,
        "Total Revenue": NaN,
        "Gross Profit": NaN,
        "Operating Income": 143,
        "EBIT": 207,
        "Net Income": 163
    },
    "2017-09-30": {
        "Diluted EPS": 1.05,
        "Total Revenue": NaN,
        "Gross Profit": NaN,
        "Operating Income": 845,
        "EBIT": 889,
        "Net Income": 652
    },
    "2017-06-30": {
        "Diluted EPS": 0.69,
        "Total Revenue": NaN,
        "Gross Profit": NaN,
        "Operating Income": 460,
        "EBIT": 525,
        "Net Income": 427
    },
    "2017-03-31": {
        "Diluted EPS": 0.67,
        "Total Revenue": NaN,
        "Gross Profit": NaN,
        "Operating Income": 703,
        "EBIT": 764,
        "Net Income": 416
    },
    "2016-12-31": {
        "Diluted EPS": 0.88,
        "Total Revenue": NaN,
        "Gross Profit": -469,
        "Operating Income": 768,
        "EBIT": 828,
        "Net Income": 545
    },
    "2016-09-30": {
        "Diluted EPS": 0.92,
        "Total Revenue": NaN,
        "Gross Profit": NaN,
        "Operating Income": 861,
        "EBIT": 920,
        "Net Income": 565
    },
    "2016-06-30": {
        "Diluted EPS": 0.61,
        "Total Revenue": NaN,
        "Gross Profit": NaN,
        "Operating Income": 490,
        "EBIT": 551,
        "Net Income": 372
    },
    "2016-03-31": {
        "Diluted EPS": 0.64,
        "Total Revenue": NaN,
        "Gross Profit": NaN,
        "Operating Income": 483,
        "EBIT": 542,
        "Net Income": 394
    },
    "2015-12-31": {
        "Diluted EPS": 0.65,
        "Total Revenue": NaN,
        "Gross Profit": NaN,
        "Operating Income": NaN,
        "EBIT": NaN,
        "Net Income": 420
    },
    "2015-09-30": {
        "Diluted EPS": 0.6,
        "Total Revenue": NaN,
        "Gross Profit": 900,
        "Operating Income": -518,
        "EBIT": -518,
        "Net Income": 387
    },
    "2015-06-30": {
        "Diluted EPS": 0.96,
        "Total Revenue": NaN,
        "Gross Profit": NaN,
        "Operating Income": NaN,
        "EBIT": NaN,
        "Net Income": 612
    },
    "2015-03-31": {
        "Diluted EPS": 0.59,
        "Total Revenue": NaN,
        "Gross Profit": NaN,
        "Operating Income": NaN,
        "EBIT": NaN,
        "Net Income": 385
    },
    "2014-12-31": {
        "Diluted EPS": 0.65,
        "Total Revenue": NaN,
        "Gross Profit": NaN,
        "Operating Income": NaN,
        "EBIT": NaN,
        "Net Income": 427
    },
    "2014-09-30": {
        "Diluted EPS": 0.62,
        "Total Revenue": NaN,
        "Gross Profit": NaN,
        "Operating Income": 590,
        "EBIT": 590,
        "Net Income": 405
    },
    "2014-06-30": {
        "Diluted EPS": 0.63,
        "Total Revenue": NaN,
        "Gross Profit": NaN,
        "Operating Income": NaN,
        "EBIT": NaN,
        "Net Income": 417
    },
    "2014-03-31": {
        "Diluted EPS": 0.59,
        "Total Revenue": NaN,
        "Gross Profit": NaN,
        "Operating Income": NaN,
        "EBIT": NaN,
        "Net Income": 392
    },
    "2013-12-31": {
        "Diluted EPS": 0.9,
        "Total Revenue": NaN,
        "Gross Profit": NaN,
        "Operating Income": 271,
        "EBIT": 271,
        "Net Income": 550
    },
    "2013-09-30": {
        "Diluted EPS": -0.8,
        "Total Revenue": NaN,
        "Gross Profit": NaN,
        "Operating Income": -303,
        "EBIT": -303,
        "Net Income": -470
    },
    "2013-06-30": {
        "Diluted EPS": 0.62,
        "Total Revenue": NaN,
        "Gross Profit": NaN,
        "Operating Income": NaN,
        "EBIT": NaN,
        "Net Income": 412
    },
    "2013-03-31": {
        "Diluted EPS": 0.84,
        "Total Revenue": NaN,
        "Gross Profit": 877,
        "Operating Income": -515,
        "EBIT": -515,
        "Net Income": 510
    },
    "2012-12-31": {
        "Diluted EPS": 0.65,
        "Total Revenue": NaN,
        "Gross Profit": NaN,
        "Operating Income": NaN,
        "EBIT": NaN,
        "Net Income": 394
    },
    "2012-09-30": {
        "Diluted EPS": 0.64,
        "Total Revenue": NaN,
        "Gross Profit": NaN,
        "Operating Income": 710,
        "EBIT": 710,
        "Net Income": 414
    },
    "2012-06-30": {
        "Diluted EPS": 0.09,
        "Total Revenue": NaN,
        "Gross Profit": NaN,
        "Operating Income": NaN,
        "EBIT": NaN,
        "Net Income": 81
    },
    "2012-03-31": {
        "Diluted EPS": 1.15,
        "Total Revenue": NaN,
        "Gross Profit": -151,
        "Operating Income": NaN,
        "EBIT": NaN,
        "Net Income": 714
    },
    "2011-12-31": {
        "Diluted EPS": -0.9,
        "Total Revenue": NaN,
        "Gross Profit": NaN,
        "Operating Income": NaN,
        "EBIT": NaN,
        "Net Income": -499
    },
    "2011-09-30": {
        "Diluted EPS": -1.06,
        "Total Revenue": NaN,
        "Gross Profit": NaN,
        "Operating Income": NaN,
        "EBIT": NaN,
        "Net Income": -589
    },
    "2011-06-30": {
        "Diluted EPS": 0.71,
        "Total Revenue": NaN,
        "Gross Profit": NaN,
        "Operating Income": 749,
        "EBIT": 749,
        "Net Income": 450
    },
    "2011-03-31": {
        "Diluted EPS": 0.77,
        "Total Revenue": NaN,
        "Gross Profit": 952,
        "Operating Income": -421,
        "EBIT": -421,
        "Net Income": 461
    },
    "2010-12-31": {
        "Diluted EPS": 0.89,
        "Total Revenue": NaN,
        "Gross Profit": 978,
        "Operating Income": -417,
        "EBIT": -333,
        "Net Income": 540
    },
    "2010-09-30": {
        "Diluted EPS": 0.76,
        "Total Revenue": NaN,
        "Gross Profit": NaN,
        "Operating Income": NaN,
        "EBIT": NaN,
        "Net Income": 460
    },
    "2010-06-30": {
        "Diluted EPS": 0.36,
        "Total Revenue": NaN,
        "Gross Profit": NaN,
        "Operating Income": NaN,
        "EBIT": NaN,
        "Net Income": 229
    },
    "2010-03-31": {
        "Diluted EPS": 0.69,
        "Total Revenue": NaN,
        "Gross Profit": NaN,
        "Operating Income": NaN,
        "EBIT": NaN,
        "Net Income": 413
    },
    "2009-12-31": {
        "Diluted EPS": 0.49,
        "Total Revenue": NaN,
        "Gross Profit": NaN,
        "Operating Income": 384,
        "EBIT": 516,
        "Net Income": 297
    },
    "2009-09-30": {
        "Diluted EPS": -0.23,
        "Total Revenue": NaN,
        "Gross Profit": NaN,
        "Operating Income": NaN,
        "EBIT": NaN,
        "Net Income": -110
    },
    "2009-06-30": {
        "Diluted EPS": 0.98,
        "Total Revenue": NaN,
        "Gross Profit": NaN,
        "Operating Income": NaN,
        "EBIT": NaN,
        "Net Income": 567
    },
    "2009-03-31": {
        "Diluted EPS": -0.35,
        "Total Revenue": NaN,
        "Gross Profit": 436,
        "Operating Income": -554,
        "EBIT": -577,
        "Net Income": -181
    },
    "2023-06-30": {
        "Tax Effect Of Unusual Items": NaN,
        "Tax Rate For Calcs": NaN,
        "Net Income From Continuing Operation Net Minority Interest": NaN,
        "EBIT": NaN,
        "Net Interest Income": NaN,
        "Interest Expense": NaN,
        "Interest Income": NaN,
        "Normalized Income": NaN,
        "Net Income From Continuing And Discontinued Operation": NaN,
        "Total Expenses": NaN,
        "Diluted Average Shares": 590000000.0,
        "Basic Average Shares": 587000000.0,
        "Diluted EPS": 1.12,
        "Basic EPS": 1.12,
        "Diluted NI Availto Com Stockholders": NaN,
        "Average Dilution Earnings": NaN,
        "Net Income Common Stockholders": NaN,
        "Otherunder Preferred Stock Dividend": NaN,
        "Preferred Stock Dividends": NaN,
        "Net Income": NaN,
        "Minority Interests": NaN,
        "Net Income Including Noncontrolling Interests": NaN,
        "Net Income Continuous Operations": NaN,
        "Tax Provision": NaN,
        "Pretax Income": NaN,
        "Other Income Expense": NaN,
        "Net Non Operating Interest Income Expense": NaN,
        "Interest Expense Non Operating": NaN,
        "Other Operating Expenses": NaN,
        "Total Revenue": NaN,
        "Operating Revenue": NaN,
        "Loss Adjustment Expense": NaN,
        "Net Policyholder Benefits And Claims": NaN,
        "Policyholder Benefits Gross": NaN,
        "Policyholder Benefits Ceded": NaN
    },
    "2023-09-30": {
        "Tax Effect Of Unusual Items": NaN,
        "Tax Rate For Calcs": NaN,
        "Net Income From Continuing Operation Net Minority Interest": NaN,
        "EBIT": NaN,
        "Net Interest Income": NaN,
        "Interest Expense": NaN,
        "Interest Income": NaN,
        "Normalized Income": NaN,
        "Net Income From Continuing And Discontinued Operation": NaN,
        "Total Expenses": NaN,
        "Diluted Average Shares": 589000000.0,
        "Basic Average Shares": 586000000.0,
        "Diluted EPS": 1.48,
        "Basic EPS": 1.49,
        "Diluted NI Availto Com Stockholders": NaN,
        "Average Dilution Earnings": NaN,
        "Net Income Common Stockholders": NaN,
        "Otherunder Preferred Stock Dividend": NaN,
        "Preferred Stock Dividends": NaN,
        "Net Income": NaN,
        "Minority Interests": NaN,
        "Net Income Including Noncontrolling Interests": NaN,
        "Net Income Continuous Operations": NaN,
        "Tax Provision": NaN,
        "Pretax Income": NaN,
        "Other Income Expense": NaN,
        "Net Non Operating Interest Income Expense": NaN,
        "Interest Expense Non Operating": NaN,
        "Other Operating Expenses": NaN,
        "Total Revenue": NaN,
        "Operating Revenue": NaN,
        "Loss Adjustment Expense": NaN,
        "Net Policyholder Benefits And Claims": NaN,
        "Policyholder Benefits Gross": NaN,
        "Policyholder Benefits Ceded": NaN
    },
    "2023-12-31": {
        "Tax Effect Of Unusual Items": 0.0,
        "Tax Rate For Calcs": 0.4,
        "Net Income From Continuing Operation Net Minority Interest": 826000000.0,
        "EBIT": 902000000.0,
        "Net Interest Income": -115000000.0,
        "Interest Expense": 115000000.0,
        "Interest Income": -1099000000.0,
        "Normalized Income": 826000000.0,
        "Net Income From Continuing And Discontinued Operation": 826000000.0,
        "Total Expenses": 19285000000.0,
        "Diluted Average Shares": NaN,
        "Basic Average Shares": NaN,
        "Diluted EPS": NaN,
        "Basic EPS": NaN,
        "Diluted NI Availto Com Stockholders": 751000000.0,
        "Average Dilution Earnings": 2000000.0,
        "Net Income Common Stockholders": 749000000.0,
        "Otherunder Preferred Stock Dividend": 57000000.0,
        "Preferred Stock Dividends": 20000000.0,
        "Net Income": 826000000.0,
        "Minority Interests": -48000000.0,
        "Net Income Including Noncontrolling Interests": 874000000.0,
        "Net Income Continuous Operations": 874000000.0,
        "Tax Provision": -87000000.0,
        "Pretax Income": 787000000.0,
        "Other Income Expense": NaN,
        "Net Non Operating Interest Income Expense": -115000000.0,
        "Interest Expense Non Operating": 115000000.0,
        "Other Operating Expenses": 2086000000.0,
        "Total Revenue": 20072000000.0,
        "Operating Revenue": 20072000000.0,
        "Loss Adjustment Expense": 16707000000.0,
        "Net Policyholder Benefits And Claims": 16707000000.0,
        "Policyholder Benefits Gross": 16500000000.0,
        "Policyholder Benefits Ceded": -207000000.0
    },
    "2024-03-31": {
        "Tax Effect Of Unusual Items": NaN,
        "Tax Rate For Calcs": NaN,
        "Net Income From Continuing Operation Net Minority Interest": NaN,
        "EBIT": NaN,
        "Net Interest Income": NaN,
        "Interest Expense": NaN,
        "Interest Income": 1724000000.0,
        "Normalized Income": NaN,
        "Net Income From Continuing And Discontinued Operation": NaN,
        "Total Expenses": NaN,
        "Diluted Average Shares": NaN,
        "Basic Average Shares": NaN,
        "Diluted EPS": NaN,
        "Basic EPS": NaN,
        "Diluted NI Availto Com Stockholders": NaN,
        "Average Dilution Earnings": NaN,
        "Net Income Common Stockholders": NaN,
        "Otherunder Preferred Stock Dividend": NaN,
        "Preferred Stock Dividends": NaN,
        "Net Income": NaN,
        "Minority Interests": NaN,
        "Net Income Including Noncontrolling Interests": NaN,
        "Net Income Continuous Operations": NaN,
        "Tax Provision": NaN,
        "Pretax Income": NaN,
        "Other Income Expense": 164000000.0,
        "Net Non Operating Interest Income Expense": NaN,
        "Interest Expense Non Operating": NaN,
        "Other Operating Expenses": -161000000.0,
        "Total Revenue": NaN,
        "Operating Revenue": NaN,
        "Loss Adjustment Expense": NaN,
        "Net Policyholder Benefits And Claims": NaN,
        "Policyholder Benefits Gross": NaN,
        "Policyholder Benefits Ceded": NaN
    },
    "2024-06-30": {
        "Tax Effect Of Unusual Items": NaN,
        "Tax Rate For Calcs": NaN,
        "Net Income From Continuing Operation Net Minority Interest": NaN,
        "EBIT": NaN,
        "Net Interest Income": NaN,
        "Interest Expense": NaN,
        "Interest Income": 1739000000.0,
        "Normalized Income": NaN,
        "Net Income From Continuing And Discontinued Operation": NaN,
        "Total Expenses": NaN,
        "Diluted Average Shares": 584000000.0,
        "Basic Average Shares": 581000000.0,
        "Diluted EPS": 1.11,
        "Basic EPS": 1.11,
        "Diluted NI Availto Com Stockholders": NaN,
        "Average Dilution Earnings": NaN,
        "Net Income Common Stockholders": NaN,
        "Otherunder Preferred Stock Dividend": NaN,
        "Preferred Stock Dividends": NaN,
        "Net Income": NaN,
        "Minority Interests": NaN,
        "Net Income Including Noncontrolling Interests": NaN,
        "Net Income Continuous Operations": NaN,
        "Tax Provision": NaN,
        "Pretax Income": NaN,
        "Net Non Operating Interest Income Expense": NaN,
        "Interest Expense Non Operating": NaN,
        "Other Operating Expenses": -1000000.0,
        "Total Revenue": NaN,
        "Operating Revenue": NaN,
        "Loss Adjustment Expense": NaN,
        "Net Policyholder Benefits And Claims": NaN,
        "Policyholder Benefits Gross": NaN,
        "Policyholder Benefits Ceded": NaN
    },
    "2024-09-30": {
        "Tax Effect Of Unusual Items": 0.0,
        "Tax Rate For Calcs": 0.131,
        "Net Income From Continuing Operation Net Minority Interest": 1422000000.0,
        "EBIT": 1828000000.0,
        "Net Interest Income": -185000000.0,
        "Interest Expense": 185000000.0,
        "Interest Income": 1878000000.0,
        "Normalized Income": 1422000000.0,
        "Net Income From Continuing And Discontinued Operation": 1422000000.0,
        "Total Expenses": 13737000000.0,
        "Diluted Average Shares": 581000000.0,
        "Basic Average Shares": 578000000.0,
        "Diluted EPS": 2.33,
        "Basic EPS": 2.33,
        "Diluted NI Availto Com Stockholders": 1351000000.0,
        "Average Dilution Earnings": 3000000.0,
        "Net Income Common Stockholders": 1348000000.0,
        "Otherunder Preferred Stock Dividend": 54000000.0,
        "Preferred Stock Dividends": 20000000.0,
        "Net Income": 1422000000.0,
        "Minority Interests": -6000000.0,
        "Net Income Including Noncontrolling Interests": 1428000000.0,
        "Net Income Continuous Operations": 1428000000.0,
        "Tax Provision": 215000000.0,
        "Pretax Income": 1643000000.0,
        "Net Non Operating Interest Income Expense": -185000000.0,
        "Interest Expense Non Operating": 185000000.0,
        "Other Operating Expenses": -23000000.0,
        "Total Revenue": 15380000000.0,
        "Operating Revenue": 15380000000.0,
        "Loss Adjustment Expense": 11754000000.0,
        "Net Policyholder Benefits And Claims": 11754000000.0,
        "Policyholder Benefits Gross": 11876000000.0,
        "Policyholder Benefits Ceded": 122000000.0
    },
    "2024-12-31": {
        "Tax Effect Of Unusual Items": 0.0,
        "Tax Rate For Calcs": 0.15,
        "Net Income From Continuing Operation Net Minority Interest": 142000000.0,
        "EBIT": 771000000.0,
        "Net Interest Income": -182000000.0,
        "Interest Expense": 182000000.0,
        "Interest Income": -9625000000.0,
        "Normalized Income": 142000000.0,
        "Net Income From Continuing And Discontinued Operation": 142000000.0,
        "Total Expenses": 2686000000.0,
        "Diluted Average Shares": NaN,
        "Basic Average Shares": NaN,
        "Diluted EPS": NaN,
        "Basic EPS": NaN,
        "Diluted NI Availto Com Stockholders": 239000000.0,
        "Average Dilution Earnings": 2000000.0,
        "Net Income Common Stockholders": 237000000.0,
        "Otherunder Preferred Stock Dividend": -115000000.0,
        "Preferred Stock Dividends": 20000000.0,
        "Net Income": 142000000.0,
        "Minority Interests": -75000000.0,
        "Net Income Including Noncontrolling Interests": 217000000.0,
        "Net Income Continuous Operations": 217000000.0,
        "Tax Provision": 372000000.0,
        "Pretax Income": 589000000.0,
        "Net Non Operating Interest Income Expense": -182000000.0,
        "Interest Expense Non Operating": 182000000.0,
        "Other Operating Expenses": -2000000.0,
        "Total Revenue": 3275000000.0,
        "Operating Revenue": 3275000000.0,
        "Loss Adjustment Expense": -1669000000.0,
        "Net Policyholder Benefits And Claims": -1669000000.0,
        "Policyholder Benefits Gross": -1925000000.0,
        "Policyholder Benefits Ceded": -256000000.0
    },
    "2025-03-31": {
        "Tax Effect Of Unusual Items": 0.0,
        "Tax Rate For Calcs": 0.194,
        "Net Income From Continuing Operation Net Minority Interest": 1001000000.0,
        "EBIT": 1382000000.0,
        "Net Interest Income": -133000000.0,
        "Interest Expense": 133000000.0,
        "Interest Income": 1814000000.0,
        "Normalized Income": 1001000000.0,
        "Net Income From Continuing And Discontinued Operation": 1001000000.0,
        "Total Expenses": 10089000000.0,
        "Diluted Average Shares": 575000000.0,
        "Basic Average Shares": 572000000.0,
        "Diluted EPS": 1.62,
        "Basic EPS": 1.62,
        "Diluted NI Availto Com Stockholders": 931000000.0,
        "Average Dilution Earnings": 3000000.0,
        "Net Income Common Stockholders": 928000000.0,
        "Otherunder Preferred Stock Dividend": 53000000.0,
        "Preferred Stock Dividends": 20000000.0,
        "Net Income": 1001000000.0,
        "Minority Interests": -6000000.0,
        "Net Income Including Noncontrolling Interests": 1007000000.0,
        "Net Income Continuous Operations": 1007000000.0,
        "Tax Provision": 242000000.0,
        "Pretax Income": 1249000000.0,
        "Net Non Operating Interest Income Expense": -133000000.0,
        "Interest Expense Non Operating": 133000000.0,
        "Other Operating Expenses": -8000000.0,
        "Total Revenue": 11338000000.0,
        "Operating Revenue": 11338000000.0,
        "Loss Adjustment Expense": 7704000000.0,
        "Net Policyholder Benefits And Claims": 7704000000.0,
        "Policyholder Benefits Gross": 7760000000.0,
        "Policyholder Benefits Ceded": 56000000.0
    },
    "2025-06-30": {
        "Tax Effect Of Unusual Items": 0.0,
        "Tax Rate For Calcs": 0.203,
        "Net Income From Continuing Operation Net Minority Interest": 778000000.0,
        "EBIT": 1105000000.0,
        "Net Interest Income": -129000000.0,
        "Interest Expense": 129000000.0,
        "Interest Income": NaN,
        "Normalized Income": 778000000.0,
        "Net Income From Continuing And Discontinued Operation": 778000000.0,
        "Total Expenses": 8221000000.0,
        "Diluted Average Shares": 569000000.0,
        "Basic Average Shares": 565000000.0,
        "Diluted EPS": 1.26,
        "Basic EPS": 1.27,
        "Diluted NI Availto Com Stockholders": 718000000.0,
        "Average Dilution Earnings": 2000000.0,
        "Net Income Common Stockholders": 716000000.0,
        "Otherunder Preferred Stock Dividend": 43000000.0,
        "Preferred Stock Dividends": 19000000.0,
        "Net Income": 778000000.0,
        "Minority Interests": 0.0,
        "Net Income Including Noncontrolling Interests": 778000000.0,
        "Net Income Continuous Operations": 778000000.0,
        "Tax Provision": 198000000.0,
        "Pretax Income": 976000000.0,
        "Net Non Operating Interest Income Expense": -129000000.0,
        "Interest Expense Non Operating": 129000000.0,
        "Other Operating Expenses": NaN,
        "Total Revenue": 9197000000.0,
        "Operating Revenue": 9197000000.0,
        "Loss Adjustment Expense": 5863000000.0,
        "Net Policyholder Benefits And Claims": 5863000000.0,
        "Policyholder Benefits Gross": 5873000000.0,
        "Policyholder Benefits Ceded": 10000000.0
    },
    "2025-09-30": {
        "Tax Effect Of Unusual Items": 0.0,
        "Tax Rate For Calcs": 0.18,
        "Net Income From Continuing Operation Net Minority Interest": 1173000000.0,
        "EBIT": 1578000000.0,
        "Net Interest Income": -131000000.0,
        "Interest Expense": 131000000.0,
        "Interest Income": NaN,
        "Normalized Income": 1173000000.0,
        "Net Income From Continuing And Discontinued Operation": 1173000000.0,
        "Total Expenses": 10952000000.0,
        "Diluted Average Shares": 564000000.0,
        "Basic Average Shares": 561000000.0,
        "Diluted EPS": 1.97,
        "Basic EPS": 1.97,
        "Diluted NI Availto Com Stockholders": 1109000000.0,
        "Average Dilution Earnings": 3000000.0,
        "Net Income Common Stockholders": 1106000000.0,
        "Otherunder Preferred Stock Dividend": 47000000.0,
        "Preferred Stock Dividends": 20000000.0,
        "Net Income": 1173000000.0,
        "Minority Interests": -14000000.0,
        "Net Income Including Noncontrolling Interests": 1187000000.0,
        "Net Income Continuous Operations": 1187000000.0,
        "Tax Provision": 260000000.0,
        "Pretax Income": 1447000000.0,
        "Net Non Operating Interest Income Expense": -131000000.0,
        "Interest Expense Non Operating": 131000000.0,
        "Other Operating Expenses": NaN,
        "Total Revenue": 12399000000.0,
        "Operating Revenue": 12399000000.0,
        "Loss Adjustment Expense": 8637000000.0,
        "Net Policyholder Benefits And Claims": 8637000000.0,
        "Policyholder Benefits Gross": 8632000000.0,
        "Policyholder Benefits Ceded": -5000000.0
    }
}