{
    "2023-03-31": {
        "Tax Effect Of Unusual Items": 0.0,
        "Tax Rate For Calcs": 0.0,
        "Normalized EBITDA": -5391000.0,
        "Total Unusual Items": -468000.0,
        "Total Unusual Items Excluding Goodwill": -468000.0,
        "Net Income From Continuing Operation Net Minority Interest": -7236000.0,
        "Reconciled Depreciation": 1337000.0,
        "Reconciled Cost Of Revenue": 820000.0,
        "EBIT": -7196000.0,
        "Net Interest Income": -40000.0,
        "Interest Expense": 40000.0,
        "Interest Income": NaN,
        "Normalized Income": -6768000.0,
        "Net Income From Continuing And Discontinued Operation": -7236000.0,
        "Total Expenses": 10074000.0,
        "Total Operating Income As Reported": -7220000.0,
        "Diluted Average Shares": 37715941.0,
        "Basic Average Shares": 37715941.0,
        "Diluted EPS": -0.19,
        "Basic EPS": -0.19,
        "Diluted NI Availto Com Stockholders": -7236000.0,
        "Net Income Common Stockholders": -7236000.0,
        "Net Income": -7236000.0,
        "Net Income Including Noncontrolling Interests": -7236000.0,
        "Net Income Continuous Operations": -7236000.0,
        "Tax Provision": 0.0,
        "Pretax Income": -7236000.0,
        "Other Income Expense": -444000.0,
        "Other Non Operating Income Expenses": 24000.0,
        "Special Income Charges": -468000.0,
        "Gain On Sale Of Ppe": NaN,
        "Impairment Of Capital Assets": NaN,
        "Restructuring And Mergern Acquisition": 468000.0,
        "Gain On Sale Of Security": NaN,
        "Net Non Operating Interest Income Expense": -40000.0,
        "Interest Expense Non Operating": 40000.0,
        "Interest Income Non Operating": NaN,
        "Operating Income": -6752000.0,
        "Operating Expense": 8126000.0,
        "Depreciation Amortization Depletion Income Statement": 209000.0,
        "Depreciation And Amortization In Income Statement": 209000.0,
        "Research And Development": 2956000.0,
        "Selling General And Administration": 4961000.0,
        "Selling And Marketing Expense": 2650000.0,
        "General And Administrative Expense": 2311000.0,
        "Other Gand A": 1191000.0,
        "Salaries And Wages": 1120000.0,
        "Gross Profit": 1374000.0,
        "Cost Of Revenue": 1948000.0,
        "Total Revenue": 3322000.0,
        "Operating Revenue": 3322000.0
    },
    "2022-12-31": {
        "Tax Effect Of Unusual Items": -93552.834107,
        "Tax Rate For Calcs": 0.009712,
        "Normalized EBITDA": -5205000.0,
        "Total Unusual Items": -9633000.0,
        "Total Unusual Items Excluding Goodwill": -9633000.0,
        "Net Income From Continuing Operation Net Minority Interest": -16213000.0,
        "Reconciled Depreciation": 1348000.0,
        "Reconciled Cost Of Revenue": 2938000.0,
        "EBIT": -16186000.0,
        "Net Interest Income": -186000.0,
        "Interest Expense": 186000.0,
        "Interest Income": NaN,
        "Normalized Income": -6673552.834107,
        "Net Income From Continuing And Discontinued Operation": -16213000.0,
        "Total Expenses": 13664000.0,
        "Total Operating Income As Reported": -16175000.0,
        "Diluted Average Shares": 37579432.0,
        "Basic Average Shares": 37579432.0,
        "Diluted EPS": -0.43,
        "Basic EPS": -0.43,
        "Diluted NI Availto Com Stockholders": -16213000.0,
        "Net Income Common Stockholders": -16213000.0,
        "Net Income": -16213000.0,
        "Net Income Including Noncontrolling Interests": -16213000.0,
        "Net Income Continuous Operations": -16213000.0,
        "Tax Provision": -159000.0,
        "Pretax Income": -16372000.0,
        "Other Income Expense": -9644000.0,
        "Other Non Operating Income Expenses": -11000.0,
        "Special Income Charges": -9633000.0,
        "Gain On Sale Of Ppe": NaN,
        "Impairment Of Capital Assets": 8263000.0,
        "Restructuring And Mergern Acquisition": 1370000.0,
        "Gain On Sale Of Security": NaN,
        "Net Non Operating Interest Income Expense": -186000.0,
        "Interest Expense Non Operating": 186000.0,
        "Interest Income Non Operating": NaN,
        "Operating Income": -6542000.0,
        "Operating Expense": 9588000.0,
        "Depreciation Amortization Depletion Income Statement": 210000.0,
        "Depreciation And Amortization In Income Statement": 210000.0,
        "Research And Development": 3269000.0,
        "Selling General And Administration": 6109000.0,
        "Selling And Marketing Expense": 3343000.0,
        "General And Administrative Expense": 2766000.0,
        "Other Gand A": 1244000.0,
        "Salaries And Wages": 1522000.0,
        "Gross Profit": 3046000.0,
        "Cost Of Revenue": 4076000.0,
        "Total Revenue": 7122000.0,
        "Operating Revenue": 7122000.0
    },
    "2022-09-30": {
        "Tax Effect Of Unusual Items": 0.0,
        "Tax Rate For Calcs": 0.0,
        "Normalized EBITDA": -6898000.0,
        "Total Unusual Items": -43836000.0,
        "Total Unusual Items Excluding Goodwill": -43836000.0,
        "Net Income From Continuing Operation Net Minority Interest": -52602000.0,
        "Reconciled Depreciation": 1354000.0,
        "Reconciled Cost Of Revenue": 2004000.0,
        "EBIT": -52088000.0,
        "Net Interest Income": -514000.0,
        "Interest Expense": 514000.0,
        "Interest Income": NaN,
        "Normalized Income": -8766000.0,
        "Net Income From Continuing And Discontinued Operation": -52602000.0,
        "Total Expenses": 12753000.0,
        "Total Operating Income As Reported": -52081000.0,
        "Diluted Average Shares": 37386981.0,
        "Basic Average Shares": 37386981.0,
        "Diluted EPS": -1.41,
        "Basic EPS": -1.41,
        "Diluted NI Availto Com Stockholders": -52602000.0,
        "Net Income Common Stockholders": -52602000.0,
        "Net Income": -52602000.0,
        "Net Income Including Noncontrolling Interests": -52602000.0,
        "Net Income Continuous Operations": -52602000.0,
        "Tax Provision": 0.0,
        "Pretax Income": -52602000.0,
        "Other Income Expense": -43843000.0,
        "Other Non Operating Income Expenses": -7000.0,
        "Special Income Charges": -43836000.0,
        "Gain On Sale Of Ppe": NaN,
        "Impairment Of Capital Assets": 42000000.0,
        "Restructuring And Mergern Acquisition": 1836000.0,
        "Gain On Sale Of Security": NaN,
        "Net Non Operating Interest Income Expense": -514000.0,
        "Interest Expense Non Operating": 514000.0,
        "Interest Income Non Operating": NaN,
        "Operating Income": -8245000.0,
        "Operating Expense": 10034000.0,
        "Depreciation Amortization Depletion Income Statement": 639000.0,
        "Depreciation And Amortization In Income Statement": 639000.0,
        "Research And Development": 3827000.0,
        "Selling General And Administration": 5568000.0,
        "Selling And Marketing Expense": 2958000.0,
        "General And Administrative Expense": 2610000.0,
        "Other Gand A": 1096000.0,
        "Salaries And Wages": 1514000.0,
        "Gross Profit": 1789000.0,
        "Cost Of Revenue": 2719000.0,
        "Total Revenue": 4508000.0,
        "Operating Revenue": 4508000.0
    },
    "2022-06-30": {
        "Tax Effect Of Unusual Items": 0.0,
        "Tax Rate For Calcs": 0.0,
        "Normalized EBITDA": -7390000.0,
        "Total Unusual Items": 0.0,
        "Total Unusual Items Excluding Goodwill": 0.0,
        "Net Income From Continuing Operation Net Minority Interest": -8720000.0,
        "Reconciled Depreciation": 1353000.0,
        "Reconciled Cost Of Revenue": 1332000.0,
        "EBIT": -8743000.0,
        "Net Interest Income": 23000.0,
        "Interest Expense": NaN,
        "Interest Income": 23000.0,
        "Normalized Income": -8720000.0,
        "Net Income From Continuing And Discontinued Operation": -8720000.0,
        "Total Expenses": 13022000.0,
        "Total Operating Income As Reported": -8743000.0,
        "Diluted Average Shares": 36946587.0,
        "Basic Average Shares": 36946587.0,
        "Diluted EPS": -0.24,
        "Basic EPS": -0.24,
        "Diluted NI Availto Com Stockholders": -8720000.0,
        "Net Income Common Stockholders": -8720000.0,
        "Net Income": -8720000.0,
        "Net Income Including Noncontrolling Interests": -8720000.0,
        "Net Income Continuous Operations": -8720000.0,
        "Tax Provision": 0.0,
        "Pretax Income": -8720000.0,
        "Other Income Expense": NaN,
        "Other Non Operating Income Expenses": NaN,
        "Special Income Charges": 0.0,
        "Gain On Sale Of Ppe": NaN,
        "Impairment Of Capital Assets": NaN,
        "Restructuring And Mergern Acquisition": NaN,
        "Gain On Sale Of Security": NaN,
        "Net Non Operating Interest Income Expense": 23000.0,
        "Interest Expense Non Operating": NaN,
        "Interest Income Non Operating": 23000.0,
        "Operating Income": -8743000.0,
        "Operating Expense": 10564000.0,
        "Depreciation Amortization Depletion Income Statement": 227000.0,
        "Depreciation And Amortization In Income Statement": 227000.0,
        "Research And Development": 4570000.0,
        "Selling General And Administration": 5767000.0,
        "Selling And Marketing Expense": 3001000.0,
        "General And Administrative Expense": 2766000.0,
        "Other Gand A": 1361000.0,
        "Salaries And Wages": 1405000.0,
        "Gross Profit": 1821000.0,
        "Cost Of Revenue": 2458000.0,
        "Total Revenue": 4279000.0,
        "Operating Revenue": 4279000.0
    },
    "2022-03-31": {
        "Diluted EPS": -0.21,
        "Total Revenue": 4,
        "Gross Profit": 2,
        "Operating Income": -8,
        "EBIT": -7,
        "Net Income": -8
    },
    "2021-12-31": {
        "Diluted EPS": -0.19,
        "Total Revenue": 6,
        "Gross Profit": 3,
        "Operating Income": -7,
        "EBIT": -6,
        "Net Income": -7
    },
    "2021-09-30": {
        "Diluted EPS": -0.2,
        "Total Revenue": 4,
        "Gross Profit": 1,
        "Operating Income": -7,
        "EBIT": -6,
        "Net Income": -7
    },
    "2021-06-30": {
        "Diluted EPS": -0.07,
        "Total Revenue": 1,
        "Gross Profit": 1,
        "Operating Income": -6,
        "EBIT": -6,
        "Net Income": -2
    },
    "2021-03-31": {
        "Diluted EPS": -0.23,
        "Total Revenue": 1,
        "Gross Profit": 0,
        "Operating Income": -5,
        "EBIT": -4,
        "Net Income": -5
    },
    "2020-12-31": {
        "Diluted EPS": -0.2,
        "Total Revenue": 1,
        "Gross Profit": 0,
        "Operating Income": -5,
        "EBIT": -4,
        "Net Income": -5
    },
    "2020-09-30": {
        "Diluted EPS": -0.36,
        "Total Revenue": 1,
        "Gross Profit": 0,
        "Operating Income": -4,
        "EBIT": -4,
        "Net Income": -4
    },
    "2020-06-30": {
        "Diluted EPS": -0.48,
        "Total Revenue": 0,
        "Gross Profit": 0,
        "Operating Income": -5,
        "EBIT": -4,
        "Net Income": -5
    },
    "2020-03-31": {
        "Diluted EPS": -0.6,
        "Total Revenue": 0,
        "Gross Profit": 0,
        "Operating Income": -5,
        "EBIT": -5,
        "Net Income": -5
    },
    "2019-12-31": {
        "Diluted EPS": -0.04,
        "Total Revenue": 0,
        "Gross Profit": 0,
        "Operating Income": -5,
        "EBIT": -4,
        "Net Income": -5
    },
    "2019-09-30": {
        "Diluted EPS": -0.52,
        "Total Revenue": 0,
        "Gross Profit": 0,
        "Operating Income": -4,
        "EBIT": -4,
        "Net Income": -4
    },
    "2019-06-30": {
        "Diluted EPS": -0.65,
        "Total Revenue": 0,
        "Gross Profit": 0,
        "Operating Income": -6,
        "EBIT": -5,
        "Net Income": -6
    },
    "2019-03-31": {
        "Diluted EPS": -2.68,
        "Total Revenue": 0,
        "Gross Profit": 0,
        "Operating Income": -6,
        "EBIT": -3,
        "Net Income": -16
    },
    "2018-12-31": {
        "Diluted EPS": -1.62,
        "Total Revenue": 0,
        "Gross Profit": 0,
        "Operating Income": -1,
        "EBIT": -2,
        "Net Income": -7
    },
    "2018-09-30": {
        "Diluted EPS": -1.09,
        "Total Revenue": 0,
        "Gross Profit": 0,
        "Operating Income": -4,
        "EBIT": -2,
        "Net Income": -5
    },
    "2018-06-30": {
        "Diluted EPS": -0.86,
        "Total Revenue": 0,
        "Gross Profit": 0,
        "Operating Income": -4,
        "EBIT": -3,
        "Net Income": -4
    },
    "2018-03-31": {
        "Diluted EPS": -0.91,
        "Total Revenue": 0,
        "Gross Profit": 0,
        "Operating Income": -4,
        "EBIT": -4,
        "Net Income": -4
    },
    "2009-12-31": {
        "Diluted EPS": 0.0,
        "Total Revenue": NaN,
        "Gross Profit": NaN,
        "Operating Income": NaN,
        "EBIT": NaN,
        "Net Income": NaN
    },
    "2023-06-30": {
        "Tax Effect Of Unusual Items": -78107.707372,
        "Tax Rate For Calcs": 0.043782,
        "Normalized EBITDA": -4021000.0,
        "Total Unusual Items": -1784000.0,
        "Total Unusual Items Excluding Goodwill": -1784000.0,
        "Net Income From Continuing Operation Net Minority Interest": -6836000.0,
        "Reconciled Depreciation": 1342000.0,
        "Reconciled Cost Of Revenue": 1787000.0,
        "EBIT": -7147000.0,
        "Net Interest Income": -2000.0,
        "Interest Expense": 2000.0,
        "Interest Income": NaN,
        "Normalized Income": -5130107.707372,
        "Net Income From Continuing And Discontinued Operation": -6836000.0,
        "Total Expenses": 10415000.0,
        "Total Operating Income As Reported": -8187000.0,
        "Diluted Average Shares": 40494953.0,
        "Basic Average Shares": 40494953.0,
        "Diluted EPS": -0.17,
        "Basic EPS": -0.17,
        "Diluted NI Availto Com Stockholders": -6836000.0,
        "Net Income Common Stockholders": -6836000.0,
        "Net Income": -6836000.0,
        "Net Income Including Noncontrolling Interests": -6836000.0,
        "Net Income Continuous Operations": -6836000.0,
        "Tax Provision": -313000.0,
        "Pretax Income": -7149000.0,
        "Other Income Expense": -1784000.0,
        "Other Non Operating Income Expenses": NaN,
        "Special Income Charges": -2824000.0,
        "Gain On Sale Of Ppe": -2284000.0,
        "Impairment Of Capital Assets": NaN,
        "Restructuring And Mergern Acquisition": 540000.0,
        "Gain On Sale Of Security": 1040000.0,
        "Net Non Operating Interest Income Expense": -2000.0,
        "Interest Expense Non Operating": 2000.0,
        "Interest Income Non Operating": NaN,
        "Operating Income": -5363000.0,
        "Operating Expense": 7504000.0,
        "Depreciation Amortization Depletion Income Statement": 218000.0,
        "Depreciation And Amortization In Income Statement": 218000.0,
        "Research And Development": 2246000.0,
        "Selling General And Administration": 5040000.0,
        "Selling And Marketing Expense": 2956000.0,
        "General And Administrative Expense": 2084000.0,
        "Other Gand A": 1076000.0,
        "Salaries And Wages": 1008000.0,
        "Gross Profit": 2141000.0,
        "Cost Of Revenue": 2911000.0,
        "Total Revenue": 5052000.0,
        "Operating Revenue": 5052000.0
    }
}