{
    "2023-12-31": {
        "Tax Effect Of Unusual Items": NaN,
        "Tax Rate For Calcs": NaN,
        "Normalized EBITDA": NaN,
        "Total Unusual Items": NaN,
        "Total Unusual Items Excluding Goodwill": NaN,
        "Net Income From Continuing Operation Net Minority Interest": NaN,
        "Reconciled Depreciation": NaN,
        "Reconciled Cost Of Revenue": 293984.622343,
        "EBITDA": NaN,
        "EBIT": NaN,
        "Net Interest Income": NaN,
        "Interest Expense": NaN,
        "Interest Income": NaN,
        "Normalized Income": NaN,
        "Net Income From Continuing And Discontinued Operation": NaN,
        "Total Expenses": NaN,
        "Rent Expense Supplemental": 25629.428615,
        "Total Operating Income As Reported": NaN,
        "Diluted Average Shares": 173110082.0,
        "Basic Average Shares": 173110082.0,
        "Diluted EPS": -0.045228,
        "Basic EPS": -0.045228,
        "Diluted NI Availto Com Stockholders": NaN,
        "Net Income Common Stockholders": NaN,
        "Net Income": NaN,
        "Net Income Including Noncontrolling Interests": NaN,
        "Net Income Continuous Operations": NaN,
        "Tax Provision": NaN,
        "Pretax Income": NaN,
        "Other Income Expense": NaN,
        "Special Income Charges": NaN,
        "Gain On Sale Of Business": NaN,
        "Restructuring And Mergern Acquisition": NaN,
        "Earnings From Equity Interest": NaN,
        "Gain On Sale Of Security": NaN,
        "Net Non Operating Interest Income Expense": NaN,
        "Interest Expense Non Operating": NaN,
        "Interest Income Non Operating": NaN,
        "Operating Income": NaN,
        "Operating Expense": NaN,
        "Other Operating Expenses": NaN,
        "Selling General And Administration": NaN,
        "Selling And Marketing Expense": 73873.058948,
        "General And Administrative Expense": NaN,
        "Other Gand A": NaN,
        "Rent And Landing Fees": 25629.428615,
        "Salaries And Wages": NaN,
        "Gross Profit": -293984.622343,
        "Cost Of Revenue": 293984.622343,
        "Total Revenue": NaN,
        "Operating Revenue": NaN
    },
    "2023-09-30": {
        "Tax Effect Of Unusual Items": NaN,
        "Tax Rate For Calcs": NaN,
        "Normalized EBITDA": NaN,
        "Total Unusual Items": NaN,
        "Total Unusual Items Excluding Goodwill": NaN,
        "Net Income From Continuing Operation Net Minority Interest": NaN,
        "Reconciled Depreciation": NaN,
        "Reconciled Cost Of Revenue": 354000.0,
        "EBITDA": NaN,
        "EBIT": NaN,
        "Net Interest Income": NaN,
        "Interest Expense": NaN,
        "Interest Income": NaN,
        "Normalized Income": NaN,
        "Net Income From Continuing And Discontinued Operation": NaN,
        "Total Expenses": NaN,
        "Rent Expense Supplemental": NaN,
        "Total Operating Income As Reported": NaN,
        "Diluted Average Shares": 172785164.0,
        "Basic Average Shares": 172785164.0,
        "Diluted EPS": -0.04,
        "Basic EPS": -0.04,
        "Diluted NI Availto Com Stockholders": NaN,
        "Net Income Common Stockholders": NaN,
        "Net Income": NaN,
        "Net Income Including Noncontrolling Interests": NaN,
        "Net Income Continuous Operations": NaN,
        "Tax Provision": 0.0,
        "Pretax Income": NaN,
        "Other Income Expense": NaN,
        "Special Income Charges": -2538000.0,
        "Gain On Sale Of Business": 0.0,
        "Restructuring And Mergern Acquisition": 2538000.0,
        "Earnings From Equity Interest": NaN,
        "Gain On Sale Of Security": NaN,
        "Net Non Operating Interest Income Expense": NaN,
        "Interest Expense Non Operating": NaN,
        "Interest Income Non Operating": NaN,
        "Operating Income": NaN,
        "Operating Expense": NaN,
        "Other Operating Expenses": NaN,
        "Selling General And Administration": NaN,
        "Selling And Marketing Expense": 74000.0,
        "General And Administrative Expense": NaN,
        "Other Gand A": NaN,
        "Rent And Landing Fees": NaN,
        "Salaries And Wages": NaN,
        "Gross Profit": -354000.0,
        "Cost Of Revenue": 354000.0,
        "Total Revenue": NaN,
        "Operating Revenue": NaN
    },
    "2023-06-30": {
        "Tax Effect Of Unusual Items": NaN,
        "Tax Rate For Calcs": NaN,
        "Normalized EBITDA": NaN,
        "Total Unusual Items": NaN,
        "Total Unusual Items Excluding Goodwill": NaN,
        "Net Income From Continuing Operation Net Minority Interest": NaN,
        "Reconciled Depreciation": NaN,
        "Reconciled Cost Of Revenue": 116972.28787,
        "EBITDA": NaN,
        "EBIT": NaN,
        "Net Interest Income": NaN,
        "Interest Expense": NaN,
        "Interest Income": NaN,
        "Normalized Income": NaN,
        "Net Income From Continuing And Discontinued Operation": NaN,
        "Total Expenses": NaN,
        "Rent Expense Supplemental": NaN,
        "Total Operating Income As Reported": NaN,
        "Diluted Average Shares": NaN,
        "Basic Average Shares": NaN,
        "Diluted EPS": NaN,
        "Basic EPS": NaN,
        "Diluted NI Availto Com Stockholders": NaN,
        "Net Income Common Stockholders": NaN,
        "Net Income": NaN,
        "Net Income Including Noncontrolling Interests": NaN,
        "Net Income Continuous Operations": NaN,
        "Tax Provision": NaN,
        "Pretax Income": NaN,
        "Other Income Expense": NaN,
        "Special Income Charges": NaN,
        "Gain On Sale Of Business": NaN,
        "Restructuring And Mergern Acquisition": NaN,
        "Gain On Sale Of Security": NaN,
        "Net Non Operating Interest Income Expense": NaN,
        "Interest Expense Non Operating": NaN,
        "Interest Income Non Operating": NaN,
        "Operating Income": NaN,
        "Operating Expense": NaN,
        "Other Operating Expenses": NaN,
        "Selling General And Administration": NaN,
        "Selling And Marketing Expense": 199907.799932,
        "General And Administrative Expense": NaN,
        "Other Gand A": NaN,
        "Rent And Landing Fees": NaN,
        "Salaries And Wages": NaN,
        "Gross Profit": -116972.28787,
        "Cost Of Revenue": 116972.28787,
        "Total Revenue": NaN,
        "Operating Revenue": NaN
    },
    "2023-03-31": {
        "Tax Effect Of Unusual Items": NaN,
        "Tax Rate For Calcs": NaN,
        "Normalized EBITDA": NaN,
        "Total Unusual Items": NaN,
        "Total Unusual Items Excluding Goodwill": NaN,
        "Net Income From Continuing Operation Net Minority Interest": NaN,
        "Reconciled Depreciation": NaN,
        "Reconciled Cost Of Revenue": NaN,
        "EBITDA": NaN,
        "EBIT": NaN,
        "Net Interest Income": NaN,
        "Interest Expense": NaN,
        "Interest Income": NaN,
        "Normalized Income": NaN,
        "Net Income From Continuing And Discontinued Operation": NaN,
        "Total Expenses": NaN,
        "Rent Expense Supplemental": 10509.0,
        "Total Operating Income As Reported": NaN,
        "Diluted Average Shares": 168790419.0,
        "Basic Average Shares": 168790419.0,
        "Diluted EPS": -0.029573,
        "Basic EPS": -0.029573,
        "Diluted NI Availto Com Stockholders": NaN,
        "Net Income Common Stockholders": NaN,
        "Net Income": NaN,
        "Net Income Including Noncontrolling Interests": NaN,
        "Net Income Continuous Operations": NaN,
        "Tax Provision": NaN,
        "Pretax Income": NaN,
        "Other Income Expense": NaN,
        "Special Income Charges": NaN,
        "Gain On Sale Of Business": NaN,
        "Restructuring And Mergern Acquisition": NaN,
        "Gain On Sale Of Security": NaN,
        "Net Non Operating Interest Income Expense": NaN,
        "Interest Expense Non Operating": NaN,
        "Interest Income Non Operating": NaN,
        "Operating Income": NaN,
        "Operating Expense": NaN,
        "Other Operating Expenses": NaN,
        "Research And Development": 0.0,
        "Selling General And Administration": NaN,
        "Selling And Marketing Expense": NaN,
        "General And Administrative Expense": NaN,
        "Other Gand A": NaN,
        "Rent And Landing Fees": 10509.0,
        "Salaries And Wages": NaN,
        "Gross Profit": NaN,
        "Cost Of Revenue": NaN,
        "Total Revenue": NaN,
        "Operating Revenue": NaN
    },
    "2024-03-31": {
        "Tax Effect Of Unusual Items": 0.0,
        "Tax Rate For Calcs": 0.0,
        "Normalized EBITDA": -6035979.141378,
        "Total Unusual Items": -1338069.863825,
        "Total Unusual Items Excluding Goodwill": -1338069.863825,
        "Net Income From Continuing Operation Net Minority Interest": -7665778.5672,
        "Reconciled Depreciation": 277667.9871,
        "Reconciled Cost Of Revenue": 287892.243931,
        "EBITDA": -7374049.005203,
        "EBIT": -7651716.992303,
        "Net Interest Income": 137655.417407,
        "Interest Expense": 14061.574896,
        "Interest Income": 151716.992303,
        "Normalized Income": -6327708.703375,
        "Net Income From Continuing And Discontinued Operation": -7665778.5672,
        "Total Expenses": 6465364.120782,
        "Total Operating Income As Reported": -7803433.984606,
        "Diluted Average Shares": 178223074.0,
        "Basic Average Shares": 178223074.0,
        "Diluted EPS": -0.044405,
        "Basic EPS": -0.044405,
        "Diluted NI Availto Com Stockholders": -7665778.5672,
        "Net Income Common Stockholders": -7665778.5672,
        "Net Income": -7665778.5672,
        "Net Income Including Noncontrolling Interests": -7665778.5672,
        "Net Income Continuous Operations": -7665778.5672,
        "Tax Provision": NaN,
        "Pretax Income": -7665778.5672,
        "Other Income Expense": -1338069.863825,
        "Special Income Charges": -1461663.706335,
        "Gain On Sale Of Business": NaN,
        "Restructuring And Mergern Acquisition": 1461663.706335,
        "Earnings From Equity Interest": NaN,
        "Gain On Sale Of Security": 123593.84251,
        "Net Non Operating Interest Income Expense": 137655.417407,
        "Interest Expense Non Operating": 14061.574896,
        "Interest Income Non Operating": 151716.992303,
        "Operating Income": -6465364.120782,
        "Operating Expense": 6177471.87685,
        "Other Operating Expenses": 912522.202487,
        "Selling General And Administration": 5264949.674364,
        "Selling And Marketing Expense": 35523.978686,
        "General And Administrative Expense": 5229425.695678,
        "Other Gand A": 2172883.362937,
        "Salaries And Wages": 3056542.332741,
        "Gross Profit": -287892.243931,
        "Cost Of Revenue": 287892.243931,
        "Total Revenue": 0.0,
        "Operating Revenue": 0.0
    },
    "2022-12-31": {
        "Tax Effect Of Unusual Items": NaN,
        "Tax Rate For Calcs": NaN,
        "Normalized EBITDA": NaN,
        "Total Unusual Items": NaN,
        "Total Unusual Items Excluding Goodwill": NaN,
        "Net Income From Continuing Operation Net Minority Interest": NaN,
        "Reconciled Depreciation": NaN,
        "Reconciled Cost Of Revenue": NaN,
        "EBITDA": NaN,
        "EBIT": NaN,
        "Net Interest Income": NaN,
        "Interest Expense": NaN,
        "Interest Income": NaN,
        "Normalized Income": NaN,
        "Net Income From Continuing And Discontinued Operation": NaN,
        "Total Expenses": NaN,
        "Rent Expense Supplemental": 7000.0,
        "Total Operating Income As Reported": NaN,
        "Diluted Average Shares": 166552197.0,
        "Basic Average Shares": 166552197.0,
        "Diluted EPS": -0.04,
        "Basic EPS": -0.04,
        "Diluted NI Availto Com Stockholders": NaN,
        "Net Income Common Stockholders": NaN,
        "Net Income": NaN,
        "Net Income Including Noncontrolling Interests": NaN,
        "Net Income Continuous Operations": NaN,
        "Pretax Income": NaN,
        "Other Income Expense": NaN,
        "Gain On Sale Of Security": NaN,
        "Net Non Operating Interest Income Expense": NaN,
        "Interest Expense Non Operating": NaN,
        "Interest Income Non Operating": NaN,
        "Operating Income": NaN,
        "Operating Expense": NaN,
        "Other Operating Expenses": NaN,
        "Research And Development": 0.0,
        "Selling General And Administration": NaN,
        "Selling And Marketing Expense": NaN,
        "General And Administrative Expense": NaN,
        "Other Gand A": NaN,
        "Rent And Landing Fees": 7000.0,
        "Salaries And Wages": NaN,
        "Gross Profit": NaN,
        "Cost Of Revenue": NaN,
        "Total Revenue": NaN,
        "Operating Revenue": NaN
    },
    "2024-06-30": {
        "Tax Effect Of Unusual Items": 25641196.290147,
        "Tax Rate For Calcs": 0.15,
        "Normalized EBITDA": -14987230.773979,
        "Total Unusual Items": 170941308.600981,
        "Total Unusual Items Excluding Goodwill": 170941308.600981,
        "Net Income From Continuing Operation Net Minority Interest": 130066951.052581,
        "Reconciled Depreciation": 290920.494317,
        "Reconciled Cost Of Revenue": 290920.494317,
        "EBITDA": 155954077.827002,
        "EBIT": 155663157.332685,
        "Net Interest Income": 85305.508075,
        "Interest Expense": 13961.993034,
        "Interest Income": 99267.50111,
        "Normalized Income": -15233161.258253,
        "Net Income From Continuing And Discontinued Operation": 130066951.052581,
        "Total Expenses": 15377418.769405,
        "Total Operating Income As Reported": -9971628.895153,
        "Diluted Average Shares": NaN,
        "Basic Average Shares": NaN,
        "Diluted EPS": NaN,
        "Basic EPS": NaN,
        "Diluted NI Availto Com Stockholders": 130066951.052581,
        "Net Income Common Stockholders": 130066951.052581,
        "Net Income": 130066951.052581,
        "Net Income Including Noncontrolling Interests": 130066951.052581,
        "Net Income Continuous Operations": 130066951.052581,
        "Tax Provision": NaN,
        "Pretax Income": 155649195.339651,
        "Other Income Expense": 170941308.600981,
        "Special Income Charges": 170616386.16893,
        "Gain On Sale Of Business": NaN,
        "Restructuring And Mergern Acquisition": NaN,
        "Earnings From Equity Interest": NaN,
        "Gain On Sale Of Security": 324922.432051,
        "Net Non Operating Interest Income Expense": 85305.508075,
        "Interest Expense Non Operating": 13961.993034,
        "Interest Income Non Operating": 99267.50111,
        "Operating Income": -15377418.769405,
        "Operating Expense": 15086498.275089,
        "Other Operating Expenses": 6260523.906282,
        "Selling General And Administration": 8825974.368807,
        "Selling And Marketing Expense": 62048.523502,
        "General And Administrative Expense": 8763925.845305,
        "Other Gand A": 4917377.798953,
        "Salaries And Wages": 3846548.046352,
        "Gross Profit": -290920.494317,
        "Cost Of Revenue": 290920.494317,
        "Total Revenue": 0.0,
        "Operating Revenue": 0.0
    },
    "2024-09-30": {
        "Tax Effect Of Unusual Items": -34857.539132,
        "Tax Rate For Calcs": 0.043194,
        "Normalized EBITDA": -3911000.0,
        "Total Unusual Items": -807000.0,
        "Total Unusual Items Excluding Goodwill": -807000.0,
        "Net Income From Continuing Operation Net Minority Interest": -4829000.0,
        "Reconciled Depreciation": 314000.0,
        "Reconciled Cost Of Revenue": NaN,
        "EBITDA": -4718000.0,
        "EBIT": -5032000.0,
        "Net Interest Income": 60000.0,
        "Interest Expense": 15000.0,
        "Interest Income": 75000.0,
        "Normalized Income": -4056857.539132,
        "Net Income From Continuing And Discontinued Operation": -4829000.0,
        "Total Expenses": 4300000.0,
        "Total Operating Income As Reported": -6173000.0,
        "Diluted Average Shares": 184205111.0,
        "Basic Average Shares": 184205111.0,
        "Diluted EPS": -0.03,
        "Basic EPS": -0.03,
        "Diluted NI Availto Com Stockholders": -4829000.0,
        "Net Income Common Stockholders": -4829000.0,
        "Net Income": -4829000.0,
        "Net Income Including Noncontrolling Interests": -4829000.0,
        "Net Income Continuous Operations": -4829000.0,
        "Tax Provision": -218000.0,
        "Pretax Income": -5047000.0,
        "Other Income Expense": -807000.0,
        "Special Income Charges": -2210000.0,
        "Gain On Sale Of Business": -423000.0,
        "Restructuring And Mergern Acquisition": 1787000.0,
        "Earnings From Equity Interest": NaN,
        "Gain On Sale Of Security": 1403000.0,
        "Net Non Operating Interest Income Expense": 60000.0,
        "Interest Expense Non Operating": 15000.0,
        "Interest Income Non Operating": 75000.0,
        "Operating Income": -4300000.0,
        "Operating Expense": 4300000.0,
        "Other Operating Expenses": 1039000.0,
        "Selling General And Administration": 4300000.0,
        "Selling And Marketing Expense": NaN,
        "General And Administrative Expense": 4300000.0,
        "Other Gand A": 2811000.0,
        "Salaries And Wages": 1489000.0,
        "Gross Profit": NaN,
        "Cost Of Revenue": NaN,
        "Total Revenue": 0.0,
        "Operating Revenue": 0.0
    },
    "2025-03-31": {
        "Tax Effect Of Unusual Items": 742965.517241,
        "Tax Rate For Calcs": 0.267832,
        "Normalized EBITDA": -4549000.0,
        "Total Unusual Items": 2774000.0,
        "Total Unusual Items Excluding Goodwill": 2774000.0,
        "Net Income From Continuing Operation Net Minority Interest": -1550000.0,
        "Reconciled Depreciation": 332000.0,
        "Reconciled Cost Of Revenue": NaN,
        "EBITDA": -1775000.0,
        "EBIT": -2107000.0,
        "Net Interest Income": 240000.0,
        "Interest Expense": 10000.0,
        "Interest Income": 250000.0,
        "Normalized Income": -3581034.482759,
        "Net Income From Continuing And Discontinued Operation": -1550000.0,
        "Total Expenses": 4147000.0,
        "Total Operating Income As Reported": 5104000.0,
        "Diluted Average Shares": 192568062.0,
        "Basic Average Shares": 192568062.0,
        "Diluted EPS": -0.01,
        "Basic EPS": -0.01,
        "Diluted NI Availto Com Stockholders": -1550000.0,
        "Net Income Common Stockholders": -1550000.0,
        "Net Income": -1550000.0,
        "Net Income Including Noncontrolling Interests": -1550000.0,
        "Net Income Continuous Operations": -1550000.0,
        "Tax Provision": -567000.0,
        "Pretax Income": -2117000.0,
        "Other Income Expense": 1790000.0,
        "Special Income Charges": -955000.0,
        "Gain On Sale Of Business": NaN,
        "Restructuring And Mergern Acquisition": 955000.0,
        "Earnings From Equity Interest": -984000.0,
        "Gain On Sale Of Security": 3729000.0,
        "Net Non Operating Interest Income Expense": 240000.0,
        "Interest Expense Non Operating": 10000.0,
        "Interest Income Non Operating": 250000.0,
        "Operating Income": -4147000.0,
        "Operating Expense": 4147000.0,
        "Other Operating Expenses": 6000.0,
        "Selling General And Administration": 4141000.0,
        "Selling And Marketing Expense": NaN,
        "General And Administrative Expense": 4141000.0,
        "Other Gand A": 2244000.0,
        "Salaries And Wages": 1897000.0,
        "Gross Profit": NaN,
        "Cost Of Revenue": NaN,
        "Total Revenue": 0.0,
        "Operating Revenue": 0.0
    },
    "2025-06-30": {
        "Tax Effect Of Unusual Items": 25924.357035,
        "Tax Rate For Calcs": 0.057867,
        "Normalized EBITDA": -5412000.0,
        "Total Unusual Items": 448000.0,
        "Total Unusual Items Excluding Goodwill": 448000.0,
        "Net Income From Continuing Operation Net Minority Interest": -4982000.0,
        "Reconciled Depreciation": 316000.0,
        "Reconciled Cost Of Revenue": NaN,
        "EBITDA": -4964000.0,
        "EBIT": -5280000.0,
        "Net Interest Income": 222000.0,
        "Interest Expense": 8000.0,
        "Interest Income": 230000.0,
        "Normalized Income": -5404075.642965,
        "Net Income From Continuing And Discontinued Operation": -4982000.0,
        "Total Expenses": 4698000.0,
        "Total Operating Income As Reported": 6554000.0,
        "Diluted Average Shares": 196603088.0,
        "Basic Average Shares": 196603088.0,
        "Diluted EPS": -0.03,
        "Basic EPS": -0.03,
        "Diluted NI Availto Com Stockholders": -4982000.0,
        "Net Income Common Stockholders": -4982000.0,
        "Net Income": -4982000.0,
        "Net Income Including Noncontrolling Interests": -4982000.0,
        "Net Income Continuous Operations": -4982000.0,
        "Tax Provision": -306000.0,
        "Pretax Income": -5288000.0,
        "Other Income Expense": -812000.0,
        "Special Income Charges": -1137000.0,
        "Gain On Sale Of Business": 0.0,
        "Restructuring And Mergern Acquisition": 1137000.0,
        "Earnings From Equity Interest": -1260000.0,
        "Gain On Sale Of Security": 1585000.0,
        "Net Non Operating Interest Income Expense": 222000.0,
        "Interest Expense Non Operating": 8000.0,
        "Interest Income Non Operating": 230000.0,
        "Operating Income": -4698000.0,
        "Operating Expense": 4698000.0,
        "Other Operating Expenses": 6000.0,
        "Selling General And Administration": 4692000.0,
        "Selling And Marketing Expense": NaN,
        "General And Administrative Expense": 4692000.0,
        "Other Gand A": 2321000.0,
        "Salaries And Wages": 2371000.0,
        "Gross Profit": NaN,
        "Cost Of Revenue": NaN,
        "Total Revenue": 0.0,
        "Operating Revenue": 0.0
    }
}