{
    "2023-03-31": {
        "Tax Effect Of Unusual Items": NaN,
        "Tax Rate For Calcs": NaN,
        "Normalized EBITDA": NaN,
        "Net Income From Continuing Operation Net Minority Interest": NaN,
        "Reconciled Depreciation": NaN,
        "Reconciled Cost Of Revenue": NaN,
        "EBITDA": NaN,
        "EBIT": NaN,
        "Net Interest Income": NaN,
        "Interest Expense": NaN,
        "Interest Income": NaN,
        "Normalized Income": NaN,
        "Net Income From Continuing And Discontinued Operation": NaN,
        "Total Expenses": NaN,
        "Total Operating Income As Reported": NaN,
        "Diluted Average Shares": 35980581.0,
        "Basic Average Shares": 35980581.0,
        "Diluted EPS": -0.285,
        "Basic EPS": -0.285,
        "Diluted NI Availto Com Stockholders": NaN,
        "Net Income Common Stockholders": NaN,
        "Net Income": NaN,
        "Net Income Including Noncontrolling Interests": NaN,
        "Net Income Continuous Operations": NaN,
        "Tax Provision": NaN,
        "Pretax Income": NaN,
        "Net Non Operating Interest Income Expense": NaN,
        "Interest Expense Non Operating": NaN,
        "Interest Income Non Operating": NaN,
        "Operating Income": NaN,
        "Operating Expense": NaN,
        "Research And Development": NaN,
        "Selling General And Administration": NaN,
        "General And Administrative Expense": NaN,
        "Other Gand A": NaN,
        "Gross Profit": NaN,
        "Cost Of Revenue": NaN,
        "Total Revenue": NaN,
        "Operating Revenue": NaN
    },
    "2022-12-31": {
        "Tax Effect Of Unusual Items": 0.0,
        "Tax Rate For Calcs": 0.085515,
        "Normalized EBITDA": -14896000.0,
        "Net Income From Continuing Operation Net Minority Interest": -13763000.0,
        "Reconciled Depreciation": 141000.0,
        "Reconciled Cost Of Revenue": 3859000.0,
        "EBITDA": -14896000.0,
        "EBIT": -15037000.0,
        "Net Interest Income": -5135000.0,
        "Interest Expense": 13000.0,
        "Interest Income": -5122000.0,
        "Normalized Income": -13763000.0,
        "Net Income From Continuing And Discontinued Operation": -13763000.0,
        "Total Expenses": 15726000.0,
        "Total Operating Income As Reported": -10961000.0,
        "Diluted Average Shares": NaN,
        "Basic Average Shares": NaN,
        "Diluted EPS": NaN,
        "Basic EPS": NaN,
        "Diluted NI Availto Com Stockholders": -13763000.0,
        "Net Income Common Stockholders": -13763000.0,
        "Net Income": -13763000.0,
        "Net Income Including Noncontrolling Interests": -13763000.0,
        "Net Income Continuous Operations": -13763000.0,
        "Tax Provision": -1287000.0,
        "Pretax Income": -15050000.0,
        "Net Non Operating Interest Income Expense": -5135000.0,
        "Interest Expense Non Operating": 13000.0,
        "Interest Income Non Operating": -5122000.0,
        "Operating Income": -10961000.0,
        "Operating Expense": 11867000.0,
        "Research And Development": 8399000.0,
        "Selling General And Administration": 3468000.0,
        "General And Administrative Expense": 3468000.0,
        "Other Gand A": 3468000.0,
        "Gross Profit": 906000.0,
        "Cost Of Revenue": 3859000.0,
        "Total Revenue": 4765000.0,
        "Operating Revenue": 4765000.0
    },
    "2022-09-30": {
        "Tax Effect Of Unusual Items": NaN,
        "Tax Rate For Calcs": NaN,
        "Normalized EBITDA": NaN,
        "Net Income From Continuing Operation Net Minority Interest": NaN,
        "Reconciled Depreciation": NaN,
        "Reconciled Cost Of Revenue": NaN,
        "EBITDA": NaN,
        "EBIT": NaN,
        "Net Interest Income": NaN,
        "Interest Expense": NaN,
        "Interest Income": NaN,
        "Normalized Income": NaN,
        "Net Income From Continuing And Discontinued Operation": NaN,
        "Total Expenses": NaN,
        "Total Operating Income As Reported": NaN,
        "Diluted Average Shares": 32913512.0,
        "Basic Average Shares": 32913512.0,
        "Diluted EPS": -0.216,
        "Basic EPS": -0.216,
        "Diluted NI Availto Com Stockholders": NaN,
        "Net Income Common Stockholders": NaN,
        "Net Income": NaN,
        "Net Income Including Noncontrolling Interests": NaN,
        "Net Income Continuous Operations": NaN,
        "Tax Provision": NaN,
        "Pretax Income": NaN,
        "Net Non Operating Interest Income Expense": NaN,
        "Interest Expense Non Operating": NaN,
        "Interest Income Non Operating": NaN,
        "Operating Income": NaN,
        "Operating Expense": NaN,
        "Research And Development": NaN,
        "Selling General And Administration": NaN,
        "General And Administrative Expense": NaN,
        "Other Gand A": NaN,
        "Gross Profit": NaN,
        "Cost Of Revenue": NaN,
        "Total Revenue": NaN,
        "Operating Revenue": NaN
    },
    "2022-06-30": {
        "Tax Effect Of Unusual Items": 0.0,
        "Tax Rate For Calcs": 0.110358,
        "Normalized EBITDA": -13306000.0,
        "Net Income From Continuing Operation Net Minority Interest": -11939000.0,
        "Reconciled Depreciation": 114000.0,
        "Reconciled Cost Of Revenue": 2352000.0,
        "EBITDA": -13306000.0,
        "EBIT": -13420000.0,
        "Net Interest Income": 669000.0,
        "Interest Expense": 0.0,
        "Interest Income": 669000.0,
        "Normalized Income": -11939000.0,
        "Net Income From Continuing And Discontinued Operation": -11939000.0,
        "Total Expenses": 17732000.0,
        "Total Operating Income As Reported": -14089000.0,
        "Diluted Average Shares": 29930624.0,
        "Basic Average Shares": 29930624.0,
        "Diluted EPS": -0.399,
        "Basic EPS": -0.399,
        "Diluted NI Availto Com Stockholders": -11939000.0,
        "Net Income Common Stockholders": -11939000.0,
        "Net Income": -11939000.0,
        "Net Income Including Noncontrolling Interests": -11939000.0,
        "Net Income Continuous Operations": -11939000.0,
        "Tax Provision": -1481000.0,
        "Pretax Income": -13420000.0,
        "Net Non Operating Interest Income Expense": 669000.0,
        "Interest Expense Non Operating": 0.0,
        "Interest Income Non Operating": 669000.0,
        "Operating Income": -14089000.0,
        "Operating Expense": 15380000.0,
        "Research And Development": 10832000.0,
        "Selling General And Administration": 4548000.0,
        "General And Administrative Expense": 4548000.0,
        "Other Gand A": 4548000.0,
        "Gross Profit": 1291000.0,
        "Cost Of Revenue": 2352000.0,
        "Total Revenue": 3643000.0,
        "Operating Revenue": 3643000.0
    },
    "2022-03-31": {
        "Diluted EPS": -0.35,
        "Total Revenue": 8,
        "Gross Profit": 5,
        "Operating Income": -13,
        "EBIT": -13,
        "Net Income": -10
    },
    "2021-09-30": {
        "Diluted EPS": -0.43,
        "Total Revenue": 4,
        "Gross Profit": 1,
        "Operating Income": -16,
        "EBIT": -16,
        "Net Income": -13
    },
    "2021-06-30": {
        "Diluted EPS": 0.0,
        "Total Revenue": NaN,
        "Gross Profit": NaN,
        "Operating Income": NaN,
        "Net Income": NaN
    },
    "2020-12-31": {
        "Diluted EPS": 0.0,
        "Total Revenue": NaN,
        "Gross Profit": NaN,
        "Operating Income": NaN,
        "EBIT": NaN,
        "Net Income": NaN
    },
    "2023-06-30": {
        "Tax Effect Of Unusual Items": NaN,
        "Tax Rate For Calcs": NaN,
        "Normalized EBITDA": NaN,
        "Net Income From Continuing Operation Net Minority Interest": NaN,
        "Reconciled Depreciation": NaN,
        "Reconciled Cost Of Revenue": NaN,
        "EBITDA": NaN,
        "EBIT": NaN,
        "Net Interest Income": NaN,
        "Interest Expense": NaN,
        "Interest Income": NaN,
        "Normalized Income": NaN,
        "Net Income From Continuing And Discontinued Operation": NaN,
        "Total Expenses": NaN,
        "Total Operating Income As Reported": NaN,
        "Diluted Average Shares": 36162500.0,
        "Basic Average Shares": 36162500.0,
        "Diluted EPS": -0.363256,
        "Basic EPS": -0.363256,
        "Diluted NI Availto Com Stockholders": NaN,
        "Net Income Common Stockholders": NaN,
        "Net Income": NaN,
        "Net Income Including Noncontrolling Interests": NaN,
        "Net Income Continuous Operations": NaN,
        "Tax Provision": NaN,
        "Pretax Income": NaN,
        "Net Non Operating Interest Income Expense": NaN,
        "Interest Expense Non Operating": NaN,
        "Interest Income Non Operating": NaN,
        "Operating Income": NaN,
        "Operating Expense": NaN,
        "Research And Development": NaN,
        "Selling General And Administration": NaN,
        "General And Administrative Expense": NaN,
        "Other Gand A": NaN,
        "Gross Profit": NaN,
        "Cost Of Revenue": NaN,
        "Total Revenue": NaN,
        "Operating Revenue": NaN
    },
    "2023-09-30": {
        "Tax Effect Of Unusual Items": NaN,
        "Tax Rate For Calcs": NaN,
        "Normalized EBITDA": NaN,
        "Total Unusual Items": NaN,
        "Total Unusual Items Excluding Goodwill": NaN,
        "Net Income From Continuing Operation Net Minority Interest": NaN,
        "Reconciled Depreciation": NaN,
        "Reconciled Cost Of Revenue": NaN,
        "EBITDA": NaN,
        "EBIT": NaN,
        "Net Interest Income": NaN,
        "Interest Expense": 9760.739864,
        "Interest Income": NaN,
        "Normalized Income": NaN,
        "Net Income From Continuing And Discontinued Operation": NaN,
        "Total Expenses": NaN,
        "Total Operating Income As Reported": NaN,
        "Diluted Average Shares": 37305385.0,
        "Basic Average Shares": 37305385.0,
        "Diluted EPS": -0.270861,
        "Basic EPS": -0.270861,
        "Diluted NI Availto Com Stockholders": NaN,
        "Net Income Common Stockholders": NaN,
        "Net Income": NaN,
        "Net Income Including Noncontrolling Interests": NaN,
        "Net Income Continuous Operations": NaN,
        "Tax Provision": NaN,
        "Pretax Income": NaN,
        "Other Income Expense": NaN,
        "Other Non Operating Income Expenses": NaN,
        "Gain On Sale Of Security": NaN,
        "Net Non Operating Interest Income Expense": NaN,
        "Interest Expense Non Operating": 9760.739864,
        "Interest Income Non Operating": NaN,
        "Operating Income": NaN,
        "Operating Expense": NaN,
        "Other Taxes": NaN,
        "Research And Development": NaN,
        "Selling General And Administration": NaN,
        "General And Administrative Expense": NaN,
        "Other Gand A": NaN,
        "Gross Profit": NaN,
        "Cost Of Revenue": NaN,
        "Total Revenue": NaN,
        "Operating Revenue": NaN
    },
    "2023-12-31": {
        "Tax Effect Of Unusual Items": NaN,
        "Tax Rate For Calcs": NaN,
        "Normalized EBITDA": NaN,
        "Total Unusual Items": NaN,
        "Total Unusual Items Excluding Goodwill": NaN,
        "Net Income From Continuing Operation Net Minority Interest": NaN,
        "Reconciled Depreciation": NaN,
        "Reconciled Cost Of Revenue": NaN,
        "EBITDA": NaN,
        "EBIT": NaN,
        "Net Interest Income": 626240.152477,
        "Interest Expense": -75036.317188,
        "Interest Income": 551203.83529,
        "Normalized Income": NaN,
        "Net Income From Continuing And Discontinued Operation": NaN,
        "Total Expenses": NaN,
        "Total Operating Income As Reported": NaN,
        "Diluted Average Shares": NaN,
        "Basic Average Shares": NaN,
        "Diluted EPS": NaN,
        "Basic EPS": NaN,
        "Diluted NI Availto Com Stockholders": NaN,
        "Net Income Common Stockholders": NaN,
        "Net Income": NaN,
        "Net Income Including Noncontrolling Interests": NaN,
        "Net Income Continuous Operations": NaN,
        "Tax Provision": NaN,
        "Pretax Income": NaN,
        "Other Income Expense": NaN,
        "Other Non Operating Income Expenses": NaN,
        "Special Income Charges": NaN,
        "Restructuring And Mergern Acquisition": NaN,
        "Gain On Sale Of Security": NaN,
        "Net Non Operating Interest Income Expense": 626240.152477,
        "Interest Expense Non Operating": -75036.317188,
        "Interest Income Non Operating": 551203.83529,
        "Operating Income": NaN,
        "Operating Expense": NaN,
        "Other Taxes": NaN,
        "Research And Development": NaN,
        "Selling General And Administration": NaN,
        "General And Administrative Expense": NaN,
        "Other Gand A": NaN,
        "Gross Profit": NaN,
        "Cost Of Revenue": NaN,
        "Total Revenue": NaN,
        "Operating Revenue": NaN
    },
    "2024-03-31": {
        "Tax Effect Of Unusual Items": NaN,
        "Tax Rate For Calcs": NaN,
        "Normalized EBITDA": NaN,
        "Total Unusual Items": NaN,
        "Total Unusual Items Excluding Goodwill": NaN,
        "Net Income From Continuing Operation Net Minority Interest": NaN,
        "Reconciled Depreciation": NaN,
        "Reconciled Cost Of Revenue": NaN,
        "EBITDA": NaN,
        "EBIT": NaN,
        "Net Interest Income": 998636.501363,
        "Interest Expense": 16412.483588,
        "Interest Income": 1015048.984951,
        "Normalized Income": NaN,
        "Net Income From Continuing And Discontinued Operation": NaN,
        "Total Expenses": NaN,
        "Total Operating Income As Reported": NaN,
        "Diluted Average Shares": NaN,
        "Basic Average Shares": NaN,
        "Diluted EPS": NaN,
        "Basic EPS": NaN,
        "Diluted NI Availto Com Stockholders": NaN,
        "Net Income Common Stockholders": NaN,
        "Net Income": NaN,
        "Net Income Including Noncontrolling Interests": NaN,
        "Net Income Continuous Operations": NaN,
        "Tax Provision": NaN,
        "Pretax Income": NaN,
        "Other Income Expense": NaN,
        "Other Non Operating Income Expenses": NaN,
        "Special Income Charges": NaN,
        "Restructuring And Mergern Acquisition": NaN,
        "Gain On Sale Of Security": NaN,
        "Net Non Operating Interest Income Expense": 998636.501363,
        "Interest Expense Non Operating": 16412.483588,
        "Interest Income Non Operating": 1015048.984951,
        "Operating Income": NaN,
        "Operating Expense": NaN,
        "Other Taxes": -2495000.0,
        "Research And Development": NaN,
        "Selling General And Administration": NaN,
        "General And Administrative Expense": NaN,
        "Other Gand A": NaN,
        "Gross Profit": NaN,
        "Cost Of Revenue": NaN,
        "Total Revenue": NaN,
        "Operating Revenue": NaN
    },
    "2024-06-30": {
        "Tax Effect Of Unusual Items": NaN,
        "Tax Rate For Calcs": NaN,
        "Normalized EBITDA": NaN,
        "Total Unusual Items": -222000.0,
        "Total Unusual Items Excluding Goodwill": -222000.0,
        "Net Income From Continuing Operation Net Minority Interest": NaN,
        "Reconciled Depreciation": NaN,
        "Reconciled Cost Of Revenue": NaN,
        "EBITDA": NaN,
        "EBIT": NaN,
        "Net Interest Income": 1115551.957908,
        "Interest Expense": 231458.059294,
        "Interest Income": 1347010.017201,
        "Normalized Income": NaN,
        "Net Income From Continuing And Discontinued Operation": NaN,
        "Total Expenses": NaN,
        "Total Operating Income As Reported": NaN,
        "Diluted Average Shares": 46736310.0,
        "Basic Average Shares": 46736310.0,
        "Diluted EPS": -0.42,
        "Basic EPS": -0.42,
        "Diluted NI Availto Com Stockholders": NaN,
        "Net Income Common Stockholders": NaN,
        "Net Income": NaN,
        "Net Income Including Noncontrolling Interests": NaN,
        "Net Income Continuous Operations": NaN,
        "Tax Provision": NaN,
        "Pretax Income": NaN,
        "Other Income Expense": 3861000.0,
        "Other Non Operating Income Expenses": 4083000.0,
        "Special Income Charges": 0.0,
        "Restructuring And Mergern Acquisition": 0.0,
        "Gain On Sale Of Security": -222000.0,
        "Net Non Operating Interest Income Expense": 1115551.957908,
        "Interest Expense Non Operating": 231458.059294,
        "Interest Income Non Operating": 1347010.017201,
        "Operating Income": NaN,
        "Operating Expense": NaN,
        "Other Taxes": NaN,
        "Research And Development": NaN,
        "Selling General And Administration": NaN,
        "General And Administrative Expense": NaN,
        "Other Gand A": NaN,
        "Gross Profit": NaN,
        "Cost Of Revenue": NaN,
        "Total Revenue": NaN,
        "Operating Revenue": NaN
    },
    "2024-09-30": {
        "Tax Effect Of Unusual Items": -2849000.0,
        "Tax Rate For Calcs": 0.25,
        "Normalized EBITDA": -18450000.0,
        "Total Unusual Items": -11396000.0,
        "Total Unusual Items Excluding Goodwill": -11396000.0,
        "Net Income From Continuing Operation Net Minority Interest": -35544000.0,
        "Reconciled Depreciation": 151000.0,
        "Reconciled Cost Of Revenue": 3639000.0,
        "EBITDA": -29846000.0,
        "EBIT": -29997000.0,
        "Net Interest Income": -10198455.712125,
        "Interest Expense": 11511234.225916,
        "Interest Income": 1312778.51379,
        "Normalized Income": -26997000.0,
        "Net Income From Continuing And Discontinued Operation": -35544000.0,
        "Total Expenses": 31495000.0,
        "Total Operating Income As Reported": -29997000.0,
        "Diluted Average Shares": 47066054.0,
        "Basic Average Shares": 47066054.0,
        "Diluted EPS": -0.75,
        "Basic EPS": -0.75,
        "Diluted NI Availto Com Stockholders": -35544000.0,
        "Net Income Common Stockholders": -35544000.0,
        "Net Income": -35544000.0,
        "Net Income Including Noncontrolling Interests": -35544000.0,
        "Net Income Continuous Operations": -35544000.0,
        "Tax Provision": 49000.0,
        "Pretax Income": -35495000.0,
        "Other Income Expense": -5498000.0,
        "Other Non Operating Income Expenses": 5898000.0,
        "Special Income Charges": 0.0,
        "Restructuring And Mergern Acquisition": 0.0,
        "Gain On Sale Of Security": -11396000.0,
        "Net Non Operating Interest Income Expense": -10198455.712125,
        "Interest Expense Non Operating": 11511234.225916,
        "Interest Income Non Operating": 1312778.51379,
        "Operating Income": -29997000.0,
        "Operating Expense": 27856000.0,
        "Other Taxes": NaN,
        "Research And Development": 20159000.0,
        "Selling General And Administration": 7697000.0,
        "General And Administrative Expense": 7697000.0,
        "Other Gand A": 7697000.0,
        "Gross Profit": -2141000.0,
        "Cost Of Revenue": 3639000.0,
        "Total Revenue": 1498000.0,
        "Operating Revenue": 1498000.0
    },
    "2024-12-31": {
        "Tax Effect Of Unusual Items": 0.0,
        "Tax Rate For Calcs": 0.25,
        "Normalized EBITDA": -6544164.786489,
        "Total Unusual Items": NaN,
        "Total Unusual Items Excluding Goodwill": NaN,
        "Net Income From Continuing Operation Net Minority Interest": 14174185.461747,
        "Reconciled Depreciation": 119275.643342,
        "Reconciled Cost Of Revenue": 1606191.470285,
        "EBITDA": -6544164.786489,
        "EBIT": -6663440.429831,
        "Net Interest Income": 12431639.755376,
        "Interest Expense": NaN,
        "Interest Income": 886950.419527,
        "Normalized Income": 14174185.461747,
        "Net Income From Continuing And Discontinued Operation": 14174185.461747,
        "Total Expenses": 27406151.444592,
        "Total Operating Income As Reported": -3078390.849358,
        "Diluted Average Shares": NaN,
        "Basic Average Shares": NaN,
        "Diluted EPS": NaN,
        "Basic EPS": NaN,
        "Diluted NI Availto Com Stockholders": 14174185.461747,
        "Net Income Common Stockholders": 14174185.461747,
        "Net Income": 14174185.461747,
        "Net Income Including Noncontrolling Interests": 14174185.461747,
        "Net Income Continuous Operations": 14174185.461747,
        "Tax Provision": 9562063.44427,
        "Pretax Income": 23736248.906018,
        "Other Income Expense": NaN,
        "Other Non Operating Income Expenses": NaN,
        "Special Income Charges": NaN,
        "Restructuring And Mergern Acquisition": NaN,
        "Gain On Sale Of Security": NaN,
        "Net Non Operating Interest Income Expense": 12431639.755376,
        "Interest Expense Non Operating": NaN,
        "Interest Income Non Operating": 886950.419527,
        "Operating Income": -3078390.849358,
        "Operating Expense": 25799959.974306,
        "Other Taxes": NaN,
        "Research And Development": 20404846.186787,
        "Selling General And Administration": 5395113.78752,
        "General And Administrative Expense": 5395113.78752,
        "Other Gand A": 5395113.78752,
        "Gross Profit": 22721569.124948,
        "Cost Of Revenue": 1606191.470285,
        "Total Revenue": 24327760.595233,
        "Operating Revenue": 24327760.595233
    },
    "2025-03-31": {
        "Tax Effect Of Unusual Items": 0.0,
        "Tax Rate For Calcs": 0.0,
        "Normalized EBITDA": -24502000.0,
        "Total Unusual Items": -3769000.0,
        "Total Unusual Items Excluding Goodwill": -3769000.0,
        "Net Income From Continuing Operation Net Minority Interest": -28530000.0,
        "Reconciled Depreciation": 138000.0,
        "Reconciled Cost Of Revenue": 54000.0,
        "EBITDA": -28271000.0,
        "EBIT": -28409000.0,
        "Net Interest Income": NaN,
        "Interest Expense": NaN,
        "Interest Income": NaN,
        "Normalized Income": -24761000.0,
        "Net Income From Continuing And Discontinued Operation": -28530000.0,
        "Total Expenses": 28551000.0,
        "Total Operating Income As Reported": -28409000.0,
        "Diluted Average Shares": 47226245.0,
        "Basic Average Shares": 47226245.0,
        "Diluted EPS": -0.6,
        "Basic EPS": -0.6,
        "Diluted NI Availto Com Stockholders": -28530000.0,
        "Net Income Common Stockholders": -28530000.0,
        "Net Income": -28530000.0,
        "Net Income Including Noncontrolling Interests": -28530000.0,
        "Net Income Continuous Operations": -28530000.0,
        "Tax Provision": 0.0,
        "Pretax Income": -28530000.0,
        "Other Income Expense": -121000.0,
        "Other Non Operating Income Expenses": 3648000.0,
        "Special Income Charges": NaN,
        "Restructuring And Mergern Acquisition": NaN,
        "Gain On Sale Of Security": -3769000.0,
        "Net Non Operating Interest Income Expense": NaN,
        "Interest Expense Non Operating": NaN,
        "Interest Income Non Operating": NaN,
        "Operating Income": -28409000.0,
        "Operating Expense": 28497000.0,
        "Other Taxes": -2679000.0,
        "Research And Development": 20813000.0,
        "Selling General And Administration": 7684000.0,
        "General And Administrative Expense": 7684000.0,
        "Other Gand A": 7684000.0,
        "Gross Profit": 88000.0,
        "Cost Of Revenue": 54000.0,
        "Total Revenue": 142000.0,
        "Operating Revenue": 142000.0
    },
    "2025-06-30": {
        "Tax Effect Of Unusual Items": -1984250.0,
        "Tax Rate For Calcs": 0.25,
        "Normalized EBITDA": -14554000.0,
        "Total Unusual Items": -7937000.0,
        "Total Unusual Items Excluding Goodwill": -7937000.0,
        "Net Income From Continuing Operation Net Minority Interest": -27354000.0,
        "Reconciled Depreciation": 148000.0,
        "Reconciled Cost Of Revenue": 85000.0,
        "EBITDA": -22491000.0,
        "EBIT": -22639000.0,
        "Net Interest Income": NaN,
        "Interest Expense": NaN,
        "Interest Income": NaN,
        "Normalized Income": -21401250.0,
        "Net Income From Continuing And Discontinued Operation": -27354000.0,
        "Total Expenses": 22863000.0,
        "Total Operating Income As Reported": -23963000.0,
        "Diluted Average Shares": 47232016.0,
        "Basic Average Shares": 47232016.0,
        "Diluted EPS": -0.57,
        "Basic EPS": -0.57,
        "Diluted NI Availto Com Stockholders": -27354000.0,
        "Net Income Common Stockholders": -27354000.0,
        "Net Income": -27354000.0,
        "Net Income Including Noncontrolling Interests": -27354000.0,
        "Net Income Continuous Operations": -27354000.0,
        "Tax Provision": 10000.0,
        "Pretax Income": -27344000.0,
        "Other Income Expense": -4705000.0,
        "Other Non Operating Income Expenses": 3232000.0,
        "Special Income Charges": -1324000.0,
        "Restructuring And Mergern Acquisition": 1324000.0,
        "Gain On Sale Of Security": -6613000.0,
        "Net Non Operating Interest Income Expense": NaN,
        "Interest Expense Non Operating": NaN,
        "Interest Income Non Operating": NaN,
        "Operating Income": -22639000.0,
        "Operating Expense": 22778000.0,
        "Other Taxes": NaN,
        "Research And Development": 17647000.0,
        "Selling General And Administration": 5131000.0,
        "General And Administrative Expense": 5131000.0,
        "Other Gand A": 5131000.0,
        "Gross Profit": 139000.0,
        "Cost Of Revenue": 85000.0,
        "Total Revenue": 224000.0,
        "Operating Revenue": 224000.0
    },
    "2025-09-30": {
        "Tax Effect Of Unusual Items": 483500.0,
        "Tax Rate For Calcs": 0.25,
        "Normalized EBITDA": -28022000.0,
        "Total Unusual Items": 1934000.0,
        "Total Unusual Items Excluding Goodwill": 1934000.0,
        "Net Income From Continuing Operation Net Minority Interest": -20958000.0,
        "Reconciled Depreciation": 156000.0,
        "Reconciled Cost Of Revenue": 64000.0,
        "EBITDA": -26088000.0,
        "EBIT": -26244000.0,
        "Net Interest Income": NaN,
        "Interest Expense": NaN,
        "Interest Income": NaN,
        "Normalized Income": -22408500.0,
        "Net Income From Continuing And Discontinued Operation": -20958000.0,
        "Total Expenses": 26403000.0,
        "Total Operating Income As Reported": -26244000.0,
        "Diluted Average Shares": 47233949.0,
        "Basic Average Shares": 47233949.0,
        "Diluted EPS": -0.45,
        "Basic EPS": -0.45,
        "Diluted NI Availto Com Stockholders": -20958000.0,
        "Net Income Common Stockholders": -20958000.0,
        "Net Income": -20958000.0,
        "Net Income Including Noncontrolling Interests": -20958000.0,
        "Net Income Continuous Operations": -20958000.0,
        "Tax Provision": 1000.0,
        "Pretax Income": -20957000.0,
        "Other Income Expense": 5287000.0,
        "Other Non Operating Income Expenses": 3353000.0,
        "Special Income Charges": 0.0,
        "Restructuring And Mergern Acquisition": 0.0,
        "Gain On Sale Of Security": 1934000.0,
        "Net Non Operating Interest Income Expense": NaN,
        "Interest Expense Non Operating": NaN,
        "Interest Income Non Operating": NaN,
        "Operating Income": -26244000.0,
        "Operating Expense": 26339000.0,
        "Other Taxes": NaN,
        "Research And Development": 20544000.0,
        "Selling General And Administration": 5795000.0,
        "General And Administrative Expense": 5795000.0,
        "Other Gand A": 5795000.0,
        "Gross Profit": 95000.0,
        "Cost Of Revenue": 64000.0,
        "Total Revenue": 159000.0,
        "Operating Revenue": 159000.0
    }
}