{
    "2023-03-31": {
        "Tax Effect Of Unusual Items": NaN,
        "Tax Rate For Calcs": NaN,
        "Normalized EBITDA": NaN,
        "Total Unusual Items": NaN,
        "Total Unusual Items Excluding Goodwill": NaN,
        "Net Income From Continuing Operation Net Minority Interest": NaN,
        "Reconciled Depreciation": NaN,
        "Reconciled Cost Of Revenue": NaN,
        "EBITDA": NaN,
        "EBIT": NaN,
        "Net Interest Income": NaN,
        "Interest Income": NaN,
        "Normalized Income": NaN,
        "Net Income From Continuing And Discontinued Operation": NaN,
        "Total Expenses": NaN,
        "Total Operating Income As Reported": NaN,
        "Diluted Average Shares": NaN,
        "Basic Average Shares": NaN,
        "Diluted EPS": NaN,
        "Basic EPS": NaN,
        "Diluted NI Availto Com Stockholders": NaN,
        "Net Income Common Stockholders": NaN,
        "Otherunder Preferred Stock Dividend": 0.0,
        "Net Income": NaN,
        "Minority Interests": NaN,
        "Net Income Including Noncontrolling Interests": NaN,
        "Net Income Continuous Operations": NaN,
        "Tax Provision": NaN,
        "Pretax Income": NaN,
        "Other Income Expense": NaN,
        "Other Non Operating Income Expenses": NaN,
        "Gain On Sale Of Security": NaN,
        "Net Non Operating Interest Income Expense": NaN,
        "Total Other Finance Cost": -3097000.0,
        "Interest Income Non Operating": NaN,
        "Operating Income": NaN,
        "Operating Expense": NaN,
        "Other Operating Expenses": NaN,
        "Research And Development": NaN,
        "Selling General And Administration": NaN,
        "General And Administrative Expense": NaN,
        "Other Gand A": NaN,
        "Gross Profit": NaN,
        "Cost Of Revenue": NaN,
        "Total Revenue": NaN,
        "Operating Revenue": NaN
    },
    "2022-12-31": {
        "Tax Effect Of Unusual Items": NaN,
        "Tax Rate For Calcs": NaN,
        "Normalized EBITDA": NaN,
        "Total Unusual Items": NaN,
        "Total Unusual Items Excluding Goodwill": NaN,
        "Net Income From Continuing Operation Net Minority Interest": NaN,
        "Reconciled Depreciation": NaN,
        "Reconciled Cost Of Revenue": NaN,
        "EBITDA": NaN,
        "EBIT": NaN,
        "Net Interest Income": NaN,
        "Interest Income": NaN,
        "Normalized Income": NaN,
        "Net Income From Continuing And Discontinued Operation": NaN,
        "Total Expenses": NaN,
        "Total Operating Income As Reported": NaN,
        "Diluted Average Shares": NaN,
        "Basic Average Shares": NaN,
        "Diluted EPS": NaN,
        "Basic EPS": NaN,
        "Diluted NI Availto Com Stockholders": NaN,
        "Net Income Common Stockholders": NaN,
        "Otherunder Preferred Stock Dividend": 0.0,
        "Net Income": NaN,
        "Minority Interests": NaN,
        "Net Income Including Noncontrolling Interests": NaN,
        "Net Income Continuous Operations": NaN,
        "Tax Provision": NaN,
        "Pretax Income": NaN,
        "Other Income Expense": NaN,
        "Other Non Operating Income Expenses": NaN,
        "Gain On Sale Of Security": NaN,
        "Net Non Operating Interest Income Expense": NaN,
        "Total Other Finance Cost": NaN,
        "Interest Income Non Operating": NaN,
        "Operating Income": NaN,
        "Operating Expense": NaN,
        "Other Operating Expenses": NaN,
        "Research And Development": NaN,
        "Selling General And Administration": NaN,
        "General And Administrative Expense": NaN,
        "Other Gand A": NaN,
        "Gross Profit": NaN,
        "Cost Of Revenue": NaN,
        "Total Revenue": NaN,
        "Operating Revenue": NaN
    },
    "2022-09-30": {
        "Tax Effect Of Unusual Items": NaN,
        "Tax Rate For Calcs": NaN,
        "Normalized EBITDA": NaN,
        "Total Unusual Items": NaN,
        "Total Unusual Items Excluding Goodwill": NaN,
        "Net Income From Continuing Operation Net Minority Interest": NaN,
        "Reconciled Depreciation": NaN,
        "Reconciled Cost Of Revenue": NaN,
        "EBITDA": NaN,
        "EBIT": NaN,
        "Net Interest Income": NaN,
        "Interest Income": 880000.0,
        "Normalized Income": NaN,
        "Net Income From Continuing And Discontinued Operation": NaN,
        "Total Expenses": NaN,
        "Total Operating Income As Reported": NaN,
        "Diluted Average Shares": 46417563.0,
        "Basic Average Shares": 46417563.0,
        "Diluted EPS": -0.23,
        "Basic EPS": -0.23,
        "Diluted NI Availto Com Stockholders": NaN,
        "Net Income Common Stockholders": NaN,
        "Otherunder Preferred Stock Dividend": NaN,
        "Net Income": NaN,
        "Minority Interests": NaN,
        "Net Income Including Noncontrolling Interests": NaN,
        "Net Income From Tax Loss Carryforward": 0.0,
        "Net Income Continuous Operations": NaN,
        "Tax Provision": NaN,
        "Pretax Income": NaN,
        "Other Income Expense": NaN,
        "Other Non Operating Income Expenses": NaN,
        "Gain On Sale Of Security": NaN,
        "Net Non Operating Interest Income Expense": NaN,
        "Total Other Finance Cost": NaN,
        "Interest Income Non Operating": 880000.0,
        "Operating Income": NaN,
        "Operating Expense": NaN,
        "Other Operating Expenses": NaN,
        "Research And Development": NaN,
        "Selling General And Administration": NaN,
        "General And Administrative Expense": NaN,
        "Other Gand A": NaN,
        "Gross Profit": NaN,
        "Cost Of Revenue": NaN,
        "Total Revenue": NaN,
        "Operating Revenue": NaN
    },
    "2022-06-30": {
        "Tax Effect Of Unusual Items": 0.0,
        "Tax Rate For Calcs": 0.0,
        "Normalized EBITDA": -27489000.0,
        "Total Unusual Items": 6120000.0,
        "Total Unusual Items Excluding Goodwill": 6120000.0,
        "Net Income From Continuing Operation Net Minority Interest": -10375000.0,
        "Reconciled Depreciation": 683000.0,
        "Reconciled Cost Of Revenue": 1739000.0,
        "EBITDA": -21369000.0,
        "EBIT": -21369000.0,
        "Net Interest Income": -11000.0,
        "Interest Expense": 11000.0,
        "Interest Income": NaN,
        "Normalized Income": -16495000.0,
        "Net Income From Continuing And Discontinued Operation": -10375000.0,
        "Total Expenses": 55415000.0,
        "Total Operating Income As Reported": -52666000.0,
        "Diluted Average Shares": 42028341.0,
        "Basic Average Shares": 42028341.0,
        "Diluted EPS": -0.06,
        "Basic EPS": -0.06,
        "Diluted NI Availto Com Stockholders": -2593000.0,
        "Net Income Common Stockholders": -2593000.0,
        "Otherunder Preferred Stock Dividend": -7782000.0,
        "Net Income": -10375000.0,
        "Minority Interests": 11005000.0,
        "Net Income Including Noncontrolling Interests": -21380000.0,
        "Net Income From Tax Loss Carryforward": 7782000.0,
        "Net Income Continuous Operations": -21380000.0,
        "Tax Provision": 0.0,
        "Pretax Income": -21380000.0,
        "Other Income Expense": 31297000.0,
        "Other Non Operating Income Expenses": 25177000.0,
        "Gain On Sale Of Security": 6120000.0,
        "Net Non Operating Interest Income Expense": -11000.0,
        "Total Other Finance Cost": NaN,
        "Interest Expense Non Operating": 11000.0,
        "Interest Income Non Operating": NaN,
        "Operating Income": -52666000.0,
        "Operating Expense": 53676000.0,
        "Other Operating Expenses": 9605000.0,
        "Research And Development": 28628000.0,
        "Selling General And Administration": 15443000.0,
        "General And Administrative Expense": 15443000.0,
        "Other Gand A": 15443000.0,
        "Gross Profit": 1010000.0,
        "Cost Of Revenue": 1739000.0,
        "Total Revenue": 2749000.0,
        "Operating Revenue": 2749000.0
    },
    "2022-03-31": {
        "Diluted EPS": 0.0,
        "Total Revenue": 2,
        "Gross Profit": 1,
        "Operating Income": -44,
        "EBIT": -43,
        "Net Income": NaN
    },
    "2021-12-31": {
        "Diluted EPS": 0.0,
        "Total Revenue": 2,
        "Gross Profit": 1,
        "Operating Income": -87,
        "EBIT": -87,
        "Net Income": -59
    },
    "2021-09-30": {
        "Diluted EPS": 0.0,
        "Total Revenue": 0,
        "Gross Profit": 0,
        "Operating Income": -46,
        "EBIT": -45,
        "Net Income": -27
    },
    "2021-06-30": {
        "Diluted EPS": 0.0,
        "Total Revenue": 0,
        "Gross Profit": 0,
        "Operating Income": -41,
        "EBIT": -41,
        "Net Income": -25
    },
    "2021-03-31": {
        "Diluted EPS": 0.3,
        "Total Revenue": NaN,
        "Gross Profit": NaN,
        "Operating Income": 0,
        "EBIT": 0,
        "Net Income": 9
    },
    "2020-12-31": {
        "Diluted EPS": 0.0,
        "Total Revenue": NaN,
        "Gross Profit": NaN,
        "Operating Income": NaN,
        "EBIT": NaN,
        "Net Income": NaN
    },
    "2020-09-30": {
        "Diluted EPS": 0.0,
        "Total Revenue": NaN,
        "Gross Profit": NaN,
        "Operating Income": 0,
        "EBIT": 0,
        "Net Income": 0
    },
    "2023-06-30": {
        "Tax Effect Of Unusual Items": NaN,
        "Tax Rate For Calcs": NaN,
        "Normalized EBITDA": NaN,
        "Total Unusual Items": NaN,
        "Total Unusual Items Excluding Goodwill": NaN,
        "Net Income From Continuing Operation Net Minority Interest": NaN,
        "Reconciled Depreciation": NaN,
        "Reconciled Cost Of Revenue": NaN,
        "EBITDA": NaN,
        "EBIT": NaN,
        "Net Interest Income": NaN,
        "Interest Income": NaN,
        "Normalized Income": NaN,
        "Net Income From Continuing And Discontinued Operation": NaN,
        "Total Expenses": NaN,
        "Total Operating Income As Reported": NaN,
        "Diluted Average Shares": 72125375.0,
        "Basic Average Shares": 72125375.0,
        "Diluted EPS": -0.13,
        "Basic EPS": -0.13,
        "Diluted NI Availto Com Stockholders": NaN,
        "Net Income Common Stockholders": NaN,
        "Otherunder Preferred Stock Dividend": 0.0,
        "Net Income": NaN,
        "Minority Interests": NaN,
        "Net Income Including Noncontrolling Interests": NaN,
        "Net Income Continuous Operations": NaN,
        "Tax Provision": NaN,
        "Pretax Income": NaN,
        "Other Income Expense": NaN,
        "Other Non Operating Income Expenses": NaN,
        "Gain On Sale Of Security": NaN,
        "Net Non Operating Interest Income Expense": NaN,
        "Interest Income Non Operating": NaN,
        "Operating Income": NaN,
        "Operating Expense": NaN,
        "Other Operating Expenses": NaN,
        "Research And Development": NaN,
        "Selling General And Administration": NaN,
        "General And Administrative Expense": NaN,
        "Other Gand A": NaN,
        "Gross Profit": NaN,
        "Cost Of Revenue": NaN,
        "Total Revenue": NaN,
        "Operating Revenue": NaN
    },
    "2023-09-30": {
        "Tax Effect Of Unusual Items": NaN,
        "Tax Rate For Calcs": NaN,
        "Normalized EBITDA": NaN,
        "Total Unusual Items": NaN,
        "Total Unusual Items Excluding Goodwill": NaN,
        "Net Income From Continuing Operation Net Minority Interest": NaN,
        "Reconciled Depreciation": NaN,
        "Reconciled Cost Of Revenue": NaN,
        "EBITDA": NaN,
        "EBIT": NaN,
        "Net Interest Income": NaN,
        "Interest Income": NaN,
        "Normalized Income": NaN,
        "Net Income From Continuing And Discontinued Operation": NaN,
        "Total Expenses": NaN,
        "Total Operating Income As Reported": NaN,
        "Diluted Average Shares": 74836884.0,
        "Basic Average Shares": 74836884.0,
        "Diluted EPS": -0.26,
        "Basic EPS": -0.26,
        "Diluted NI Availto Com Stockholders": NaN,
        "Net Income Common Stockholders": NaN,
        "Otherunder Preferred Stock Dividend": 0.0,
        "Net Income": NaN,
        "Minority Interests": NaN,
        "Net Income Including Noncontrolling Interests": NaN,
        "Net Income Continuous Operations": NaN,
        "Tax Provision": NaN,
        "Pretax Income": NaN,
        "Other Income Expense": NaN,
        "Other Non Operating Income Expenses": NaN,
        "Gain On Sale Of Security": NaN,
        "Net Non Operating Interest Income Expense": NaN,
        "Interest Income Non Operating": NaN,
        "Operating Income": NaN,
        "Operating Expense": NaN,
        "Other Operating Expenses": NaN,
        "Research And Development": NaN,
        "Selling General And Administration": NaN,
        "General And Administrative Expense": NaN,
        "Other Gand A": NaN,
        "Gross Profit": NaN,
        "Cost Of Revenue": NaN,
        "Total Revenue": NaN,
        "Operating Revenue": NaN
    },
    "2023-12-31": {
        "Tax Effect Of Unusual Items": NaN,
        "Tax Rate For Calcs": NaN,
        "Normalized EBITDA": NaN,
        "Total Unusual Items": 6460000.0,
        "Total Unusual Items Excluding Goodwill": 6460000.0,
        "Net Income From Continuing Operation Net Minority Interest": NaN,
        "Reconciled Depreciation": NaN,
        "Reconciled Cost Of Revenue": NaN,
        "EBITDA": NaN,
        "EBIT": NaN,
        "Net Interest Income": NaN,
        "Interest Income": NaN,
        "Normalized Income": NaN,
        "Net Income From Continuing And Discontinued Operation": NaN,
        "Total Expenses": NaN,
        "Total Operating Income As Reported": NaN,
        "Diluted Average Shares": NaN,
        "Basic Average Shares": NaN,
        "Diluted EPS": NaN,
        "Basic EPS": NaN,
        "Diluted NI Availto Com Stockholders": NaN,
        "Net Income Common Stockholders": NaN,
        "Otherunder Preferred Stock Dividend": 0.0,
        "Net Income": NaN,
        "Minority Interests": NaN,
        "Net Income Including Noncontrolling Interests": NaN,
        "Net Income Continuous Operations": NaN,
        "Tax Provision": NaN,
        "Pretax Income": NaN,
        "Other Income Expense": NaN,
        "Other Non Operating Income Expenses": NaN,
        "Gain On Sale Of Security": 6460000.0,
        "Net Non Operating Interest Income Expense": NaN,
        "Interest Income Non Operating": NaN,
        "Operating Income": NaN,
        "Operating Expense": NaN,
        "Other Operating Expenses": NaN,
        "Research And Development": NaN,
        "Selling General And Administration": NaN,
        "General And Administrative Expense": NaN,
        "Other Gand A": NaN,
        "Gross Profit": NaN,
        "Cost Of Revenue": NaN,
        "Total Revenue": NaN,
        "Operating Revenue": NaN
    },
    "2024-03-31": {
        "Tax Effect Of Unusual Items": NaN,
        "Tax Rate For Calcs": NaN,
        "Normalized EBITDA": NaN,
        "Total Unusual Items": -9045000.0,
        "Total Unusual Items Excluding Goodwill": -9045000.0,
        "Net Income From Continuing Operation Net Minority Interest": NaN,
        "Reconciled Depreciation": NaN,
        "Reconciled Cost Of Revenue": NaN,
        "EBITDA": NaN,
        "EBIT": NaN,
        "Net Interest Income": NaN,
        "Interest Income": NaN,
        "Normalized Income": NaN,
        "Net Income From Continuing And Discontinued Operation": NaN,
        "Total Expenses": NaN,
        "Total Operating Income As Reported": NaN,
        "Diluted Average Shares": 79585062.0,
        "Basic Average Shares": 79585062.0,
        "Diluted EPS": -0.21,
        "Basic EPS": -0.21,
        "Diluted NI Availto Com Stockholders": NaN,
        "Net Income Common Stockholders": NaN,
        "Otherunder Preferred Stock Dividend": NaN,
        "Net Income": NaN,
        "Minority Interests": NaN,
        "Net Income Including Noncontrolling Interests": NaN,
        "Net Income Continuous Operations": NaN,
        "Tax Provision": NaN,
        "Pretax Income": NaN,
        "Other Income Expense": NaN,
        "Other Non Operating Income Expenses": NaN,
        "Gain On Sale Of Security": -9045000.0,
        "Net Non Operating Interest Income Expense": NaN,
        "Interest Income Non Operating": NaN,
        "Operating Income": NaN,
        "Operating Expense": NaN,
        "Other Operating Expenses": NaN,
        "Research And Development": NaN,
        "Selling General And Administration": NaN,
        "General And Administrative Expense": NaN,
        "Other Gand A": NaN,
        "Gross Profit": NaN,
        "Cost Of Revenue": NaN,
        "Total Revenue": NaN,
        "Operating Revenue": NaN
    },
    "2024-06-30": {
        "Tax Effect Of Unusual Items": 0.0,
        "Tax Rate For Calcs": 0.0,
        "Normalized EBITDA": -4698000.0,
        "Total Unusual Items": -36733000.0,
        "Total Unusual Items Excluding Goodwill": -36733000.0,
        "Net Income From Continuing Operation Net Minority Interest": -27617000.0,
        "Reconciled Depreciation": 447000.0,
        "Reconciled Cost Of Revenue": 850000.0,
        "EBITDA": -41431000.0,
        "EBIT": -41878000.0,
        "Net Interest Income": 1725000.0,
        "Interest Income": 1725000.0,
        "Normalized Income": 9116000.0,
        "Net Income From Continuing And Discontinued Operation": -27617000.0,
        "Total Expenses": 42845000.0,
        "Total Operating Income As Reported": -41878000.0,
        "Diluted Average Shares": 89553679.0,
        "Basic Average Shares": 89553679.0,
        "Diluted EPS": -0.31,
        "Basic EPS": -0.31,
        "Diluted NI Availto Com Stockholders": -27617000.0,
        "Net Income Common Stockholders": -27617000.0,
        "Otherunder Preferred Stock Dividend": NaN,
        "Net Income": -27617000.0,
        "Minority Interests": 46821000.0,
        "Net Income Including Noncontrolling Interests": -74438000.0,
        "Net Income Continuous Operations": -74438000.0,
        "Tax Provision": 0.0,
        "Pretax Income": -74438000.0,
        "Other Income Expense": -34285000.0,
        "Other Non Operating Income Expenses": 2448000.0,
        "Gain On Sale Of Security": -36733000.0,
        "Net Non Operating Interest Income Expense": 1725000.0,
        "Interest Income Non Operating": 1725000.0,
        "Operating Income": -41878000.0,
        "Operating Expense": 41995000.0,
        "Other Operating Expenses": 13036000.0,
        "Research And Development": 12132000.0,
        "Selling General And Administration": 16827000.0,
        "General And Administrative Expense": 16827000.0,
        "Other Gand A": 16827000.0,
        "Gross Profit": 117000.0,
        "Cost Of Revenue": 850000.0,
        "Total Revenue": 967000.0,
        "Operating Revenue": 918000.0
    },
    "2024-09-30": {
        "Tax Effect Of Unusual Items": 0.0,
        "Tax Rate For Calcs": 0.0,
        "Normalized EBITDA": -33390000.0,
        "Total Unusual Items": -7191000.0,
        "Total Unusual Items Excluding Goodwill": -7191000.0,
        "Net Income From Continuing Operation Net Minority Interest": -17459000.0,
        "Reconciled Depreciation": 438000.0,
        "Reconciled Cost Of Revenue": 295000.0,
        "EBITDA": -40581000.0,
        "EBIT": -41019000.0,
        "Net Interest Income": 2008000.0,
        "Interest Income": 2008000.0,
        "Normalized Income": -10268000.0,
        "Net Income From Continuing And Discontinued Operation": -17459000.0,
        "Total Expenses": 41494000.0,
        "Total Operating Income As Reported": -41019000.0,
        "Diluted Average Shares": 95197500.0,
        "Basic Average Shares": 95197500.0,
        "Diluted EPS": -0.18,
        "Basic EPS": -0.18,
        "Diluted NI Availto Com Stockholders": -17459000.0,
        "Net Income Common Stockholders": -17459000.0,
        "Otherunder Preferred Stock Dividend": NaN,
        "Net Income": -17459000.0,
        "Minority Interests": 28095000.0,
        "Net Income Including Noncontrolling Interests": -45554000.0,
        "Net Income Continuous Operations": -45554000.0,
        "Tax Provision": 12000.0,
        "Pretax Income": -45542000.0,
        "Other Income Expense": -6531000.0,
        "Other Non Operating Income Expenses": 660000.0,
        "Gain On Sale Of Security": -7191000.0,
        "Net Non Operating Interest Income Expense": 2008000.0,
        "Interest Income Non Operating": 2008000.0,
        "Operating Income": -41019000.0,
        "Operating Expense": 41199000.0,
        "Other Operating Expenses": 12018000.0,
        "Research And Development": 12160000.0,
        "Selling General And Administration": 17021000.0,
        "General And Administrative Expense": 17021000.0,
        "Other Gand A": 17021000.0,
        "Gross Profit": 180000.0,
        "Cost Of Revenue": 295000.0,
        "Total Revenue": 475000.0,
        "Operating Revenue": 475000.0
    },
    "2024-12-31": {
        "Tax Effect Of Unusual Items": -35706300.0,
        "Tax Rate For Calcs": 0.21,
        "Normalized EBITDA": 158598000.0,
        "Total Unusual Items": -170030000.0,
        "Total Unusual Items Excluding Goodwill": -170030000.0,
        "Net Income From Continuing Operation Net Minority Interest": -74975000.0,
        "Reconciled Depreciation": 423000.0,
        "Reconciled Cost Of Revenue": 3057000.0,
        "EBITDA": -11432000.0,
        "EBIT": -11855000.0,
        "Net Interest Income": 3113000.0,
        "Interest Income": 3113000.0,
        "Normalized Income": 59348700.0,
        "Net Income From Continuing And Discontinued Operation": -74975000.0,
        "Total Expenses": 46079000.0,
        "Total Operating Income As Reported": -11855000.0,
        "Diluted Average Shares": NaN,
        "Basic Average Shares": NaN,
        "Diluted EPS": NaN,
        "Basic EPS": NaN,
        "Diluted NI Availto Com Stockholders": -74975000.0,
        "Net Income Common Stockholders": -74975000.0,
        "Otherunder Preferred Stock Dividend": NaN,
        "Net Income": -74975000.0,
        "Minority Interests": 105340000.0,
        "Net Income Including Noncontrolling Interests": -180315000.0,
        "Net Income Continuous Operations": -180315000.0,
        "Tax Provision": 1923000.0,
        "Pretax Income": -178392000.0,
        "Other Income Expense": -169650000.0,
        "Other Non Operating Income Expenses": 380000.0,
        "Gain On Sale Of Security": -170030000.0,
        "Net Non Operating Interest Income Expense": 3113000.0,
        "Interest Income Non Operating": 3113000.0,
        "Operating Income": -11855000.0,
        "Operating Expense": 43022000.0,
        "Other Operating Expenses": 10958000.0,
        "Research And Development": 9370000.0,
        "Selling General And Administration": 22694000.0,
        "General And Administrative Expense": 22694000.0,
        "Other Gand A": 22694000.0,
        "Gross Profit": 31167000.0,
        "Cost Of Revenue": 3057000.0,
        "Total Revenue": 34224000.0,
        "Operating Revenue": 34224000.0
    },
    "2025-03-31": {
        "Tax Effect Of Unusual Items": 0.0,
        "Tax Rate For Calcs": 0.0,
        "Normalized EBITDA": -35014000.0,
        "Total Unusual Items": NaN,
        "Total Unusual Items Excluding Goodwill": NaN,
        "Net Income From Continuing Operation Net Minority Interest": -14005000.0,
        "Reconciled Depreciation": 313000.0,
        "Reconciled Cost Of Revenue": 6373000.0,
        "EBITDA": -35014000.0,
        "EBIT": -35327000.0,
        "Net Interest Income": 5211000.0,
        "Interest Income": 5211000.0,
        "Normalized Income": -14005000.0,
        "Net Income From Continuing And Discontinued Operation": -14005000.0,
        "Total Expenses": 48702000.0,
        "Total Operating Income As Reported": -35327000.0,
        "Diluted Average Shares": 127718255.0,
        "Basic Average Shares": 127718255.0,
        "Diluted EPS": -0.11,
        "Basic EPS": -0.11,
        "Diluted NI Availto Com Stockholders": -14005000.0,
        "Net Income Common Stockholders": -14005000.0,
        "Otherunder Preferred Stock Dividend": NaN,
        "Net Income": -14005000.0,
        "Minority Interests": 16390000.0,
        "Net Income Including Noncontrolling Interests": -30395000.0,
        "Net Income Continuous Operations": -30395000.0,
        "Tax Provision": 342000.0,
        "Pretax Income": -30053000.0,
        "Other Income Expense": 63000.0,
        "Other Non Operating Income Expenses": 63000.0,
        "Gain On Sale Of Security": NaN,
        "Net Non Operating Interest Income Expense": 5211000.0,
        "Interest Income Non Operating": 5211000.0,
        "Operating Income": -35327000.0,
        "Operating Expense": 42329000.0,
        "Other Operating Expenses": 9934000.0,
        "Research And Development": 9131000.0,
        "Selling General And Administration": 23264000.0,
        "General And Administrative Expense": 23264000.0,
        "Other Gand A": 23264000.0,
        "Gross Profit": 7002000.0,
        "Cost Of Revenue": 6373000.0,
        "Total Revenue": 13375000.0,
        "Operating Revenue": 13375000.0
    },
    "2025-06-30": {
        "Tax Effect Of Unusual Items": 0.0,
        "Tax Rate For Calcs": 0.0,
        "Normalized EBITDA": -42777000.0,
        "Total Unusual Items": NaN,
        "Total Unusual Items Excluding Goodwill": NaN,
        "Net Income From Continuing Operation Net Minority Interest": -17641000.0,
        "Reconciled Depreciation": 305000.0,
        "Reconciled Cost Of Revenue": 6273000.0,
        "EBITDA": -42777000.0,
        "EBIT": -43082000.0,
        "Net Interest Income": 5452000.0,
        "Interest Income": 5452000.0,
        "Normalized Income": -17641000.0,
        "Net Income From Continuing And Discontinued Operation": -17641000.0,
        "Total Expenses": 51136000.0,
        "Total Operating Income As Reported": -43082000.0,
        "Diluted Average Shares": 133417743.0,
        "Basic Average Shares": 133417743.0,
        "Diluted EPS": -0.13,
        "Basic EPS": -0.13,
        "Diluted NI Availto Com Stockholders": -17641000.0,
        "Net Income Common Stockholders": -17641000.0,
        "Otherunder Preferred Stock Dividend": NaN,
        "Net Income": -17641000.0,
        "Minority Interests": 19968000.0,
        "Net Income Including Noncontrolling Interests": -37609000.0,
        "Net Income Continuous Operations": -37609000.0,
        "Tax Provision": 0.0,
        "Pretax Income": -37609000.0,
        "Other Income Expense": 21000.0,
        "Other Non Operating Income Expenses": 21000.0,
        "Gain On Sale Of Security": NaN,
        "Net Non Operating Interest Income Expense": 5452000.0,
        "Interest Income Non Operating": 5452000.0,
        "Operating Income": -43082000.0,
        "Operating Expense": 44863000.0,
        "Other Operating Expenses": 10538000.0,
        "Research And Development": 11802000.0,
        "Selling General And Administration": 22523000.0,
        "General And Administrative Expense": 22523000.0,
        "Other Gand A": 22523000.0,
        "Gross Profit": 1781000.0,
        "Cost Of Revenue": 6273000.0,
        "Total Revenue": 8054000.0,
        "Operating Revenue": 7986000.0
    }
}