{
    "2024-12-31": {
        "Tax Effect Of Unusual Items": 4000000.0,
        "Tax Rate For Calcs": 0.4,
        "Normalized EBITDA": 203000000.0,
        "Total Unusual Items": 10000000.0,
        "Total Unusual Items Excluding Goodwill": 10000000.0,
        "Net Income From Continuing Operation Net Minority Interest": 104000000.0,
        "Reconciled Depreciation": 36000000.0,
        "Reconciled Cost Of Revenue": 1270000000.0,
        "EBITDA": 213000000.0,
        "EBIT": 177000000.0,
        "Net Interest Income": -2000000.0,
        "Interest Expense": 4000000.0,
        "Interest Income": 2000000.0,
        "Normalized Income": 98000000.0,
        "Net Income From Continuing And Discontinued Operation": 104000000.0,
        "Total Expenses": 1691000000.0,
        "Total Operating Income As Reported": 195000000.0,
        "Diluted Average Shares": 144000000.0,
        "Basic Average Shares": 144000000.0,
        "Diluted EPS": 0.722222,
        "Basic EPS": 0.722222,
        "Diluted NI Availto Com Stockholders": 104000000.0,
        "Net Income Common Stockholders": 104000000.0,
        "Net Income": 104000000.0,
        "Net Income Including Noncontrolling Interests": 104000000.0,
        "Net Income Continuous Operations": 104000000.0,
        "Tax Provision": 69000000.0,
        "Pretax Income": 173000000.0,
        "Other Income Expense": -10000000.0,
        "Other Non Operating Income Expenses": -20000000.0,
        "Special Income Charges": 10000000.0,
        "Gain On Sale Of Business": 13000000.0,
        "Impairment Of Capital Assets": NaN,
        "Restructuring And Mergern Acquisition": 3000000.0,
        "Net Non Operating Interest Income Expense": -2000000.0,
        "Interest Expense Non Operating": 4000000.0,
        "Interest Income Non Operating": 2000000.0,
        "Operating Income": 185000000.0,
        "Operating Expense": 421000000.0,
        "Other Operating Expenses": 21000000.0,
        "Research And Development": 279000000.0,
        "Selling General And Administration": 142000000.0,
        "Selling And Marketing Expense": 142000000.0,
        "Gross Profit": 606000000.0,
        "Cost Of Revenue": 1270000000.0,
        "Total Revenue": 1876000000.0,
        "Operating Revenue": 1876000000.0
    },
    "2023-12-31": {
        "Tax Effect Of Unusual Items": NaN,
        "Tax Rate For Calcs": NaN,
        "Normalized EBITDA": NaN,
        "Total Unusual Items": NaN,
        "Total Unusual Items Excluding Goodwill": NaN,
        "Net Income From Continuing Operation Net Minority Interest": NaN,
        "Reconciled Depreciation": NaN,
        "Reconciled Cost Of Revenue": NaN,
        "EBITDA": NaN,
        "EBIT": NaN,
        "Net Interest Income": NaN,
        "Interest Expense": NaN,
        "Interest Income": NaN,
        "Normalized Income": NaN,
        "Net Income From Continuing And Discontinued Operation": NaN,
        "Total Expenses": NaN,
        "Total Operating Income As Reported": NaN,
        "Diluted Average Shares": 145000000.0,
        "Basic Average Shares": 145000000.0,
        "Diluted EPS": -2.075862,
        "Basic EPS": -2.075862,
        "Diluted NI Availto Com Stockholders": NaN,
        "Net Income Common Stockholders": NaN,
        "Net Income": NaN,
        "Net Income Including Noncontrolling Interests": NaN,
        "Net Income Continuous Operations": NaN,
        "Tax Provision": NaN,
        "Pretax Income": NaN,
        "Other Income Expense": NaN,
        "Other Non Operating Income Expenses": NaN,
        "Special Income Charges": NaN,
        "Gain On Sale Of Business": NaN,
        "Impairment Of Capital Assets": NaN,
        "Restructuring And Mergern Acquisition": NaN,
        "Net Non Operating Interest Income Expense": NaN,
        "Interest Expense Non Operating": NaN,
        "Interest Income Non Operating": NaN,
        "Operating Income": NaN,
        "Operating Expense": NaN,
        "Other Operating Expenses": 34000000.0,
        "Research And Development": NaN,
        "Selling General And Administration": NaN,
        "Selling And Marketing Expense": 113000000.0,
        "Gross Profit": NaN,
        "Cost Of Revenue": NaN,
        "Total Revenue": NaN,
        "Operating Revenue": NaN
    },
    "2025-03-31": {
        "Tax Effect Of Unusual Items": -386190000.0,
        "Tax Rate For Calcs": 0.21,
        "Normalized EBITDA": -9000000.0,
        "Total Unusual Items": -1839000000.0,
        "Total Unusual Items Excluding Goodwill": -1839000000.0,
        "Net Income From Continuing Operation Net Minority Interest": -1933000000.0,
        "Reconciled Depreciation": 37000000.0,
        "Reconciled Cost Of Revenue": 1313000000.0,
        "EBITDA": -1848000000.0,
        "EBIT": -1885000000.0,
        "Net Interest Income": -10000000.0,
        "Interest Expense": 16000000.0,
        "Interest Income": 6000000.0,
        "Normalized Income": -480190000.0,
        "Net Income From Continuing And Discontinued Operation": -1933000000.0,
        "Total Expenses": 1737000000.0,
        "Total Operating Income As Reported": -1881000000.0,
        "Diluted Average Shares": 145000000.0,
        "Basic Average Shares": 145000000.0,
        "Diluted EPS": -13.33,
        "Basic EPS": -13.33,
        "Diluted NI Availto Com Stockholders": -1933000000.0,
        "Net Income Common Stockholders": -1933000000.0,
        "Net Income": -1933000000.0,
        "Net Income Including Noncontrolling Interests": -1933000000.0,
        "Net Income Continuous Operations": -1933000000.0,
        "Tax Provision": 32000000.0,
        "Pretax Income": -1901000000.0,
        "Other Income Expense": -1849000000.0,
        "Other Non Operating Income Expenses": -10000000.0,
        "Special Income Charges": -1839000000.0,
        "Gain On Sale Of Business": -9000000.0,
        "Impairment Of Capital Assets": 1830000000.0,
        "Restructuring And Mergern Acquisition": 0.0,
        "Net Non Operating Interest Income Expense": -10000000.0,
        "Interest Expense Non Operating": 16000000.0,
        "Interest Income Non Operating": 6000000.0,
        "Operating Income": -42000000.0,
        "Operating Expense": 424000000.0,
        "Other Operating Expenses": NaN,
        "Research And Development": 285000000.0,
        "Selling General And Administration": 139000000.0,
        "Selling And Marketing Expense": NaN,
        "Gross Profit": 382000000.0,
        "Cost Of Revenue": 1313000000.0,
        "Total Revenue": 1695000000.0,
        "Operating Revenue": 1695000000.0
    },
    "2024-03-31": {
        "Tax Effect Of Unusual Items": NaN,
        "Tax Rate For Calcs": NaN,
        "Normalized EBITDA": NaN,
        "Total Unusual Items": NaN,
        "Total Unusual Items Excluding Goodwill": NaN,
        "Net Income From Continuing Operation Net Minority Interest": NaN,
        "Reconciled Depreciation": NaN,
        "Reconciled Cost Of Revenue": NaN,
        "EBITDA": NaN,
        "EBIT": NaN,
        "Net Interest Income": NaN,
        "Interest Expense": NaN,
        "Interest Income": NaN,
        "Normalized Income": NaN,
        "Net Income From Continuing And Discontinued Operation": NaN,
        "Total Expenses": NaN,
        "Total Operating Income As Reported": NaN,
        "Diluted Average Shares": NaN,
        "Basic Average Shares": NaN,
        "Diluted EPS": NaN,
        "Basic EPS": NaN,
        "Diluted NI Availto Com Stockholders": NaN,
        "Net Income Common Stockholders": NaN,
        "Net Income": NaN,
        "Net Income Including Noncontrolling Interests": NaN,
        "Net Income Continuous Operations": NaN,
        "Tax Provision": NaN,
        "Pretax Income": NaN,
        "Other Income Expense": NaN,
        "Other Non Operating Income Expenses": NaN,
        "Special Income Charges": NaN,
        "Gain On Sale Of Business": NaN,
        "Impairment Of Capital Assets": 0.0,
        "Restructuring And Mergern Acquisition": NaN,
        "Net Non Operating Interest Income Expense": NaN,
        "Interest Expense Non Operating": NaN,
        "Interest Income Non Operating": NaN,
        "Operating Income": NaN,
        "Operating Expense": NaN,
        "Other Operating Expenses": NaN,
        "Research And Development": NaN,
        "Selling General And Administration": NaN,
        "Selling And Marketing Expense": NaN,
        "Gross Profit": NaN,
        "Cost Of Revenue": NaN,
        "Total Revenue": NaN,
        "Operating Revenue": NaN
    },
    "2025-06-30": {
        "Tax Effect Of Unusual Items": -6930000.0,
        "Tax Rate For Calcs": 0.21,
        "Normalized EBITDA": 92000000.0,
        "Total Unusual Items": -33000000.0,
        "Total Unusual Items Excluding Goodwill": -33000000.0,
        "Net Income From Continuing Operation Net Minority Interest": -23000000.0,
        "Reconciled Depreciation": 36000000.0,
        "Reconciled Cost Of Revenue": 1403000000.0,
        "EBITDA": 59000000.0,
        "EBIT": 23000000.0,
        "Net Interest Income": -30000000.0,
        "Interest Expense": 41000000.0,
        "Interest Income": 11000000.0,
        "Normalized Income": 3070000.0,
        "Net Income From Continuing And Discontinued Operation": -23000000.0,
        "Total Expenses": 1850000000.0,
        "Total Operating Income As Reported": 18000000.0,
        "Diluted Average Shares": 145000000.0,
        "Basic Average Shares": 145000000.0,
        "Diluted EPS": -0.16,
        "Basic EPS": -0.16,
        "Diluted NI Availto Com Stockholders": -23000000.0,
        "Net Income Common Stockholders": -23000000.0,
        "Net Income": -23000000.0,
        "Net Income Including Noncontrolling Interests": -23000000.0,
        "Net Income Continuous Operations": -23000000.0,
        "Tax Provision": 5000000.0,
        "Pretax Income": -18000000.0,
        "Other Income Expense": -39000000.0,
        "Other Non Operating Income Expenses": -6000000.0,
        "Special Income Charges": -33000000.0,
        "Gain On Sale Of Business": -17000000.0,
        "Impairment Of Capital Assets": 0.0,
        "Restructuring And Mergern Acquisition": 16000000.0,
        "Net Non Operating Interest Income Expense": -30000000.0,
        "Interest Expense Non Operating": 41000000.0,
        "Interest Income Non Operating": 11000000.0,
        "Operating Income": 51000000.0,
        "Operating Expense": 447000000.0,
        "Other Operating Expenses": NaN,
        "Research And Development": 285000000.0,
        "Selling General And Administration": 162000000.0,
        "Selling And Marketing Expense": NaN,
        "Gross Profit": 498000000.0,
        "Cost Of Revenue": 1403000000.0,
        "Total Revenue": 1901000000.0,
        "Operating Revenue": 1901000000.0
    },
    "2024-06-30": {
        "Tax Effect Of Unusual Items": NaN,
        "Tax Rate For Calcs": NaN,
        "Normalized EBITDA": NaN,
        "Total Unusual Items": NaN,
        "Total Unusual Items Excluding Goodwill": NaN,
        "Net Income From Continuing Operation Net Minority Interest": NaN,
        "Reconciled Depreciation": NaN,
        "Reconciled Cost Of Revenue": NaN,
        "EBITDA": NaN,
        "EBIT": NaN,
        "Net Interest Income": NaN,
        "Interest Expense": NaN,
        "Interest Income": NaN,
        "Normalized Income": NaN,
        "Net Income From Continuing And Discontinued Operation": NaN,
        "Total Expenses": NaN,
        "Total Operating Income As Reported": NaN,
        "Diluted Average Shares": NaN,
        "Basic Average Shares": NaN,
        "Diluted EPS": NaN,
        "Basic EPS": NaN,
        "Diluted NI Availto Com Stockholders": NaN,
        "Net Income Common Stockholders": NaN,
        "Net Income": NaN,
        "Net Income Including Noncontrolling Interests": NaN,
        "Net Income Continuous Operations": NaN,
        "Tax Provision": NaN,
        "Pretax Income": NaN,
        "Other Income Expense": NaN,
        "Other Non Operating Income Expenses": NaN,
        "Special Income Charges": NaN,
        "Gain On Sale Of Business": NaN,
        "Impairment Of Capital Assets": 0.0,
        "Restructuring And Mergern Acquisition": NaN,
        "Net Non Operating Interest Income Expense": NaN,
        "Interest Expense Non Operating": NaN,
        "Interest Income Non Operating": NaN,
        "Operating Income": NaN,
        "Operating Expense": NaN,
        "Other Operating Expenses": NaN,
        "Research And Development": NaN,
        "Selling General And Administration": NaN,
        "Selling And Marketing Expense": NaN,
        "Gross Profit": NaN,
        "Cost Of Revenue": NaN,
        "Total Revenue": NaN,
        "Operating Revenue": NaN
    },
    "2025-09-30": {
        "Tax Effect Of Unusual Items": -1600000.0,
        "Tax Rate For Calcs": 0.1,
        "Normalized EBITDA": 216000000.0,
        "Total Unusual Items": -16000000.0,
        "Total Unusual Items Excluding Goodwill": -16000000.0,
        "Net Income From Continuing Operation Net Minority Interest": 112000000.0,
        "Reconciled Depreciation": 36000000.0,
        "Reconciled Cost Of Revenue": 1621000000.0,
        "EBITDA": 200000000.0,
        "EBIT": 164000000.0,
        "Net Interest Income": -24000000.0,
        "Interest Expense": 40000000.0,
        "Interest Income": 16000000.0,
        "Normalized Income": 126400000.0,
        "Net Income From Continuing And Discontinued Operation": 112000000.0,
        "Total Expenses": 2116000000.0,
        "Total Operating Income As Reported": 176000000.0,
        "Diluted Average Shares": 149000000.0,
        "Basic Average Shares": 146000000.0,
        "Diluted EPS": 0.75,
        "Basic EPS": 0.77,
        "Diluted NI Availto Com Stockholders": 112000000.0,
        "Net Income Common Stockholders": 112000000.0,
        "Net Income": 112000000.0,
        "Net Income Including Noncontrolling Interests": 112000000.0,
        "Net Income Continuous Operations": 112000000.0,
        "Tax Provision": 12000000.0,
        "Pretax Income": 124000000.0,
        "Other Income Expense": -44000000.0,
        "Other Non Operating Income Expenses": -28000000.0,
        "Special Income Charges": -16000000.0,
        "Gain On Sale Of Business": -19000000.0,
        "Impairment Of Capital Assets": NaN,
        "Restructuring And Mergern Acquisition": -3000000.0,
        "Net Non Operating Interest Income Expense": -24000000.0,
        "Interest Expense Non Operating": 40000000.0,
        "Interest Income Non Operating": 16000000.0,
        "Operating Income": 192000000.0,
        "Operating Expense": 495000000.0,
        "Other Operating Expenses": NaN,
        "Research And Development": 316000000.0,
        "Selling General And Administration": 179000000.0,
        "Selling And Marketing Expense": NaN,
        "Gross Profit": 687000000.0,
        "Cost Of Revenue": 1621000000.0,
        "Total Revenue": 2308000000.0,
        "Operating Revenue": 2308000000.0
    },
    "2024-09-30": {
        "Tax Effect Of Unusual Items": -4620000.0,
        "Tax Rate For Calcs": 0.21,
        "Normalized EBITDA": 345000000.0,
        "Total Unusual Items": -22000000.0,
        "Total Unusual Items Excluding Goodwill": -22000000.0,
        "Net Income From Continuing Operation Net Minority Interest": 211000000.0,
        "Reconciled Depreciation": 54000000.0,
        "Reconciled Cost Of Revenue": 1157000000.0,
        "EBITDA": 323000000.0,
        "EBIT": 269000000.0,
        "Net Interest Income": 1000000.0,
        "Interest Expense": 2000000.0,
        "Interest Income": 3000000.0,
        "Normalized Income": 228380000.0,
        "Net Income From Continuing And Discontinued Operation": 211000000.0,
        "Total Expenses": 1570000000.0,
        "Total Operating Income As Reported": 291000000.0,
        "Diluted Average Shares": 145000000.0,
        "Basic Average Shares": 145000000.0,
        "Diluted EPS": 1.46,
        "Basic EPS": 1.46,
        "Diluted NI Availto Com Stockholders": 211000000.0,
        "Net Income Common Stockholders": 211000000.0,
        "Net Income": 211000000.0,
        "Net Income Including Noncontrolling Interests": 211000000.0,
        "Net Income Continuous Operations": 211000000.0,
        "Tax Provision": 56000000.0,
        "Pretax Income": 267000000.0,
        "Other Income Expense": -47000000.0,
        "Other Non Operating Income Expenses": -25000000.0,
        "Special Income Charges": -22000000.0,
        "Gain On Sale Of Business": -20000000.0,
        "Impairment Of Capital Assets": NaN,
        "Restructuring And Mergern Acquisition": 2000000.0,
        "Net Non Operating Interest Income Expense": 1000000.0,
        "Interest Expense Non Operating": 2000000.0,
        "Interest Income Non Operating": 3000000.0,
        "Operating Income": 313000000.0,
        "Operating Expense": 413000000.0,
        "Other Operating Expenses": NaN,
        "Research And Development": 283000000.0,
        "Selling General And Administration": 130000000.0,
        "Selling And Marketing Expense": NaN,
        "Gross Profit": 726000000.0,
        "Cost Of Revenue": 1157000000.0,
        "Total Revenue": 1883000000.0,
        "Operating Revenue": 1883000000.0
    }
}