{
    "2023-03-31": {
        "Tax Effect Of Unusual Items": NaN,
        "Tax Rate For Calcs": NaN,
        "Normalized EBITDA": NaN,
        "Total Unusual Items": NaN,
        "Total Unusual Items Excluding Goodwill": NaN,
        "Net Income From Continuing Operation Net Minority Interest": NaN,
        "Reconciled Depreciation": NaN,
        "Reconciled Cost Of Revenue": NaN,
        "EBITDA": NaN,
        "EBIT": NaN,
        "Net Interest Income": NaN,
        "Interest Expense": NaN,
        "Interest Income": NaN,
        "Normalized Income": NaN,
        "Net Income From Continuing And Discontinued Operation": NaN,
        "Total Expenses": NaN,
        "Total Operating Income As Reported": NaN,
        "Diluted Average Shares": 255556000.0,
        "Basic Average Shares": 255556000.0,
        "Diluted EPS": -0.14,
        "Basic EPS": -0.14,
        "Diluted NI Availto Com Stockholders": NaN,
        "Net Income Common Stockholders": NaN,
        "Net Income": NaN,
        "Minority Interests": NaN,
        "Net Income Including Noncontrolling Interests": NaN,
        "Net Income Discontinuous Operations": NaN,
        "Net Income Continuous Operations": NaN,
        "Tax Provision": NaN,
        "Pretax Income": NaN,
        "Other Income Expense": NaN,
        "Special Income Charges": NaN,
        "Gain On Sale Of Ppe": NaN,
        "Impairment Of Capital Assets": NaN,
        "Restructuring And Mergern Acquisition": NaN,
        "Earnings From Equity Interest": NaN,
        "Gain On Sale Of Security": NaN,
        "Net Non Operating Interest Income Expense": NaN,
        "Total Other Finance Cost": NaN,
        "Interest Expense Non Operating": NaN,
        "Interest Income Non Operating": NaN,
        "Operating Income": NaN,
        "Operating Expense": NaN,
        "Depreciation Amortization Depletion Income Statement": NaN,
        "Depreciation And Amortization In Income Statement": NaN,
        "Research And Development": NaN,
        "Selling General And Administration": NaN,
        "Selling And Marketing Expense": NaN,
        "General And Administrative Expense": NaN,
        "Other Gand A": NaN,
        "Salaries And Wages": NaN,
        "Gross Profit": NaN,
        "Cost Of Revenue": NaN,
        "Total Revenue": NaN,
        "Excise Taxes": NaN,
        "Operating Revenue": NaN
    },
    "2022-12-31": {
        "Tax Effect Of Unusual Items": -32143157.7,
        "Tax Rate For Calcs": 0.2621,
        "Normalized EBITDA": -16967000.0,
        "Total Unusual Items": -122637000.0,
        "Total Unusual Items Excluding Goodwill": -122637000.0,
        "Net Income From Continuing Operation Net Minority Interest": -125801000.0,
        "Reconciled Depreciation": 23051000.0,
        "Reconciled Cost Of Revenue": 195409000.0,
        "EBITDA": -139604000.0,
        "EBIT": -162655000.0,
        "Net Interest Income": 8626000.0,
        "Interest Expense": -2460000.0,
        "Interest Income": 6236000.0,
        "Normalized Income": -35307157.7,
        "Net Income From Continuing And Discontinued Operation": -125801000.0,
        "Total Expenses": 268298000.0,
        "Total Operating Income As Reported": -154646000.0,
        "Diluted Average Shares": NaN,
        "Basic Average Shares": NaN,
        "Diluted EPS": NaN,
        "Basic EPS": NaN,
        "Diluted NI Availto Com Stockholders": -125801000.0,
        "Net Income Common Stockholders": -125801000.0,
        "Net Income": -125801000.0,
        "Minority Interests": 35770000.0,
        "Net Income Including Noncontrolling Interests": -161571000.0,
        "Net Income Discontinuous Operations": NaN,
        "Net Income Continuous Operations": -161571000.0,
        "Tax Provision": 1376000.0,
        "Pretax Income": -160195000.0,
        "Other Income Expense": -140928000.0,
        "Special Income Charges": -110477000.0,
        "Gain On Sale Of Ppe": -502000.0,
        "Impairment Of Capital Assets": 107661000.0,
        "Restructuring And Mergern Acquisition": 2604000.0,
        "Earnings From Equity Interest": -18291000.0,
        "Gain On Sale Of Security": -12160000.0,
        "Net Non Operating Interest Income Expense": 8626000.0,
        "Total Other Finance Cost": 70000.0,
        "Interest Expense Non Operating": -2460000.0,
        "Interest Income Non Operating": 6236000.0,
        "Operating Income": -27893000.0,
        "Operating Expense": 71461000.0,
        "Depreciation Amortization Depletion Income Statement": 21623000.0,
        "Depreciation And Amortization In Income Statement": 21623000.0,
        "Research And Development": 460000.0,
        "Selling General And Administration": 49378000.0,
        "Selling And Marketing Expense": 2239000.0,
        "General And Administrative Expense": 47139000.0,
        "Other Gand A": -36427000.0,
        "Salaries And Wages": 83566000.0,
        "Gross Profit": 43568000.0,
        "Cost Of Revenue": 196837000.0,
        "Total Revenue": 240405000.0,
        "Excise Taxes": 6461000.0,
        "Operating Revenue": 246866000.0
    },
    "2022-09-30": {
        "Tax Effect Of Unusual Items": NaN,
        "Tax Rate For Calcs": NaN,
        "Normalized EBITDA": NaN,
        "Total Unusual Items": NaN,
        "Total Unusual Items Excluding Goodwill": NaN,
        "Net Income From Continuing Operation Net Minority Interest": NaN,
        "Reconciled Depreciation": NaN,
        "Reconciled Cost Of Revenue": NaN,
        "EBITDA": NaN,
        "EBIT": NaN,
        "Net Interest Income": NaN,
        "Interest Expense": NaN,
        "Interest Income": NaN,
        "Normalized Income": NaN,
        "Net Income From Continuing And Discontinued Operation": NaN,
        "Total Expenses": NaN,
        "Total Operating Income As Reported": NaN,
        "Diluted Average Shares": 237760000.0,
        "Basic Average Shares": 237760000.0,
        "Diluted EPS": -0.41,
        "Basic EPS": -0.41,
        "Diluted NI Availto Com Stockholders": NaN,
        "Net Income Common Stockholders": NaN,
        "Net Income": NaN,
        "Minority Interests": NaN,
        "Net Income Including Noncontrolling Interests": NaN,
        "Net Income Discontinuous Operations": NaN,
        "Net Income Continuous Operations": NaN,
        "Tax Provision": NaN,
        "Pretax Income": NaN,
        "Other Income Expense": NaN,
        "Special Income Charges": NaN,
        "Gain On Sale Of Ppe": NaN,
        "Impairment Of Capital Assets": NaN,
        "Restructuring And Mergern Acquisition": NaN,
        "Earnings From Equity Interest": NaN,
        "Gain On Sale Of Security": NaN,
        "Net Non Operating Interest Income Expense": NaN,
        "Total Other Finance Cost": NaN,
        "Interest Expense Non Operating": NaN,
        "Interest Income Non Operating": NaN,
        "Operating Income": NaN,
        "Operating Expense": NaN,
        "Depreciation Amortization Depletion Income Statement": NaN,
        "Depreciation And Amortization In Income Statement": NaN,
        "Research And Development": NaN,
        "Selling General And Administration": NaN,
        "Selling And Marketing Expense": NaN,
        "General And Administrative Expense": NaN,
        "Other Gand A": NaN,
        "Salaries And Wages": NaN,
        "Gross Profit": NaN,
        "Cost Of Revenue": NaN,
        "Total Revenue": NaN,
        "Excise Taxes": NaN,
        "Operating Revenue": NaN
    },
    "2022-06-30": {
        "Tax Effect Of Unusual Items": -619086.888232,
        "Tax Rate For Calcs": 0.023639,
        "Normalized EBITDA": -35109000.0,
        "Total Unusual Items": -26189000.0,
        "Total Unusual Items Excluding Goodwill": -26189000.0,
        "Net Income From Continuing Operation Net Minority Interest": -73301000.0,
        "Reconciled Depreciation": 10538000.0,
        "Reconciled Cost Of Revenue": 178878000.0,
        "EBITDA": -61298000.0,
        "EBIT": -71836000.0,
        "Net Interest Income": -1623000.0,
        "Interest Expense": 3928000.0,
        "Interest Income": 2704000.0,
        "Normalized Income": -47731086.888232,
        "Net Income From Continuing And Discontinued Operation": -73301000.0,
        "Total Expenses": 233669000.0,
        "Total Operating Income As Reported": -81416000.0,
        "Diluted Average Shares": 238436000.0,
        "Basic Average Shares": 238436000.0,
        "Diluted EPS": -0.31,
        "Basic EPS": -0.31,
        "Diluted NI Availto Com Stockholders": -73301000.0,
        "Net Income Common Stockholders": -73301000.0,
        "Net Income": -73301000.0,
        "Minority Interests": 672000.0,
        "Net Income Including Noncontrolling Interests": -73973000.0,
        "Net Income Discontinuous Operations": NaN,
        "Net Income Continuous Operations": -73973000.0,
        "Tax Provision": -1791000.0,
        "Pretax Income": -75764000.0,
        "Other Income Expense": -64167000.0,
        "Special Income Charges": 7372000.0,
        "Gain On Sale Of Ppe": 402000.0,
        "Impairment Of Capital Assets": 1850000.0,
        "Restructuring And Mergern Acquisition": -8820000.0,
        "Earnings From Equity Interest": -37978000.0,
        "Gain On Sale Of Security": -33561000.0,
        "Net Non Operating Interest Income Expense": -1623000.0,
        "Total Other Finance Cost": 399000.0,
        "Interest Expense Non Operating": 3928000.0,
        "Interest Income Non Operating": 2704000.0,
        "Operating Income": -9974000.0,
        "Operating Expense": 53053000.0,
        "Depreciation Amortization Depletion Income Statement": 8800000.0,
        "Depreciation And Amortization In Income Statement": 8800000.0,
        "Research And Development": 390000.0,
        "Selling General And Administration": 43863000.0,
        "Selling And Marketing Expense": 3132000.0,
        "General And Administrative Expense": 40731000.0,
        "Other Gand A": 40293000.0,
        "Salaries And Wages": 438000.0,
        "Gross Profit": 43079000.0,
        "Cost Of Revenue": 180616000.0,
        "Total Revenue": 223695000.0,
        "Excise Taxes": 3862000.0,
        "Operating Revenue": 227557000.0
    },
    "2022-03-31": {
        "Diluted EPS": -0.16,
        "Total Revenue": 14,
        "Gross Profit": 3,
        "Operating Income": -11,
        "EBIT": -9,
        "Net Income": -30
    },
    "2021-12-31": {
        "Diluted EPS": -0.04,
        "Total Revenue": 18,
        "Gross Profit": -9,
        "Operating Income": -19,
        "EBIT": -18,
        "Net Income": -44
    },
    "2021-09-30": {
        "Diluted EPS": 0.04,
        "Total Revenue": 11,
        "Gross Profit": 1,
        "Operating Income": -10,
        "EBIT": -7,
        "Net Income": 9
    },
    "2021-06-30": {
        "Diluted EPS": -0.24,
        "Total Revenue": 7,
        "Gross Profit": -2,
        "Operating Income": -66,
        "EBIT": -64,
        "Net Income": -43
    },
    "2021-03-31": {
        "Diluted EPS": -0.71,
        "Total Revenue": 8,
        "Gross Profit": -3,
        "Operating Income": -11,
        "EBIT": -10,
        "Net Income": -106
    },
    "2020-12-31": {
        "Diluted EPS": 2.94,
        "Total Revenue": 4,
        "Gross Profit": 14,
        "Operating Income": 111,
        "EBIT": 113,
        "Net Income": -49
    },
    "2020-09-30": {
        "Diluted EPS": -3.98,
        "Total Revenue": 10,
        "Gross Profit": -15,
        "Operating Income": -67,
        "EBIT": -64,
        "Net Income": -54
    },
    "2020-06-30": {
        "Diluted EPS": -4.11,
        "Total Revenue": 15,
        "Gross Profit": -11,
        "Operating Income": -21,
        "EBIT": -20,
        "Net Income": -44
    },
    "2020-03-31": {
        "Diluted EPS": -3.06,
        "Total Revenue": 17,
        "Gross Profit": -6,
        "Operating Income": -27,
        "EBIT": -24,
        "Net Income": -33
    },
    "2019-12-31": {
        "Diluted EPS": -12.86,
        "Total Revenue": 16,
        "Gross Profit": 3,
        "Operating Income": -19,
        "EBIT": -15,
        "Net Income": -109
    },
    "2019-09-30": {
        "Diluted EPS": -8.03,
        "Total Revenue": 25,
        "Gross Profit": 11,
        "Operating Income": -9,
        "EBIT": -7,
        "Net Income": -74
    },
    "2019-06-30": {
        "Diluted EPS": -1.2,
        "Total Revenue": 14,
        "Gross Profit": 14,
        "Operating Income": -3,
        "EBIT": -2,
        "Net Income": -9
    },
    "2019-03-31": {
        "Diluted EPS": -1.81,
        "Total Revenue": 1,
        "Gross Profit": 1,
        "Operating Income": -13,
        "EBIT": -12,
        "Net Income": -13
    },
    "2023-06-30": {
        "Tax Effect Of Unusual Items": NaN,
        "Tax Rate For Calcs": NaN,
        "Normalized EBITDA": NaN,
        "Total Unusual Items": NaN,
        "Total Unusual Items Excluding Goodwill": NaN,
        "Net Income From Continuing Operation Net Minority Interest": NaN,
        "Reconciled Depreciation": NaN,
        "Reconciled Cost Of Revenue": NaN,
        "EBITDA": NaN,
        "EBIT": NaN,
        "Net Interest Income": NaN,
        "Interest Expense": NaN,
        "Interest Income": NaN,
        "Normalized Income": NaN,
        "Net Income From Continuing And Discontinued Operation": NaN,
        "Total Expenses": NaN,
        "Total Operating Income As Reported": NaN,
        "Diluted Average Shares": 260228000.0,
        "Basic Average Shares": 260228000.0,
        "Diluted EPS": -0.12,
        "Basic EPS": -0.12,
        "Diluted NI Availto Com Stockholders": NaN,
        "Net Income Common Stockholders": NaN,
        "Net Income": NaN,
        "Minority Interests": NaN,
        "Net Income Including Noncontrolling Interests": NaN,
        "Net Income Discontinuous Operations": NaN,
        "Net Income Continuous Operations": NaN,
        "Tax Provision": NaN,
        "Pretax Income": NaN,
        "Other Income Expense": NaN,
        "Special Income Charges": NaN,
        "Gain On Sale Of Ppe": NaN,
        "Impairment Of Capital Assets": NaN,
        "Restructuring And Mergern Acquisition": NaN,
        "Earnings From Equity Interest": NaN,
        "Gain On Sale Of Security": NaN,
        "Net Non Operating Interest Income Expense": NaN,
        "Total Other Finance Cost": NaN,
        "Interest Expense Non Operating": NaN,
        "Interest Income Non Operating": NaN,
        "Operating Income": NaN,
        "Operating Expense": NaN,
        "Depreciation Amortization Depletion Income Statement": NaN,
        "Depreciation And Amortization In Income Statement": NaN,
        "Research And Development": NaN,
        "Selling General And Administration": NaN,
        "Selling And Marketing Expense": NaN,
        "General And Administrative Expense": NaN,
        "Other Gand A": NaN,
        "Salaries And Wages": NaN,
        "Gross Profit": NaN,
        "Cost Of Revenue": NaN,
        "Total Revenue": NaN,
        "Excise Taxes": NaN,
        "Operating Revenue": NaN
    },
    "2023-09-30": {
        "Tax Effect Of Unusual Items": NaN,
        "Tax Rate For Calcs": NaN,
        "Normalized EBITDA": NaN,
        "Total Unusual Items": NaN,
        "Total Unusual Items Excluding Goodwill": NaN,
        "Net Income From Continuing Operation Net Minority Interest": NaN,
        "Reconciled Depreciation": NaN,
        "Reconciled Cost Of Revenue": NaN,
        "EBITDA": NaN,
        "EBIT": NaN,
        "Net Interest Income": NaN,
        "Interest Expense": NaN,
        "Interest Income": NaN,
        "Normalized Income": NaN,
        "Net Income From Continuing And Discontinued Operation": NaN,
        "Total Expenses": NaN,
        "Total Operating Income As Reported": NaN,
        "Diluted Average Shares": 260435000.0,
        "Basic Average Shares": 260435000.0,
        "Diluted EPS": -0.08,
        "Basic EPS": -0.08,
        "Diluted NI Availto Com Stockholders": NaN,
        "Net Income Common Stockholders": NaN,
        "Net Income": NaN,
        "Minority Interests": NaN,
        "Net Income Including Noncontrolling Interests": NaN,
        "Net Income Discontinuous Operations": NaN,
        "Net Income Continuous Operations": NaN,
        "Tax Provision": NaN,
        "Pretax Income": NaN,
        "Other Income Expense": NaN,
        "Special Income Charges": NaN,
        "Gain On Sale Of Ppe": NaN,
        "Impairment Of Capital Assets": NaN,
        "Restructuring And Mergern Acquisition": NaN,
        "Earnings From Equity Interest": NaN,
        "Gain On Sale Of Security": NaN,
        "Net Non Operating Interest Income Expense": NaN,
        "Total Other Finance Cost": NaN,
        "Interest Expense Non Operating": NaN,
        "Interest Income Non Operating": NaN,
        "Operating Income": NaN,
        "Operating Expense": NaN,
        "Depreciation Amortization Depletion Income Statement": NaN,
        "Depreciation And Amortization In Income Statement": NaN,
        "Research And Development": NaN,
        "Selling General And Administration": NaN,
        "Selling And Marketing Expense": NaN,
        "General And Administrative Expense": NaN,
        "Other Gand A": NaN,
        "Salaries And Wages": NaN,
        "Gross Profit": NaN,
        "Cost Of Revenue": NaN,
        "Total Revenue": NaN,
        "Excise Taxes": NaN,
        "Operating Revenue": NaN
    },
    "2023-12-31": {
        "Tax Effect Of Unusual Items": NaN,
        "Tax Rate For Calcs": NaN,
        "Normalized EBITDA": NaN,
        "Total Unusual Items": NaN,
        "Total Unusual Items Excluding Goodwill": NaN,
        "Net Income From Continuing Operation Net Minority Interest": NaN,
        "Reconciled Depreciation": NaN,
        "Reconciled Cost Of Revenue": NaN,
        "EBITDA": NaN,
        "EBIT": NaN,
        "Net Interest Income": NaN,
        "Interest Expense": NaN,
        "Interest Income": NaN,
        "Normalized Income": NaN,
        "Net Income From Continuing And Discontinued Operation": NaN,
        "Total Expenses": NaN,
        "Total Operating Income As Reported": NaN,
        "Diluted Average Shares": NaN,
        "Basic Average Shares": NaN,
        "Diluted EPS": NaN,
        "Basic EPS": NaN,
        "Diluted NI Availto Com Stockholders": NaN,
        "Net Income Common Stockholders": NaN,
        "Net Income": NaN,
        "Minority Interests": NaN,
        "Net Income Including Noncontrolling Interests": NaN,
        "Net Income Discontinuous Operations": 0.0,
        "Net Income Continuous Operations": NaN,
        "Tax Provision": NaN,
        "Pretax Income": NaN,
        "Other Income Expense": NaN,
        "Special Income Charges": NaN,
        "Gain On Sale Of Ppe": NaN,
        "Impairment Of Capital Assets": NaN,
        "Restructuring And Mergern Acquisition": NaN,
        "Earnings From Equity Interest": NaN,
        "Gain On Sale Of Security": NaN,
        "Net Non Operating Interest Income Expense": NaN,
        "Total Other Finance Cost": NaN,
        "Interest Expense Non Operating": NaN,
        "Interest Income Non Operating": NaN,
        "Operating Income": NaN,
        "Operating Expense": NaN,
        "Depreciation Amortization Depletion Income Statement": NaN,
        "Depreciation And Amortization In Income Statement": NaN,
        "Research And Development": NaN,
        "Selling General And Administration": NaN,
        "Selling And Marketing Expense": NaN,
        "General And Administrative Expense": NaN,
        "Other Gand A": NaN,
        "Salaries And Wages": NaN,
        "Gross Profit": NaN,
        "Cost Of Revenue": NaN,
        "Total Revenue": NaN,
        "Excise Taxes": NaN,
        "Operating Revenue": NaN
    },
    "2024-03-31": {
        "Tax Effect Of Unusual Items": NaN,
        "Tax Rate For Calcs": NaN,
        "Normalized EBITDA": NaN,
        "Total Unusual Items": NaN,
        "Total Unusual Items Excluding Goodwill": NaN,
        "Net Income From Continuing Operation Net Minority Interest": NaN,
        "Reconciled Depreciation": NaN,
        "Reconciled Cost Of Revenue": NaN,
        "EBITDA": NaN,
        "EBIT": NaN,
        "Net Interest Income": NaN,
        "Interest Expense": NaN,
        "Interest Income": NaN,
        "Normalized Income": NaN,
        "Net Income From Continuing And Discontinued Operation": NaN,
        "Total Expenses": NaN,
        "Total Operating Income As Reported": NaN,
        "Diluted Average Shares": NaN,
        "Basic Average Shares": NaN,
        "Diluted EPS": NaN,
        "Basic EPS": NaN,
        "Diluted NI Availto Com Stockholders": NaN,
        "Net Income Common Stockholders": NaN,
        "Net Income": NaN,
        "Minority Interests": NaN,
        "Net Income Including Noncontrolling Interests": NaN,
        "Net Income Discontinuous Operations": 0.0,
        "Net Income Continuous Operations": NaN,
        "Tax Provision": NaN,
        "Pretax Income": NaN,
        "Other Income Expense": NaN,
        "Special Income Charges": NaN,
        "Gain On Sale Of Ppe": NaN,
        "Impairment Of Capital Assets": NaN,
        "Restructuring And Mergern Acquisition": NaN,
        "Earnings From Equity Interest": NaN,
        "Gain On Sale Of Security": NaN,
        "Net Non Operating Interest Income Expense": NaN,
        "Total Other Finance Cost": NaN,
        "Interest Expense Non Operating": NaN,
        "Interest Income Non Operating": NaN,
        "Operating Income": NaN,
        "Operating Expense": NaN,
        "Depreciation Amortization Depletion Income Statement": NaN,
        "Depreciation And Amortization In Income Statement": NaN,
        "Research And Development": NaN,
        "Selling General And Administration": NaN,
        "Selling And Marketing Expense": NaN,
        "General And Administrative Expense": NaN,
        "Other Gand A": NaN,
        "Salaries And Wages": NaN,
        "Gross Profit": NaN,
        "Cost Of Revenue": NaN,
        "Total Revenue": NaN,
        "Excise Taxes": NaN,
        "Operating Revenue": NaN
    },
    "2024-06-30": {
        "Tax Effect Of Unusual Items": NaN,
        "Tax Rate For Calcs": NaN,
        "Normalized EBITDA": NaN,
        "Total Unusual Items": NaN,
        "Total Unusual Items Excluding Goodwill": NaN,
        "Net Income From Continuing Operation Net Minority Interest": NaN,
        "Reconciled Depreciation": NaN,
        "Reconciled Cost Of Revenue": NaN,
        "EBITDA": NaN,
        "EBIT": NaN,
        "Net Interest Income": NaN,
        "Interest Expense": NaN,
        "Interest Income": NaN,
        "Normalized Income": NaN,
        "Net Income From Continuing And Discontinued Operation": NaN,
        "Total Expenses": NaN,
        "Total Operating Income As Reported": NaN,
        "Diluted Average Shares": 263832000.0,
        "Basic Average Shares": 263832000.0,
        "Diluted EPS": -0.02,
        "Basic EPS": -0.02,
        "Diluted NI Availto Com Stockholders": NaN,
        "Net Income Common Stockholders": NaN,
        "Net Income": NaN,
        "Minority Interests": NaN,
        "Net Income Including Noncontrolling Interests": NaN,
        "Net Income Discontinuous Operations": 0.0,
        "Net Income Continuous Operations": NaN,
        "Tax Provision": NaN,
        "Pretax Income": NaN,
        "Other Income Expense": NaN,
        "Special Income Charges": NaN,
        "Gain On Sale Of Ppe": NaN,
        "Impairment Of Capital Assets": NaN,
        "Restructuring And Mergern Acquisition": NaN,
        "Earnings From Equity Interest": NaN,
        "Gain On Sale Of Security": NaN,
        "Net Non Operating Interest Income Expense": NaN,
        "Total Other Finance Cost": NaN,
        "Interest Expense Non Operating": NaN,
        "Interest Income Non Operating": NaN,
        "Operating Income": NaN,
        "Operating Expense": NaN,
        "Depreciation Amortization Depletion Income Statement": NaN,
        "Depreciation And Amortization In Income Statement": NaN,
        "Research And Development": NaN,
        "Selling General And Administration": NaN,
        "Selling And Marketing Expense": NaN,
        "General And Administrative Expense": NaN,
        "Other Gand A": NaN,
        "Salaries And Wages": NaN,
        "Gross Profit": NaN,
        "Cost Of Revenue": NaN,
        "Total Revenue": NaN,
        "Excise Taxes": NaN,
        "Operating Revenue": NaN
    },
    "2024-09-30": {
        "Tax Effect Of Unusual Items": 934650.0,
        "Tax Rate For Calcs": 0.15,
        "Normalized EBITDA": -8262000.0,
        "Total Unusual Items": 6231000.0,
        "Total Unusual Items Excluding Goodwill": 6231000.0,
        "Net Income From Continuing Operation Net Minority Interest": -19328000.0,
        "Reconciled Depreciation": 13970000.0,
        "Reconciled Cost Of Revenue": 173343000.0,
        "EBITDA": -2031000.0,
        "EBIT": -16001000.0,
        "Net Interest Income": -1740000.0,
        "Interest Expense": 1901000.0,
        "Interest Income": 194000.0,
        "Normalized Income": -24624350.0,
        "Net Income From Continuing And Discontinued Operation": -19328000.0,
        "Total Expenses": 245884000.0,
        "Total Operating Income As Reported": -18511000.0,
        "Diluted Average Shares": 265147000.0,
        "Basic Average Shares": 265147000.0,
        "Diluted EPS": -0.07,
        "Basic EPS": -0.07,
        "Diluted NI Availto Com Stockholders": -19328000.0,
        "Net Income Common Stockholders": -19328000.0,
        "Net Income": -19328000.0,
        "Minority Interests": 8000.0,
        "Net Income Including Noncontrolling Interests": -19336000.0,
        "Net Income Discontinuous Operations": 0.0,
        "Net Income Continuous Operations": -19336000.0,
        "Tax Provision": 1434000.0,
        "Pretax Income": -17902000.0,
        "Other Income Expense": -7170000.0,
        "Special Income Charges": -3039000.0,
        "Gain On Sale Of Ppe": -35000.0,
        "Impairment Of Capital Assets": -258000.0,
        "Restructuring And Mergern Acquisition": 3262000.0,
        "Earnings From Equity Interest": -13401000.0,
        "Gain On Sale Of Security": 9270000.0,
        "Net Non Operating Interest Income Expense": -1740000.0,
        "Total Other Finance Cost": 33000.0,
        "Interest Expense Non Operating": 1901000.0,
        "Interest Income Non Operating": 194000.0,
        "Operating Income": -8992000.0,
        "Operating Expense": 71960000.0,
        "Depreciation Amortization Depletion Income Statement": 13389000.0,
        "Depreciation And Amortization In Income Statement": 13389000.0,
        "Research And Development": 76000.0,
        "Selling General And Administration": 58495000.0,
        "Selling And Marketing Expense": 2813000.0,
        "General And Administrative Expense": 55682000.0,
        "Other Gand A": 49980000.0,
        "Salaries And Wages": 5702000.0,
        "Gross Profit": 62968000.0,
        "Cost Of Revenue": 173924000.0,
        "Total Revenue": 236892000.0,
        "Excise Taxes": 14431000.0,
        "Operating Revenue": 251323000.0
    },
    "2024-12-31": {
        "Tax Effect Of Unusual Items": -2179395.233514,
        "Tax Rate For Calcs": 0.088853,
        "Normalized EBITDA": -33338000.0,
        "Total Unusual Items": -24528000.0,
        "Total Unusual Items Excluding Goodwill": -24528000.0,
        "Net Income From Continuing Operation Net Minority Interest": -67142000.0,
        "Reconciled Depreciation": 14032000.0,
        "Reconciled Cost Of Revenue": 188047000.0,
        "EBITDA": -57866000.0,
        "EBIT": -71898000.0,
        "Net Interest Income": 13998000.0,
        "Interest Expense": 1909000.0,
        "Interest Income": 15820000.0,
        "Normalized Income": -44793395.233514,
        "Net Income From Continuing And Discontinued Operation": -67142000.0,
        "Total Expenses": 254498000.0,
        "Total Operating Income As Reported": -76089000.0,
        "Diluted Average Shares": NaN,
        "Basic Average Shares": NaN,
        "Diluted EPS": NaN,
        "Basic EPS": NaN,
        "Diluted NI Availto Com Stockholders": -67142000.0,
        "Net Income Common Stockholders": -67142000.0,
        "Net Income": -67142000.0,
        "Minority Interests": 107000.0,
        "Net Income Including Noncontrolling Interests": -67249000.0,
        "Net Income Discontinuous Operations": 0.0,
        "Net Income Continuous Operations": -67249000.0,
        "Tax Provision": -6558000.0,
        "Pretax Income": -73807000.0,
        "Other Income Expense": -90986000.0,
        "Special Income Charges": -11635000.0,
        "Gain On Sale Of Ppe": 71000.0,
        "Impairment Of Capital Assets": 15000000.0,
        "Restructuring And Mergern Acquisition": -3294000.0,
        "Earnings From Equity Interest": -66458000.0,
        "Gain On Sale Of Security": -12893000.0,
        "Net Non Operating Interest Income Expense": 13998000.0,
        "Total Other Finance Cost": -87000.0,
        "Interest Expense Non Operating": 1909000.0,
        "Interest Income Non Operating": 15820000.0,
        "Operating Income": 3181000.0,
        "Operating Expense": 65618000.0,
        "Depreciation Amortization Depletion Income Statement": 13199000.0,
        "Depreciation And Amortization In Income Statement": 13199000.0,
        "Research And Development": 124000.0,
        "Selling General And Administration": 52295000.0,
        "Selling And Marketing Expense": 3154000.0,
        "General And Administrative Expense": 49141000.0,
        "Other Gand A": -77253000.0,
        "Salaries And Wages": 126394000.0,
        "Gross Profit": 68799000.0,
        "Cost Of Revenue": 188880000.0,
        "Total Revenue": 257679000.0,
        "Excise Taxes": 16198000.0,
        "Operating Revenue": 273877000.0
    },
    "2025-03-31": {
        "Tax Effect Of Unusual Items": 0.0,
        "Tax Rate For Calcs": 0.0,
        "Normalized EBITDA": 4525000.0,
        "Total Unusual Items": -3215000.0,
        "Total Unusual Items Excluding Goodwill": -3215000.0,
        "Net Income From Continuing Operation Net Minority Interest": -14707000.0,
        "Reconciled Depreciation": 14187000.0,
        "Reconciled Cost Of Revenue": 147314000.0,
        "EBITDA": 1310000.0,
        "EBIT": -12877000.0,
        "Net Interest Income": 1166000.0,
        "Interest Expense": 1830000.0,
        "Interest Income": 3023000.0,
        "Normalized Income": -11492000.0,
        "Net Income From Continuing And Discontinued Operation": -14707000.0,
        "Total Expenses": 213115000.0,
        "Total Operating Income As Reported": -12053000.0,
        "Diluted Average Shares": 259127000.0,
        "Basic Average Shares": 259127000.0,
        "Diluted EPS": -0.06,
        "Basic EPS": -0.06,
        "Diluted NI Availto Com Stockholders": -14707000.0,
        "Net Income Common Stockholders": -14707000.0,
        "Net Income": -14707000.0,
        "Minority Interests": 0.0,
        "Net Income Including Noncontrolling Interests": -14707000.0,
        "Net Income Discontinuous Operations": NaN,
        "Net Income Continuous Operations": -14707000.0,
        "Tax Provision": 0.0,
        "Pretax Income": -14707000.0,
        "Other Income Expense": -7672000.0,
        "Special Income Charges": -3029000.0,
        "Gain On Sale Of Ppe": 59000.0,
        "Impairment Of Capital Assets": 1984000.0,
        "Restructuring And Mergern Acquisition": 1104000.0,
        "Earnings From Equity Interest": -4457000.0,
        "Gain On Sale Of Security": -186000.0,
        "Net Non Operating Interest Income Expense": 1166000.0,
        "Total Other Finance Cost": 27000.0,
        "Interest Expense Non Operating": 1830000.0,
        "Interest Income Non Operating": 3023000.0,
        "Operating Income": -8201000.0,
        "Operating Expense": 64842000.0,
        "Depreciation Amortization Depletion Income Statement": 13228000.0,
        "Depreciation And Amortization In Income Statement": 13228000.0,
        "Research And Development": 100000.0,
        "Selling General And Administration": 51514000.0,
        "Selling And Marketing Expense": 3767000.0,
        "General And Administrative Expense": 47747000.0,
        "Other Gand A": 46359000.0,
        "Salaries And Wages": 1388000.0,
        "Gross Profit": 56641000.0,
        "Cost Of Revenue": 148273000.0,
        "Total Revenue": 204914000.0,
        "Excise Taxes": 12223000.0,
        "Operating Revenue": 217137000.0
    },
    "2025-06-30": {
        "Tax Effect Of Unusual Items": 0.0,
        "Tax Rate For Calcs": 0.0,
        "Normalized EBITDA": 18626000.0,
        "Total Unusual Items": 6000.0,
        "Total Unusual Items Excluding Goodwill": 6000.0,
        "Net Income From Continuing Operation Net Minority Interest": 2885000.0,
        "Reconciled Depreciation": 13949000.0,
        "Reconciled Cost Of Revenue": 176139000.0,
        "EBITDA": 18632000.0,
        "EBIT": 4683000.0,
        "Net Interest Income": -329000.0,
        "Interest Expense": 1798000.0,
        "Interest Income": 1473000.0,
        "Normalized Income": 2879000.0,
        "Net Income From Continuing And Discontinued Operation": 2885000.0,
        "Total Expenses": 241865000.0,
        "Total Operating Income As Reported": 5003000.0,
        "Diluted Average Shares": 263300000.0,
        "Basic Average Shares": 257310000.0,
        "Diluted EPS": 0.01,
        "Basic EPS": 0.01,
        "Diluted NI Availto Com Stockholders": 2885000.0,
        "Net Income Common Stockholders": 2885000.0,
        "Net Income": 2885000.0,
        "Minority Interests": 0.0,
        "Net Income Including Noncontrolling Interests": 2885000.0,
        "Net Income Discontinuous Operations": NaN,
        "Net Income Continuous Operations": 2885000.0,
        "Tax Provision": 0.0,
        "Pretax Income": 2885000.0,
        "Other Income Expense": 310000.0,
        "Special Income Charges": -52000.0,
        "Gain On Sale Of Ppe": 29000.0,
        "Impairment Of Capital Assets": -1064000.0,
        "Restructuring And Mergern Acquisition": 1145000.0,
        "Earnings From Equity Interest": 304000.0,
        "Gain On Sale Of Security": 58000.0,
        "Net Non Operating Interest Income Expense": -329000.0,
        "Total Other Finance Cost": 4000.0,
        "Interest Expense Non Operating": 1798000.0,
        "Interest Income Non Operating": 1473000.0,
        "Operating Income": 2904000.0,
        "Operating Expense": 64697000.0,
        "Depreciation Amortization Depletion Income Statement": 12920000.0,
        "Depreciation And Amortization In Income Statement": 12920000.0,
        "Research And Development": 98000.0,
        "Selling General And Administration": 51679000.0,
        "Selling And Marketing Expense": 3384000.0,
        "General And Administrative Expense": 48295000.0,
        "Other Gand A": 45376000.0,
        "Salaries And Wages": 2919000.0,
        "Gross Profit": 67601000.0,
        "Cost Of Revenue": 177168000.0,
        "Total Revenue": 244769000.0,
        "Excise Taxes": 12816000.0,
        "Operating Revenue": 257585000.0
    },
    "2025-09-30": {
        "Tax Effect Of Unusual Items": 0.0,
        "Tax Rate For Calcs": 0.0,
        "Normalized EBITDA": 6163000.0,
        "Total Unusual Items": -3574000.0,
        "Total Unusual Items Excluding Goodwill": -3574000.0,
        "Net Income From Continuing Operation Net Minority Interest": -13319000.0,
        "Reconciled Depreciation": 13972000.0,
        "Reconciled Cost Of Revenue": 178998000.0,
        "EBITDA": 2589000.0,
        "EBIT": -11383000.0,
        "Net Interest Income": -137000.0,
        "Interest Expense": 1936000.0,
        "Interest Income": 1824000.0,
        "Normalized Income": -9745000.0,
        "Net Income From Continuing And Discontinued Operation": -13319000.0,
        "Total Expenses": 253593000.0,
        "Total Operating Income As Reported": -11050000.0,
        "Diluted Average Shares": 266380000.0,
        "Basic Average Shares": 266380000.0,
        "Diluted EPS": -0.05,
        "Basic EPS": -0.05,
        "Diluted NI Availto Com Stockholders": -13319000.0,
        "Net Income Common Stockholders": -13319000.0,
        "Net Income": -13319000.0,
        "Minority Interests": 0.0,
        "Net Income Including Noncontrolling Interests": -13319000.0,
        "Net Income Discontinuous Operations": NaN,
        "Net Income Continuous Operations": -13319000.0,
        "Tax Provision": 0.0,
        "Pretax Income": -13319000.0,
        "Other Income Expense": -3808000.0,
        "Special Income Charges": -3684000.0,
        "Gain On Sale Of Ppe": -34000.0,
        "Impairment Of Capital Assets": 2051000.0,
        "Restructuring And Mergern Acquisition": 1599000.0,
        "Earnings From Equity Interest": -234000.0,
        "Gain On Sale Of Security": 110000.0,
        "Net Non Operating Interest Income Expense": -137000.0,
        "Total Other Finance Cost": 25000.0,
        "Interest Expense Non Operating": 1936000.0,
        "Interest Income Non Operating": 1824000.0,
        "Operating Income": -9374000.0,
        "Operating Expense": 73551000.0,
        "Depreciation Amortization Depletion Income Statement": 12928000.0,
        "Depreciation And Amortization In Income Statement": 12928000.0,
        "Research And Development": 156000.0,
        "Selling General And Administration": 60467000.0,
        "Selling And Marketing Expense": 3617000.0,
        "General And Administrative Expense": 56850000.0,
        "Other Gand A": 45967000.0,
        "Salaries And Wages": 10883000.0,
        "Gross Profit": 64177000.0,
        "Cost Of Revenue": 180042000.0,
        "Total Revenue": 244219000.0,
        "Excise Taxes": 16090000.0,
        "Operating Revenue": 260309000.0
    }
}