{
    "2023-03-31": {
        "Tax Effect Of Unusual Items": NaN,
        "Tax Rate For Calcs": NaN,
        "Normalized EBITDA": NaN,
        "Net Income From Continuing Operation Net Minority Interest": NaN,
        "Reconciled Depreciation": NaN,
        "Reconciled Cost Of Revenue": NaN,
        "EBITDA": NaN,
        "EBIT": NaN,
        "Net Interest Income": NaN,
        "Interest Expense": NaN,
        "Interest Income": NaN,
        "Normalized Income": NaN,
        "Net Income From Continuing And Discontinued Operation": NaN,
        "Total Expenses": NaN,
        "Total Operating Income As Reported": NaN,
        "Diluted Average Shares": 17104.0,
        "Basic Average Shares": 17104.0,
        "Diluted EPS": -119.1,
        "Basic EPS": -119.1,
        "Diluted NI Availto Com Stockholders": NaN,
        "Net Income Common Stockholders": NaN,
        "Net Income": NaN,
        "Net Income Including Noncontrolling Interests": NaN,
        "Net Income Continuous Operations": NaN,
        "Pretax Income": NaN,
        "Other Income Expense": NaN,
        "Other Non Operating Income Expenses": NaN,
        "Net Non Operating Interest Income Expense": NaN,
        "Interest Expense Non Operating": NaN,
        "Interest Income Non Operating": NaN,
        "Operating Income": NaN,
        "Operating Expense": NaN,
        "Research And Development": NaN,
        "Selling General And Administration": NaN,
        "Selling And Marketing Expense": NaN,
        "General And Administrative Expense": NaN,
        "Other Gand A": NaN,
        "Insurance And Claims": 86000.0,
        "Salaries And Wages": NaN,
        "Gross Profit": NaN,
        "Cost Of Revenue": NaN,
        "Total Revenue": NaN,
        "Operating Revenue": NaN
    },
    "2022-12-31": {
        "Tax Effect Of Unusual Items": NaN,
        "Tax Rate For Calcs": NaN,
        "Normalized EBITDA": NaN,
        "Total Unusual Items": 0.0,
        "Total Unusual Items Excluding Goodwill": 0.0,
        "Net Income From Continuing Operation Net Minority Interest": NaN,
        "Reconciled Depreciation": NaN,
        "Reconciled Cost Of Revenue": NaN,
        "EBITDA": NaN,
        "EBIT": NaN,
        "Net Interest Income": NaN,
        "Interest Expense": NaN,
        "Interest Income": NaN,
        "Normalized Income": NaN,
        "Net Income From Continuing And Discontinued Operation": NaN,
        "Total Expenses": NaN,
        "Total Operating Income As Reported": NaN,
        "Diluted Average Shares": NaN,
        "Basic Average Shares": NaN,
        "Diluted EPS": NaN,
        "Basic EPS": NaN,
        "Diluted NI Availto Com Stockholders": NaN,
        "Net Income Common Stockholders": NaN,
        "Net Income": NaN,
        "Net Income Including Noncontrolling Interests": NaN,
        "Net Income Continuous Operations": NaN,
        "Pretax Income": NaN,
        "Other Income Expense": 0.0,
        "Other Non Operating Income Expenses": 0.0,
        "Special Income Charges": 0.0,
        "Net Non Operating Interest Income Expense": NaN,
        "Interest Expense Non Operating": NaN,
        "Interest Income Non Operating": NaN,
        "Operating Income": NaN,
        "Operating Expense": NaN,
        "Research And Development": NaN,
        "Selling General And Administration": NaN,
        "Selling And Marketing Expense": NaN,
        "General And Administrative Expense": NaN,
        "Other Gand A": NaN,
        "Insurance And Claims": NaN,
        "Salaries And Wages": NaN,
        "Gross Profit": NaN,
        "Cost Of Revenue": NaN,
        "Total Revenue": NaN,
        "Operating Revenue": NaN
    },
    "2022-09-30": {
        "Tax Effect Of Unusual Items": NaN,
        "Tax Rate For Calcs": NaN,
        "Normalized EBITDA": NaN,
        "Total Unusual Items": 0.0,
        "Total Unusual Items Excluding Goodwill": 0.0,
        "Net Income From Continuing Operation Net Minority Interest": NaN,
        "Reconciled Depreciation": NaN,
        "Reconciled Cost Of Revenue": NaN,
        "EBITDA": NaN,
        "EBIT": NaN,
        "Net Interest Income": NaN,
        "Interest Expense": NaN,
        "Interest Income": NaN,
        "Normalized Income": NaN,
        "Net Income From Continuing And Discontinued Operation": NaN,
        "Total Expenses": NaN,
        "Total Operating Income As Reported": NaN,
        "Diluted Average Shares": 50887.0,
        "Basic Average Shares": 50887.0,
        "Diluted EPS": -51.96,
        "Basic EPS": -51.96,
        "Diluted NI Availto Com Stockholders": NaN,
        "Net Income Common Stockholders": NaN,
        "Net Income": NaN,
        "Net Income Including Noncontrolling Interests": NaN,
        "Net Income Continuous Operations": NaN,
        "Pretax Income": NaN,
        "Other Income Expense": -28000.0,
        "Other Non Operating Income Expenses": -28000.0,
        "Special Income Charges": 0.0,
        "Net Non Operating Interest Income Expense": NaN,
        "Interest Expense Non Operating": NaN,
        "Interest Income Non Operating": NaN,
        "Operating Income": NaN,
        "Operating Expense": NaN,
        "Research And Development": NaN,
        "Selling General And Administration": NaN,
        "Selling And Marketing Expense": NaN,
        "General And Administrative Expense": NaN,
        "Other Gand A": NaN,
        "Insurance And Claims": 143000.0,
        "Salaries And Wages": 952000.0,
        "Gross Profit": NaN,
        "Cost Of Revenue": NaN,
        "Total Revenue": NaN,
        "Operating Revenue": NaN
    },
    "2022-06-30": {
        "Tax Effect Of Unusual Items": 0.0,
        "Tax Rate For Calcs": 0.0,
        "Normalized EBITDA": -2569000.0,
        "Total Unusual Items": 0.0,
        "Total Unusual Items Excluding Goodwill": 0.0,
        "Net Income From Continuing Operation Net Minority Interest": -2569000.0,
        "Reconciled Depreciation": 47000.0,
        "Reconciled Cost Of Revenue": 141000.0,
        "EBITDA": -2569000.0,
        "EBIT": -2569000.0,
        "Net Interest Income": 1000.0,
        "Interest Expense": 0.0,
        "Interest Income": 1000.0,
        "Normalized Income": -2569000.0,
        "Net Income From Continuing And Discontinued Operation": -2569000.0,
        "Total Expenses": 2849000.0,
        "Total Operating Income As Reported": -2572000.0,
        "Diluted Average Shares": 610635.0,
        "Basic Average Shares": 610635.0,
        "Diluted EPS": -4.21,
        "Basic EPS": -4.21,
        "Diluted NI Availto Com Stockholders": -2569000.0,
        "Net Income Common Stockholders": -2569000.0,
        "Net Income": -2569000.0,
        "Net Income Including Noncontrolling Interests": -2569000.0,
        "Net Income Continuous Operations": -2569000.0,
        "Pretax Income": -2569000.0,
        "Other Income Expense": 2000.0,
        "Other Non Operating Income Expenses": 2000.0,
        "Special Income Charges": 0.0,
        "Net Non Operating Interest Income Expense": 1000.0,
        "Interest Expense Non Operating": 0.0,
        "Interest Income Non Operating": 1000.0,
        "Operating Income": -2572000.0,
        "Operating Expense": 2708000.0,
        "Research And Development": 431000.0,
        "Selling General And Administration": 2277000.0,
        "Selling And Marketing Expense": 162000.0,
        "General And Administrative Expense": 2115000.0,
        "Other Gand A": 1970000.0,
        "Insurance And Claims": 145000.0,
        "Salaries And Wages": NaN,
        "Gross Profit": 136000.0,
        "Cost Of Revenue": 141000.0,
        "Total Revenue": 277000.0,
        "Operating Revenue": 277000.0
    },
    "2022-03-31": {
        "Diluted EPS": -3.82,
        "Total Revenue": 0,
        "Gross Profit": 0,
        "Operating Income": -2,
        "EBIT": -2,
        "Net Income": -2
    },
    "2021-12-31": {
        "Diluted EPS": -3.97,
        "Total Revenue": 0,
        "Gross Profit": 0,
        "Operating Income": -2,
        "EBIT": -2,
        "Net Income": -2
    },
    "2021-09-30": {
        "Diluted EPS": -3.6,
        "Total Revenue": 0,
        "Gross Profit": 0,
        "Operating Income": -2,
        "EBIT": -2,
        "Net Income": -2
    },
    "2021-06-30": {
        "Diluted EPS": -2.8,
        "Total Revenue": 0,
        "Gross Profit": 0,
        "Operating Income": -2,
        "EBIT": -2,
        "Net Income": -2
    },
    "2021-03-31": {
        "Diluted EPS": -4.4,
        "Total Revenue": 0,
        "Gross Profit": 0,
        "Operating Income": -2,
        "EBIT": -2,
        "Net Income": -2
    },
    "2020-12-31": {
        "Diluted EPS": 1.2,
        "Total Revenue": 0,
        "Gross Profit": 0,
        "Operating Income": -2,
        "EBIT": -2,
        "Net Income": -2
    },
    "2020-09-30": {
        "Diluted EPS": -11.2,
        "Total Revenue": 0,
        "Gross Profit": 0,
        "Operating Income": -2,
        "EBIT": -2,
        "Net Income": -2
    },
    "2020-06-30": {
        "Diluted EPS": -11.8,
        "Total Revenue": 0,
        "Gross Profit": 0,
        "Operating Income": -2,
        "EBIT": -2,
        "Net Income": -2
    },
    "2020-03-31": {
        "Diluted EPS": -33.8,
        "Total Revenue": 0,
        "Gross Profit": 0,
        "Operating Income": -2,
        "EBIT": -2,
        "Net Income": -3
    },
    "2019-12-31": {
        "Diluted EPS": -39.4,
        "Total Revenue": 0,
        "Gross Profit": 0,
        "Operating Income": -3,
        "EBIT": -3,
        "Net Income": -3
    },
    "2019-09-30": {
        "Diluted EPS": -37.0,
        "Total Revenue": 0,
        "Gross Profit": 0,
        "Operating Income": -3,
        "EBIT": -2,
        "Net Income": -3
    },
    "2019-06-30": {
        "Diluted EPS": -37.2,
        "Total Revenue": 0,
        "Gross Profit": 0,
        "Operating Income": -2,
        "EBIT": -2,
        "Net Income": -2
    },
    "2019-03-31": {
        "Diluted EPS": -40.2,
        "Total Revenue": 0,
        "Gross Profit": 0,
        "Operating Income": -2,
        "EBIT": -2,
        "Net Income": -2
    },
    "2018-12-31": {
        "Diluted EPS": -32.4,
        "Total Revenue": 0,
        "Gross Profit": 0,
        "Operating Income": -3,
        "EBIT": -3,
        "Net Income": -3
    },
    "2018-09-30": {
        "Diluted EPS": -56.0,
        "Total Revenue": 0,
        "Gross Profit": 0,
        "Operating Income": -2,
        "EBIT": -2,
        "Net Income": -3
    },
    "2018-06-30": {
        "Diluted EPS": -100.0,
        "Total Revenue": 0,
        "Gross Profit": 0,
        "Operating Income": -4,
        "EBIT": -4,
        "Net Income": -4
    },
    "2018-03-31": {
        "Diluted EPS": -64.0,
        "Total Revenue": 0,
        "Gross Profit": NaN,
        "Operating Income": -3,
        "EBIT": -3,
        "Net Income": -3
    },
    "2017-12-31": {
        "Diluted EPS": -60.0,
        "Total Revenue": 0,
        "Gross Profit": 0,
        "Operating Income": -2,
        "EBIT": -2,
        "Net Income": -2
    },
    "2017-09-30": {
        "Diluted EPS": -112.0,
        "Total Revenue": 0,
        "Gross Profit": 0,
        "Operating Income": -3,
        "EBIT": -3,
        "Net Income": -3
    },
    "2017-06-30": {
        "Diluted EPS": -140.0,
        "Total Revenue": 0,
        "Gross Profit": 0,
        "Operating Income": -4,
        "EBIT": -4,
        "Net Income": -4
    },
    "2017-03-31": {
        "Diluted EPS": -136.0,
        "Total Revenue": 0,
        "Gross Profit": 0,
        "Operating Income": -3,
        "EBIT": -3,
        "Net Income": -3
    },
    "2016-12-31": {
        "Diluted EPS": -188.0,
        "Total Revenue": 0,
        "Gross Profit": 0,
        "Operating Income": -4,
        "EBIT": -4,
        "Net Income": -4
    },
    "2016-09-30": {
        "Diluted EPS": -148.0,
        "Total Revenue": 0,
        "Gross Profit": 0,
        "Operating Income": -3,
        "EBIT": -3,
        "Net Income": -3
    },
    "2016-06-30": {
        "Diluted EPS": -124.0,
        "Total Revenue": 0,
        "Gross Profit": 0,
        "Operating Income": -2,
        "EBIT": -2,
        "Net Income": -2
    },
    "2016-03-31": {
        "Diluted EPS": -224.0,
        "Total Revenue": 0,
        "Gross Profit": 0,
        "Operating Income": -2,
        "EBIT": -2,
        "Net Income": -3
    },
    "2015-12-31": {
        "Diluted EPS": 0.0,
        "Total Revenue": NaN,
        "Gross Profit": NaN,
        "Operating Income": NaN,
        "EBIT": NaN,
        "Net Income": NaN
    },
    "2015-09-30": {
        "Diluted EPS": 0.0,
        "Total Revenue": NaN,
        "Gross Profit": NaN,
        "Operating Income": NaN,
        "EBIT": NaN,
        "Net Income": NaN
    },
    "2014-12-31": {
        "Diluted EPS": 0.0,
        "Total Revenue": NaN,
        "Gross Profit": NaN,
        "Operating Income": NaN,
        "EBIT": NaN,
        "Net Income": NaN
    },
    "2023-06-30": {
        "Tax Effect Of Unusual Items": NaN,
        "Tax Rate For Calcs": NaN,
        "Normalized EBITDA": NaN,
        "Net Income From Continuing Operation Net Minority Interest": NaN,
        "Reconciled Depreciation": NaN,
        "Reconciled Cost Of Revenue": NaN,
        "EBITDA": NaN,
        "EBIT": NaN,
        "Net Interest Income": NaN,
        "Interest Expense": NaN,
        "Interest Income": NaN,
        "Normalized Income": NaN,
        "Net Income From Continuing And Discontinued Operation": NaN,
        "Total Expenses": NaN,
        "Total Operating Income As Reported": NaN,
        "Diluted Average Shares": 23840.0,
        "Basic Average Shares": 23840.0,
        "Diluted EPS": -84.0,
        "Basic EPS": -84.0,
        "Diluted NI Availto Com Stockholders": NaN,
        "Net Income Common Stockholders": NaN,
        "Net Income": NaN,
        "Net Income Including Noncontrolling Interests": NaN,
        "Net Income Continuous Operations": NaN,
        "Pretax Income": NaN,
        "Other Income Expense": NaN,
        "Other Non Operating Income Expenses": NaN,
        "Net Non Operating Interest Income Expense": NaN,
        "Interest Expense Non Operating": NaN,
        "Interest Income Non Operating": NaN,
        "Operating Income": NaN,
        "Operating Expense": NaN,
        "Research And Development": NaN,
        "Selling General And Administration": NaN,
        "Selling And Marketing Expense": NaN,
        "General And Administrative Expense": NaN,
        "Other Gand A": NaN,
        "Insurance And Claims": NaN,
        "Salaries And Wages": NaN,
        "Gross Profit": NaN,
        "Cost Of Revenue": NaN,
        "Total Revenue": NaN,
        "Operating Revenue": NaN
    },
    "2023-09-30": {
        "Tax Effect Of Unusual Items": NaN,
        "Tax Rate For Calcs": NaN,
        "Normalized EBITDA": NaN,
        "Net Income From Continuing Operation Net Minority Interest": NaN,
        "Reconciled Depreciation": NaN,
        "Reconciled Cost Of Revenue": NaN,
        "EBITDA": NaN,
        "EBIT": NaN,
        "Net Interest Income": NaN,
        "Interest Expense": NaN,
        "Interest Income": NaN,
        "Normalized Income": NaN,
        "Net Income From Continuing And Discontinued Operation": NaN,
        "Total Expenses": NaN,
        "Total Operating Income As Reported": NaN,
        "Diluted Average Shares": 34804.0,
        "Basic Average Shares": 34804.0,
        "Diluted EPS": -56.4,
        "Basic EPS": -56.4,
        "Diluted NI Availto Com Stockholders": NaN,
        "Net Income Common Stockholders": NaN,
        "Net Income": NaN,
        "Net Income Including Noncontrolling Interests": NaN,
        "Net Income Continuous Operations": NaN,
        "Pretax Income": NaN,
        "Other Income Expense": NaN,
        "Other Non Operating Income Expenses": NaN,
        "Net Non Operating Interest Income Expense": NaN,
        "Interest Expense Non Operating": NaN,
        "Interest Income Non Operating": NaN,
        "Operating Income": NaN,
        "Operating Expense": NaN,
        "Research And Development": NaN,
        "Selling General And Administration": NaN,
        "Selling And Marketing Expense": NaN,
        "General And Administrative Expense": NaN,
        "Other Gand A": NaN,
        "Insurance And Claims": 120000.0,
        "Salaries And Wages": NaN,
        "Gross Profit": NaN,
        "Cost Of Revenue": NaN,
        "Total Revenue": NaN,
        "Operating Revenue": NaN
    },
    "2023-12-31": {
        "Tax Effect Of Unusual Items": 0.0,
        "Tax Rate For Calcs": 0.0,
        "Normalized EBITDA": -1698000.0,
        "Net Income From Continuing Operation Net Minority Interest": -1733000.0,
        "Reconciled Depreciation": 31000.0,
        "Reconciled Cost Of Revenue": 166000.0,
        "EBITDA": -1698000.0,
        "EBIT": -1729000.0,
        "Net Interest Income": 3000.0,
        "Interest Expense": 4000.0,
        "Interest Income": 7000.0,
        "Normalized Income": -1733000.0,
        "Net Income From Continuing And Discontinued Operation": -1733000.0,
        "Total Expenses": 2031000.0,
        "Total Operating Income As Reported": -1736000.0,
        "Diluted Average Shares": NaN,
        "Basic Average Shares": NaN,
        "Diluted EPS": NaN,
        "Basic EPS": NaN,
        "Diluted NI Availto Com Stockholders": -1733000.0,
        "Net Income Common Stockholders": -1733000.0,
        "Net Income": -1733000.0,
        "Net Income Including Noncontrolling Interests": -1733000.0,
        "Net Income Continuous Operations": -1733000.0,
        "Pretax Income": -1733000.0,
        "Other Income Expense": NaN,
        "Other Non Operating Income Expenses": NaN,
        "Net Non Operating Interest Income Expense": 3000.0,
        "Interest Expense Non Operating": 4000.0,
        "Interest Income Non Operating": 7000.0,
        "Operating Income": -1736000.0,
        "Operating Expense": 1865000.0,
        "Research And Development": 81000.0,
        "Selling General And Administration": 1757000.0,
        "Selling And Marketing Expense": 118000.0,
        "General And Administrative Expense": 1639000.0,
        "Other Gand A": 1171000.0,
        "Insurance And Claims": NaN,
        "Salaries And Wages": 767000.0,
        "Gross Profit": 129000.0,
        "Cost Of Revenue": 166000.0,
        "Total Revenue": 295000.0,
        "Operating Revenue": 295000.0
    },
    "2024-03-31": {
        "Tax Effect Of Unusual Items": 0.0,
        "Tax Rate For Calcs": 0.0,
        "Normalized EBITDA": -1791000.0,
        "Net Income From Continuing Operation Net Minority Interest": -1832000.0,
        "Reconciled Depreciation": 37000.0,
        "Reconciled Cost Of Revenue": 280000.0,
        "EBITDA": -1791000.0,
        "EBIT": -1828000.0,
        "Net Interest Income": 11000.0,
        "Interest Expense": 4000.0,
        "Interest Income": 15000.0,
        "Normalized Income": -1832000.0,
        "Net Income From Continuing And Discontinued Operation": -1832000.0,
        "Total Expenses": 2258000.0,
        "Total Operating Income As Reported": -1843000.0,
        "Diluted Average Shares": 51445.0,
        "Basic Average Shares": 51445.0,
        "Diluted EPS": -36.0,
        "Basic EPS": -36.0,
        "Diluted NI Availto Com Stockholders": -1832000.0,
        "Net Income Common Stockholders": -1832000.0,
        "Net Income": -1832000.0,
        "Net Income Including Noncontrolling Interests": -1832000.0,
        "Net Income Continuous Operations": -1832000.0,
        "Pretax Income": -1832000.0,
        "Other Income Expense": NaN,
        "Other Non Operating Income Expenses": NaN,
        "Net Non Operating Interest Income Expense": 11000.0,
        "Interest Expense Non Operating": 4000.0,
        "Interest Income Non Operating": 15000.0,
        "Operating Income": -1843000.0,
        "Operating Expense": 1978000.0,
        "Research And Development": 370000.0,
        "Selling General And Administration": 1608000.0,
        "Selling And Marketing Expense": 73000.0,
        "General And Administrative Expense": 1535000.0,
        "Other Gand A": 612000.0,
        "Insurance And Claims": 61000.0,
        "Salaries And Wages": 862000.0,
        "Gross Profit": 135000.0,
        "Cost Of Revenue": 280000.0,
        "Total Revenue": 415000.0,
        "Operating Revenue": 415000.0
    },
    "2024-06-30": {
        "Tax Effect Of Unusual Items": 0.0,
        "Tax Rate For Calcs": 0.0,
        "Normalized EBITDA": -1543000.0,
        "Net Income From Continuing Operation Net Minority Interest": -1584000.0,
        "Reconciled Depreciation": 36000.0,
        "Reconciled Cost Of Revenue": 210000.0,
        "EBITDA": -1543000.0,
        "EBIT": -1579000.0,
        "Net Interest Income": 17000.0,
        "Interest Expense": 5000.0,
        "Interest Income": 22000.0,
        "Normalized Income": -1584000.0,
        "Net Income From Continuing And Discontinued Operation": -1584000.0,
        "Total Expenses": 2061000.0,
        "Total Operating Income As Reported": -1602000.0,
        "Diluted Average Shares": 51446.0,
        "Basic Average Shares": 51446.0,
        "Diluted EPS": -30.8,
        "Basic EPS": -30.8,
        "Diluted NI Availto Com Stockholders": -1584000.0,
        "Net Income Common Stockholders": -1584000.0,
        "Net Income": -1584000.0,
        "Net Income Including Noncontrolling Interests": -1584000.0,
        "Net Income Continuous Operations": -1584000.0,
        "Pretax Income": -1584000.0,
        "Other Income Expense": 1000.0,
        "Other Non Operating Income Expenses": 1000.0,
        "Net Non Operating Interest Income Expense": 17000.0,
        "Interest Expense Non Operating": 5000.0,
        "Interest Income Non Operating": 22000.0,
        "Operating Income": -1602000.0,
        "Operating Expense": 1851000.0,
        "Research And Development": 467000.0,
        "Selling General And Administration": 1384000.0,
        "Selling And Marketing Expense": 71000.0,
        "General And Administrative Expense": 1313000.0,
        "Other Gand A": 618000.0,
        "Insurance And Claims": 62000.0,
        "Salaries And Wages": 633000.0,
        "Gross Profit": 249000.0,
        "Cost Of Revenue": 210000.0,
        "Total Revenue": 459000.0,
        "Operating Revenue": 459000.0
    },
    "2024-09-30": {
        "Tax Effect Of Unusual Items": 0.0,
        "Tax Rate For Calcs": 0.0,
        "Normalized EBITDA": -1465000.0,
        "Net Income From Continuing Operation Net Minority Interest": -1513000.0,
        "Reconciled Depreciation": 42000.0,
        "Reconciled Cost Of Revenue": 167000.0,
        "EBITDA": -1465000.0,
        "EBIT": -1507000.0,
        "Net Interest Income": 5000.0,
        "Interest Expense": 6000.0,
        "Interest Income": 11000.0,
        "Normalized Income": -1513000.0,
        "Net Income From Continuing And Discontinued Operation": -1513000.0,
        "Total Expenses": 2029000.0,
        "Total Operating Income As Reported": -1547000.0,
        "Diluted Average Shares": 729400.0,
        "Basic Average Shares": 729400.0,
        "Diluted EPS": -2.07,
        "Basic EPS": -2.07,
        "Diluted NI Availto Com Stockholders": -1513000.0,
        "Net Income Common Stockholders": -1513000.0,
        "Net Income": -1513000.0,
        "Net Income Including Noncontrolling Interests": -1513000.0,
        "Net Income Continuous Operations": -1513000.0,
        "Pretax Income": -1513000.0,
        "Other Income Expense": 29000.0,
        "Other Non Operating Income Expenses": 29000.0,
        "Net Non Operating Interest Income Expense": 5000.0,
        "Interest Expense Non Operating": 6000.0,
        "Interest Income Non Operating": 11000.0,
        "Operating Income": -1547000.0,
        "Operating Expense": 1862000.0,
        "Research And Development": 451000.0,
        "Selling General And Administration": 1411000.0,
        "Selling And Marketing Expense": 80000.0,
        "General And Administrative Expense": 1331000.0,
        "Other Gand A": 624000.0,
        "Insurance And Claims": 59000.0,
        "Salaries And Wages": 648000.0,
        "Gross Profit": 315000.0,
        "Cost Of Revenue": 167000.0,
        "Total Revenue": 482000.0,
        "Operating Revenue": 482000.0
    },
    "2024-12-31": {
        "Tax Effect Of Unusual Items": 0.0,
        "Tax Rate For Calcs": 0.0,
        "Normalized EBITDA": -1207000.0,
        "Net Income From Continuing Operation Net Minority Interest": -1255000.0,
        "Reconciled Depreciation": 41000.0,
        "Reconciled Cost Of Revenue": 196000.0,
        "EBITDA": -1207000.0,
        "EBIT": -1248000.0,
        "Net Interest Income": 1000.0,
        "Interest Expense": 7000.0,
        "Interest Income": 8000.0,
        "Normalized Income": -1255000.0,
        "Net Income From Continuing And Discontinued Operation": -1255000.0,
        "Total Expenses": 1758000.0,
        "Total Operating Income As Reported": -1257000.0,
        "Diluted Average Shares": NaN,
        "Basic Average Shares": NaN,
        "Diluted EPS": NaN,
        "Basic EPS": NaN,
        "Diluted NI Availto Com Stockholders": -1255000.0,
        "Net Income Common Stockholders": -1255000.0,
        "Net Income": -1255000.0,
        "Net Income Including Noncontrolling Interests": -1255000.0,
        "Net Income Continuous Operations": -1255000.0,
        "Pretax Income": -1255000.0,
        "Other Income Expense": 1000.0,
        "Other Non Operating Income Expenses": 1000.0,
        "Net Non Operating Interest Income Expense": 1000.0,
        "Interest Expense Non Operating": 7000.0,
        "Interest Income Non Operating": 8000.0,
        "Operating Income": -1257000.0,
        "Operating Expense": 1562000.0,
        "Research And Development": 424000.0,
        "Selling General And Administration": 1138000.0,
        "Selling And Marketing Expense": 64000.0,
        "General And Administrative Expense": 1074000.0,
        "Other Gand A": 526000.0,
        "Insurance And Claims": 61000.0,
        "Salaries And Wages": 487000.0,
        "Gross Profit": 305000.0,
        "Cost Of Revenue": 196000.0,
        "Total Revenue": 501000.0,
        "Operating Revenue": 501000.0
    }
}