{
    "2023-03-31": {
        "Tax Effect Of Unusual Items": NaN,
        "Tax Rate For Calcs": NaN,
        "Normalized EBITDA": NaN,
        "Total Unusual Items": NaN,
        "Total Unusual Items Excluding Goodwill": NaN,
        "Net Income From Continuing Operation Net Minority Interest": NaN,
        "Reconciled Depreciation": NaN,
        "Reconciled Cost Of Revenue": NaN,
        "EBITDA": NaN,
        "EBIT": NaN,
        "Net Interest Income": NaN,
        "Interest Expense": NaN,
        "Normalized Income": NaN,
        "Net Income From Continuing And Discontinued Operation": NaN,
        "Total Expenses": NaN,
        "Rent Expense Supplemental": NaN,
        "Total Operating Income As Reported": 399400000.0,
        "Diluted Average Shares": NaN,
        "Basic Average Shares": NaN,
        "Diluted EPS": NaN,
        "Basic EPS": NaN,
        "Diluted NI Availto Com Stockholders": NaN,
        "Net Income Common Stockholders": NaN,
        "Otherunder Preferred Stock Dividend": NaN,
        "Net Income": NaN,
        "Net Income Including Noncontrolling Interests": NaN,
        "Net Income Continuous Operations": NaN,
        "Tax Provision": NaN,
        "Pretax Income": NaN,
        "Other Income Expense": NaN,
        "Special Income Charges": NaN,
        "Write Off": NaN,
        "Restructuring And Mergern Acquisition": NaN,
        "Net Non Operating Interest Income Expense": NaN,
        "Interest Expense Non Operating": NaN,
        "Operating Income": NaN,
        "Operating Expense": NaN,
        "Other Operating Expenses": NaN,
        "Other Taxes": NaN,
        "Depreciation Amortization Depletion Income Statement": NaN,
        "Depreciation And Amortization In Income Statement": NaN,
        "Selling General And Administration": NaN,
        "Selling And Marketing Expense": NaN,
        "General And Administrative Expense": NaN,
        "Other Gand A": NaN,
        "Insurance And Claims": NaN,
        "Rent And Landing Fees": NaN,
        "Salaries And Wages": NaN,
        "Gross Profit": NaN,
        "Cost Of Revenue": NaN,
        "Total Revenue": NaN,
        "Operating Revenue": NaN
    },
    "2022-12-31": {
        "Tax Effect Of Unusual Items": 4560000.0,
        "Tax Rate For Calcs": 0.2,
        "Normalized EBITDA": 243200000.0,
        "Total Unusual Items": 22800000.0,
        "Total Unusual Items Excluding Goodwill": 22800000.0,
        "Net Income From Continuing Operation Net Minority Interest": 76600000.0,
        "Reconciled Depreciation": 16100000.0,
        "Reconciled Cost Of Revenue": 12670600000.0,
        "EBITDA": 266000000.0,
        "EBIT": 249900000.0,
        "Net Interest Income": -154300000.0,
        "Interest Expense": 154300000.0,
        "Normalized Income": 58360000.0,
        "Net Income From Continuing And Discontinued Operation": 76600000.0,
        "Total Expenses": 12784500000.0,
        "Rent Expense Supplemental": 8900000.0,
        "Total Operating Income As Reported": NaN,
        "Diluted Average Shares": 30749778.0,
        "Basic Average Shares": 29657724.0,
        "Diluted EPS": 2.41,
        "Basic EPS": 2.5,
        "Diluted NI Availto Com Stockholders": 74200000.0,
        "Net Income Common Stockholders": 74200000.0,
        "Otherunder Preferred Stock Dividend": 2400000.0,
        "Net Income": 76600000.0,
        "Net Income Including Noncontrolling Interests": 76600000.0,
        "Net Income Continuous Operations": 76600000.0,
        "Tax Provision": 19000000.0,
        "Pretax Income": 95600000.0,
        "Other Income Expense": 22800000.0,
        "Special Income Charges": 22800000.0,
        "Write Off": 700000.0,
        "Restructuring And Mergern Acquisition": -23500000.0,
        "Net Non Operating Interest Income Expense": -154300000.0,
        "Interest Expense Non Operating": 154300000.0,
        "Operating Income": 227100000.0,
        "Operating Expense": 110500000.0,
        "Other Operating Expenses": 27300000.0,
        "Other Taxes": 4700000.0,
        "Depreciation Amortization Depletion Income Statement": 12700000.0,
        "Depreciation And Amortization In Income Statement": 12700000.0,
        "Selling General And Administration": 65800000.0,
        "Selling And Marketing Expense": 12900000.0,
        "General And Administrative Expense": 52900000.0,
        "Other Gand A": 18100000.0,
        "Insurance And Claims": 2700000.0,
        "Rent And Landing Fees": 8900000.0,
        "Salaries And Wages": 23200000.0,
        "Gross Profit": 337600000.0,
        "Cost Of Revenue": 12674000000.0,
        "Total Revenue": 13011600000.0,
        "Operating Revenue": 13011600000.0
    },
    "2022-09-30": {
        "Tax Effect Of Unusual Items": NaN,
        "Tax Rate For Calcs": NaN,
        "Normalized EBITDA": NaN,
        "Total Unusual Items": NaN,
        "Total Unusual Items Excluding Goodwill": NaN,
        "Net Income From Continuing Operation Net Minority Interest": NaN,
        "Reconciled Depreciation": NaN,
        "Reconciled Cost Of Revenue": NaN,
        "EBITDA": NaN,
        "EBIT": NaN,
        "Net Interest Income": NaN,
        "Interest Expense": NaN,
        "Normalized Income": NaN,
        "Net Income From Continuing And Discontinued Operation": NaN,
        "Total Expenses": NaN,
        "Rent Expense Supplemental": NaN,
        "Total Operating Income As Reported": 387700000.0,
        "Diluted Average Shares": NaN,
        "Basic Average Shares": NaN,
        "Diluted EPS": NaN,
        "Basic EPS": NaN,
        "Diluted NI Availto Com Stockholders": NaN,
        "Net Income Common Stockholders": NaN,
        "Otherunder Preferred Stock Dividend": NaN,
        "Net Income": NaN,
        "Net Income Including Noncontrolling Interests": NaN,
        "Net Income Continuous Operations": NaN,
        "Tax Provision": NaN,
        "Pretax Income": NaN,
        "Other Income Expense": NaN,
        "Special Income Charges": NaN,
        "Write Off": NaN,
        "Restructuring And Mergern Acquisition": NaN,
        "Net Non Operating Interest Income Expense": NaN,
        "Interest Expense Non Operating": NaN,
        "Operating Income": NaN,
        "Operating Expense": NaN,
        "Other Operating Expenses": NaN,
        "Other Taxes": NaN,
        "Depreciation Amortization Depletion Income Statement": NaN,
        "Depreciation And Amortization In Income Statement": NaN,
        "Selling General And Administration": NaN,
        "Selling And Marketing Expense": NaN,
        "General And Administrative Expense": NaN,
        "Other Gand A": NaN,
        "Insurance And Claims": NaN,
        "Rent And Landing Fees": NaN,
        "Salaries And Wages": NaN,
        "Gross Profit": NaN,
        "Cost Of Revenue": NaN,
        "Total Revenue": NaN,
        "Operating Revenue": NaN
    },
    "2022-06-30": {
        "Tax Effect Of Unusual Items": 0.0,
        "Tax Rate For Calcs": 0.31,
        "Normalized EBITDA": 86900000.0,
        "Total Unusual Items": NaN,
        "Total Unusual Items Excluding Goodwill": NaN,
        "Net Income From Continuing Operation Net Minority Interest": 49100000.0,
        "Reconciled Depreciation": 16000000.0,
        "Reconciled Cost Of Revenue": 18754700000.0,
        "EBITDA": 86900000.0,
        "EBIT": 70900000.0,
        "Net Interest Income": -28100000.0,
        "Interest Expense": 28100000.0,
        "Normalized Income": 49100000.0,
        "Net Income From Continuing And Discontinued Operation": 49100000.0,
        "Total Expenses": 18860000000.0,
        "Rent Expense Supplemental": 9200000.0,
        "Total Operating Income As Reported": 374100000.0,
        "Diluted Average Shares": 20109992.0,
        "Basic Average Shares": 19634450.0,
        "Diluted EPS": 2.37,
        "Basic EPS": 2.42,
        "Diluted NI Availto Com Stockholders": 47600000.0,
        "Net Income Common Stockholders": 47600000.0,
        "Otherunder Preferred Stock Dividend": 1500000.0,
        "Net Income": 49100000.0,
        "Net Income Including Noncontrolling Interests": 49100000.0,
        "Net Income Continuous Operations": 49100000.0,
        "Tax Provision": 21800000.0,
        "Pretax Income": 70900000.0,
        "Other Income Expense": NaN,
        "Special Income Charges": NaN,
        "Write Off": NaN,
        "Restructuring And Mergern Acquisition": NaN,
        "Net Non Operating Interest Income Expense": -28100000.0,
        "Interest Expense Non Operating": 28100000.0,
        "Operating Income": 70900000.0,
        "Operating Expense": 101000000.0,
        "Other Operating Expenses": 33100000.0,
        "Other Taxes": 4600000.0,
        "Provision For Doubtful Accounts": -700000.0,
        "Depreciation Amortization Depletion Income Statement": 11700000.0,
        "Depreciation And Amortization In Income Statement": 11700000.0,
        "Selling General And Administration": 52300000.0,
        "Selling And Marketing Expense": 16000000.0,
        "General And Administrative Expense": 36300000.0,
        "Other Gand A": 21100000.0,
        "Insurance And Claims": 2800000.0,
        "Rent And Landing Fees": 9200000.0,
        "Salaries And Wages": 3200000.0,
        "Gross Profit": 171900000.0,
        "Cost Of Revenue": 18759000000.0,
        "Total Revenue": 18930900000.0,
        "Operating Revenue": 18930900000.0
    },
    "2023-06-30": {
        "Tax Effect Of Unusual Items": NaN,
        "Tax Rate For Calcs": NaN,
        "Normalized EBITDA": NaN,
        "Total Unusual Items": NaN,
        "Total Unusual Items Excluding Goodwill": NaN,
        "Net Income From Continuing Operation Net Minority Interest": NaN,
        "Reconciled Depreciation": NaN,
        "Reconciled Cost Of Revenue": NaN,
        "EBITDA": NaN,
        "EBIT": NaN,
        "Net Interest Income": NaN,
        "Interest Expense": NaN,
        "Normalized Income": NaN,
        "Net Income From Continuing And Discontinued Operation": NaN,
        "Total Expenses": NaN,
        "Rent Expense Supplemental": NaN,
        "Total Operating Income As Reported": 435900000.0,
        "Diluted Average Shares": NaN,
        "Basic Average Shares": NaN,
        "Diluted EPS": NaN,
        "Basic EPS": NaN,
        "Diluted NI Availto Com Stockholders": NaN,
        "Net Income Common Stockholders": NaN,
        "Otherunder Preferred Stock Dividend": NaN,
        "Net Income": NaN,
        "Net Income Including Noncontrolling Interests": NaN,
        "Net Income Continuous Operations": NaN,
        "Tax Provision": NaN,
        "Pretax Income": NaN,
        "Other Income Expense": NaN,
        "Other Non Operating Income Expenses": NaN,
        "Special Income Charges": NaN,
        "Write Off": NaN,
        "Restructuring And Mergern Acquisition": NaN,
        "Net Non Operating Interest Income Expense": NaN,
        "Interest Expense Non Operating": NaN,
        "Operating Income": NaN,
        "Operating Expense": NaN,
        "Other Operating Expenses": NaN,
        "Other Taxes": NaN,
        "Depreciation Amortization Depletion Income Statement": NaN,
        "Depreciation And Amortization In Income Statement": NaN,
        "Selling General And Administration": NaN,
        "Selling And Marketing Expense": NaN,
        "General And Administrative Expense": NaN,
        "Other Gand A": NaN,
        "Insurance And Claims": NaN,
        "Rent And Landing Fees": NaN,
        "Salaries And Wages": NaN,
        "Gross Profit": NaN,
        "Cost Of Revenue": NaN,
        "Total Revenue": NaN,
        "Operating Revenue": NaN
    },
    "2022-03-31": {
        "Diluted EPS": 3.11,
        "Total Revenue": NaN,
        "Gross Profit": 425,
        "Operating Income": 81,
        "EBIT": 126,
        "Net Income": 62
    },
    "2021-12-31": {
        "Diluted EPS": 2.04,
        "Total Revenue": NaN,
        "Gross Profit": 341,
        "Operating Income": 53,
        "EBIT": 98,
        "Net Income": 41
    },
    "2021-09-30": {
        "Diluted EPS": 0.36,
        "Total Revenue": NaN,
        "Gross Profit": 286,
        "Operating Income": 5,
        "EBIT": 50,
        "Net Income": 7
    },
    "2021-06-30": {
        "Diluted EPS": 1.67,
        "Total Revenue": NaN,
        "Gross Profit": 323,
        "Operating Income": 42,
        "EBIT": 83,
        "Net Income": 33
    },
    "2021-03-31": {
        "Diluted EPS": 2.73,
        "Total Revenue": NaN,
        "Gross Profit": 356,
        "Operating Income": 76,
        "EBIT": 113,
        "Net Income": 54
    },
    "2020-12-31": {
        "Diluted EPS": 0.98,
        "Total Revenue": NaN,
        "Gross Profit": 277,
        "Operating Income": 27,
        "EBIT": 63,
        "Net Income": 19
    },
    "2020-09-30": {
        "Diluted EPS": 3.9,
        "Total Revenue": NaN,
        "Gross Profit": 251,
        "Operating Income": -46,
        "EBIT": 29,
        "Net Income": 76
    },
    "2020-06-30": {
        "Diluted EPS": 1.87,
        "Total Revenue": NaN,
        "Gross Profit": 243,
        "Operating Income": 56,
        "EBIT": 81,
        "Net Income": 36
    },
    "2020-03-31": {
        "Diluted EPS": 2.0,
        "Total Revenue": NaN,
        "Gross Profit": 273,
        "Operating Income": 63,
        "EBIT": 102,
        "Net Income": 38
    },
    "2019-12-31": {
        "Diluted EPS": 0.84,
        "Total Revenue": NaN,
        "Gross Profit": 204,
        "Operating Income": 53,
        "EBIT": 64,
        "Net Income": 16
    },
    "2019-09-30": {
        "Diluted EPS": 1.4,
        "Total Revenue": NaN,
        "Gross Profit": 214,
        "Operating Income": -80,
        "EBIT": -73,
        "Net Income": 27
    },
    "2019-06-30": {
        "Diluted EPS": 0.84,
        "Total Revenue": NaN,
        "Gross Profit": 208,
        "Operating Income": 64,
        "EBIT": 70,
        "Net Income": 16
    },
    "2019-03-31": {
        "Diluted EPS": 1.21,
        "Total Revenue": NaN,
        "Gross Profit": 204,
        "Operating Income": 64,
        "EBIT": 72,
        "Net Income": 23
    },
    "2018-12-31": {
        "Diluted EPS": 0.94,
        "Total Revenue": NaN,
        "Gross Profit": 182,
        "Operating Income": 57,
        "EBIT": 61,
        "Net Income": 18
    },
    "2018-09-30": {
        "Diluted EPS": 0.81,
        "Total Revenue": NaN,
        "Gross Profit": 168,
        "Operating Income": -35,
        "EBIT": -30,
        "Net Income": 15
    },
    "2018-06-30": {
        "Diluted EPS": 1.25,
        "Total Revenue": NaN,
        "Gross Profit": 177,
        "Operating Income": 53,
        "EBIT": 58,
        "Net Income": 24
    },
    "2018-03-31": {
        "Diluted EPS": 1.18,
        "Total Revenue": NaN,
        "Gross Profit": 173,
        "Operating Income": 49,
        "EBIT": 55,
        "Net Income": 22
    },
    "2017-12-31": {
        "Diluted EPS": -0.37,
        "Total Revenue": NaN,
        "Gross Profit": 145,
        "Operating Income": 33,
        "EBIT": 36,
        "Net Income": -7
    },
    "2017-09-30": {
        "Diluted EPS": -1.27,
        "Total Revenue": NaN,
        "Gross Profit": 143,
        "Operating Income": -11,
        "EBIT": -6,
        "Net Income": -23
    },
    "2017-06-30": {
        "Diluted EPS": 0.66,
        "Total Revenue": NaN,
        "Gross Profit": 135,
        "Operating Income": 26,
        "EBIT": 31,
        "Net Income": 12
    },
    "2017-03-31": {
        "Diluted EPS": 0.58,
        "Total Revenue": NaN,
        "Gross Profit": 134,
        "Operating Income": 24,
        "EBIT": 29,
        "Net Income": 11
    },
    "2016-12-31": {
        "Diluted EPS": 0.34,
        "Total Revenue": NaN,
        "Gross Profit": 123,
        "Operating Income": 17,
        "EBIT": 22,
        "Net Income": 6
    },
    "2016-09-30": {
        "Diluted EPS": 0.9,
        "Total Revenue": NaN,
        "Gross Profit": 119,
        "Operating Income": 20,
        "EBIT": 28,
        "Net Income": 16
    },
    "2016-06-30": {
        "Diluted EPS": 0.78,
        "Total Revenue": NaN,
        "Gross Profit": 125,
        "Operating Income": 29,
        "EBIT": 29,
        "Net Income": 15
    },
    "2016-03-31": {
        "Diluted EPS": 0.76,
        "Total Revenue": NaN,
        "Gross Profit": 120,
        "Operating Income": 27,
        "EBIT": 31,
        "Net Income": 15
    },
    "2015-12-31": {
        "Diluted EPS": 0.46,
        "Total Revenue": NaN,
        "Gross Profit": 109,
        "Operating Income": 18,
        "EBIT": 21,
        "Net Income": 9
    },
    "2015-09-30": {
        "Diluted EPS": 1.09,
        "Total Revenue": NaN,
        "Gross Profit": 132,
        "Operating Income": 34,
        "EBIT": 37,
        "Net Income": 21
    },
    "2015-06-30": {
        "Diluted EPS": 0.62,
        "Total Revenue": NaN,
        "Gross Profit": 108,
        "Operating Income": 22,
        "EBIT": 25,
        "Net Income": 12
    },
    "2015-03-31": {
        "Diluted EPS": 0.67,
        "Total Revenue": NaN,
        "Gross Profit": 112,
        "Operating Income": 23,
        "EBIT": 26,
        "Net Income": 13
    },
    "2014-12-31": {
        "Diluted EPS": 0.49,
        "Total Revenue": NaN,
        "Gross Profit": 96,
        "Operating Income": 16,
        "EBIT": 19,
        "Net Income": 9
    },
    "2014-09-30": {
        "Diluted EPS": 0.29,
        "Total Revenue": NaN,
        "Gross Profit": 89,
        "Operating Income": 10,
        "EBIT": 14,
        "Net Income": 6
    },
    "2014-06-30": {
        "Diluted EPS": 0.18,
        "Total Revenue": NaN,
        "Gross Profit": 79,
        "Operating Income": 7,
        "EBIT": 10,
        "Net Income": 4
    },
    "2014-03-31": {
        "Diluted EPS": 0.39,
        "Total Revenue": NaN,
        "Gross Profit": 89,
        "Operating Income": 13,
        "EBIT": 16,
        "Net Income": 8
    },
    "2013-12-31": {
        "Diluted EPS": 0.12,
        "Total Revenue": NaN,
        "Gross Profit": 76,
        "Operating Income": 7,
        "EBIT": 10,
        "Net Income": 3
    },
    "2013-09-30": {
        "Diluted EPS": 0.04,
        "Total Revenue": NaN,
        "Gross Profit": 65,
        "Operating Income": -5,
        "EBIT": 1,
        "Net Income": 2
    },
    "2013-06-30": {
        "Diluted EPS": 0.17,
        "Total Revenue": NaN,
        "Gross Profit": 83,
        "Operating Income": 9,
        "EBIT": 13,
        "Net Income": 3
    },
    "2013-03-31": {
        "Diluted EPS": 0.08,
        "Total Revenue": NaN,
        "Gross Profit": 77,
        "Operating Income": 3,
        "EBIT": 8,
        "Net Income": 2
    },
    "2012-12-31": {
        "Diluted EPS": 0.68,
        "Total Revenue": NaN,
        "Gross Profit": 93,
        "Operating Income": 22,
        "EBIT": 26,
        "Net Income": 13
    },
    "2012-09-30": {
        "Diluted EPS": 0.31,
        "Total Revenue": NaN,
        "Gross Profit": 74,
        "Operating Income": 11,
        "EBIT": 15,
        "Net Income": 6
    },
    "2012-06-30": {
        "Diluted EPS": 0.23,
        "Total Revenue": NaN,
        "Gross Profit": 85,
        "Operating Income": 8,
        "EBIT": 12,
        "Net Income": 5
    },
    "2012-03-31": {
        "Diluted EPS": 0.12,
        "Total Revenue": NaN,
        "Gross Profit": 85,
        "Operating Income": 7,
        "EBIT": 11,
        "Net Income": 2
    },
    "2011-12-31": {
        "Diluted EPS": -0.02,
        "Total Revenue": NaN,
        "Gross Profit": 68,
        "Operating Income": 1,
        "EBIT": 4,
        "Net Income": 0
    },
    "2011-09-30": {
        "Diluted EPS": 0.25,
        "Total Revenue": NaN,
        "Gross Profit": 81,
        "Operating Income": 11,
        "EBIT": 15,
        "Net Income": 5
    },
    "2011-06-30": {
        "Diluted EPS": 0.55,
        "Total Revenue": NaN,
        "Gross Profit": 81,
        "Operating Income": 19,
        "EBIT": 21,
        "Net Income": 10
    },
    "2011-03-31": {
        "Diluted EPS": 0.81,
        "Total Revenue": NaN,
        "Gross Profit": 87,
        "Operating Income": 27,
        "EBIT": 28,
        "Net Income": 15
    },
    "2010-12-31": {
        "Diluted EPS": 0.22,
        "Total Revenue": NaN,
        "Gross Profit": 71,
        "Operating Income": 10,
        "EBIT": 11,
        "Net Income": 4
    },
    "2010-09-30": {
        "Diluted EPS": -0.24,
        "Total Revenue": NaN,
        "Gross Profit": 45,
        "Operating Income": -2,
        "EBIT": -2,
        "Net Income": -5
    },
    "2010-06-30": {
        "Diluted EPS": 0.38,
        "Total Revenue": NaN,
        "Gross Profit": 55,
        "Operating Income": 16,
        "EBIT": 16,
        "Net Income": 7
    },
    "2010-03-31": {
        "Diluted EPS": 0.41,
        "Total Revenue": NaN,
        "Gross Profit": 45,
        "Operating Income": 12,
        "EBIT": 12,
        "Net Income": 7
    },
    "2009-12-31": {
        "Diluted EPS": -0.25,
        "Total Revenue": NaN,
        "Gross Profit": 37,
        "Operating Income": 2,
        "EBIT": 2,
        "Net Income": -4
    },
    "2009-09-30": {
        "Diluted EPS": 1.64,
        "Total Revenue": NaN,
        "Gross Profit": 10,
        "Operating Income": -2,
        "EBIT": -2,
        "Net Income": 17
    },
    "2009-06-30": {
        "Diluted EPS": 0.38,
        "Total Revenue": NaN,
        "Gross Profit": 19,
        "Operating Income": 7,
        "EBIT": 7,
        "Net Income": 4
    },
    "2009-03-31": {
        "Diluted EPS": 0.43,
        "Total Revenue": NaN,
        "Gross Profit": 22,
        "Operating Income": 8,
        "EBIT": 8,
        "Net Income": 4
    },
    "2023-09-30": {
        "Tax Effect Of Unusual Items": NaN,
        "Tax Rate For Calcs": NaN,
        "Normalized EBITDA": NaN,
        "Total Unusual Items": NaN,
        "Total Unusual Items Excluding Goodwill": NaN,
        "Net Income From Continuing Operation Net Minority Interest": NaN,
        "Reconciled Depreciation": NaN,
        "Reconciled Cost Of Revenue": NaN,
        "EBITDA": NaN,
        "EBIT": NaN,
        "Net Interest Income": NaN,
        "Interest Expense": NaN,
        "Normalized Income": NaN,
        "Net Income From Continuing And Discontinued Operation": NaN,
        "Total Expenses": NaN,
        "Rent Expense Supplemental": NaN,
        "Total Operating Income As Reported": 403700000.0,
        "Diluted Average Shares": NaN,
        "Basic Average Shares": NaN,
        "Diluted EPS": NaN,
        "Basic EPS": NaN,
        "Diluted NI Availto Com Stockholders": NaN,
        "Net Income Common Stockholders": NaN,
        "Otherunder Preferred Stock Dividend": NaN,
        "Net Income": NaN,
        "Net Income Including Noncontrolling Interests": NaN,
        "Net Income Continuous Operations": NaN,
        "Tax Provision": NaN,
        "Pretax Income": NaN,
        "Other Income Expense": NaN,
        "Other Non Operating Income Expenses": NaN,
        "Special Income Charges": NaN,
        "Write Off": NaN,
        "Restructuring And Mergern Acquisition": NaN,
        "Net Non Operating Interest Income Expense": NaN,
        "Interest Expense Non Operating": NaN,
        "Operating Income": NaN,
        "Operating Expense": NaN,
        "Other Operating Expenses": NaN,
        "Other Taxes": NaN,
        "Depreciation Amortization Depletion Income Statement": NaN,
        "Depreciation And Amortization In Income Statement": NaN,
        "Selling General And Administration": NaN,
        "Selling And Marketing Expense": NaN,
        "General And Administrative Expense": NaN,
        "Other Gand A": NaN,
        "Insurance And Claims": NaN,
        "Rent And Landing Fees": NaN,
        "Salaries And Wages": NaN,
        "Gross Profit": NaN,
        "Cost Of Revenue": NaN,
        "Total Revenue": NaN,
        "Operating Revenue": NaN
    },
    "2023-12-31": {
        "Tax Effect Of Unusual Items": -277951.933124,
        "Tax Rate For Calcs": 0.277952,
        "Normalized EBITDA": 360300000.0,
        "Total Unusual Items": -1000000.0,
        "Total Unusual Items Excluding Goodwill": -1000000.0,
        "Net Income From Continuing Operation Net Minority Interest": 69100000.0,
        "Reconciled Depreciation": 14400000.0,
        "Reconciled Cost Of Revenue": 19092900000.0,
        "EBITDA": 359300000.0,
        "EBIT": 344900000.0,
        "Net Interest Income": -249200000.0,
        "Interest Expense": 249200000.0,
        "Normalized Income": 69822048.066876,
        "Net Income From Continuing And Discontinued Operation": 69100000.0,
        "Total Expenses": 19227100000.0,
        "Rent Expense Supplemental": 7700000.0,
        "Total Operating Income As Reported": NaN,
        "Diluted Average Shares": 31274307.0,
        "Basic Average Shares": 30233107.0,
        "Diluted EPS": 2.13,
        "Basic EPS": 2.2,
        "Diluted NI Availto Com Stockholders": 66700000.0,
        "Net Income Common Stockholders": 66700000.0,
        "Otherunder Preferred Stock Dividend": 2400000.0,
        "Net Income": 69100000.0,
        "Net Income Including Noncontrolling Interests": 69100000.0,
        "Net Income Continuous Operations": 69100000.0,
        "Tax Provision": 26600000.0,
        "Pretax Income": 95700000.0,
        "Other Income Expense": -1000000.0,
        "Other Non Operating Income Expenses": NaN,
        "Special Income Charges": -1000000.0,
        "Write Off": -300000.0,
        "Restructuring And Mergern Acquisition": 1300000.0,
        "Net Non Operating Interest Income Expense": -249200000.0,
        "Interest Expense Non Operating": 249200000.0,
        "Operating Income": 345900000.0,
        "Operating Expense": 131000000.0,
        "Other Operating Expenses": 51800000.0,
        "Other Taxes": 2500000.0,
        "Depreciation Amortization Depletion Income Statement": 11200000.0,
        "Depreciation And Amortization In Income Statement": 11200000.0,
        "Selling General And Administration": 65500000.0,
        "Selling And Marketing Expense": 11700000.0,
        "General And Administrative Expense": 53800000.0,
        "Other Gand A": 17900000.0,
        "Insurance And Claims": 2900000.0,
        "Rent And Landing Fees": 7700000.0,
        "Salaries And Wages": 25300000.0,
        "Gross Profit": 476900000.0,
        "Cost Of Revenue": 19096100000.0,
        "Total Revenue": 19573000000.0,
        "Operating Revenue": 19573000000.0
    },
    "2024-03-31": {
        "Tax Effect Of Unusual Items": 1898000.0,
        "Tax Rate For Calcs": 0.26,
        "Normalized EBITDA": 358600000.0,
        "Total Unusual Items": 7300000.0,
        "Total Unusual Items Excluding Goodwill": 7300000.0,
        "Net Income From Continuing Operation Net Minority Interest": 53100000.0,
        "Reconciled Depreciation": 18200000.0,
        "Reconciled Cost Of Revenue": 21600800000.0,
        "EBITDA": 365900000.0,
        "EBIT": 347700000.0,
        "Net Interest Income": -275400000.0,
        "Interest Expense": 275400000.0,
        "Normalized Income": 47698000.0,
        "Net Income From Continuing And Discontinued Operation": 53100000.0,
        "Total Expenses": 21765700000.0,
        "Rent Expense Supplemental": 13600000.0,
        "Total Operating Income As Reported": NaN,
        "Diluted Average Shares": 31498943.0,
        "Basic Average Shares": 30473856.0,
        "Diluted EPS": 1.63,
        "Basic EPS": 1.68,
        "Diluted NI Availto Com Stockholders": 51200000.0,
        "Net Income Common Stockholders": 51200000.0,
        "Otherunder Preferred Stock Dividend": 1900000.0,
        "Net Income": 53100000.0,
        "Net Income Including Noncontrolling Interests": 53100000.0,
        "Net Income Continuous Operations": 53100000.0,
        "Tax Provision": 19200000.0,
        "Pretax Income": 72300000.0,
        "Other Income Expense": 7300000.0,
        "Other Non Operating Income Expenses": NaN,
        "Special Income Charges": 7300000.0,
        "Write Off": -400000.0,
        "Restructuring And Mergern Acquisition": -6900000.0,
        "Net Non Operating Interest Income Expense": -275400000.0,
        "Interest Expense Non Operating": 275400000.0,
        "Operating Income": 340400000.0,
        "Operating Expense": 159000000.0,
        "Other Operating Expenses": 51400000.0,
        "Other Taxes": 2800000.0,
        "Depreciation Amortization Depletion Income Statement": 12300000.0,
        "Depreciation And Amortization In Income Statement": 12300000.0,
        "Selling General And Administration": 92500000.0,
        "Selling And Marketing Expense": 15600000.0,
        "General And Administrative Expense": 76900000.0,
        "Other Gand A": 21600000.0,
        "Insurance And Claims": 3200000.0,
        "Rent And Landing Fees": 13600000.0,
        "Salaries And Wages": 38500000.0,
        "Gross Profit": 499400000.0,
        "Cost Of Revenue": 21606700000.0,
        "Total Revenue": 22106100000.0,
        "Operating Revenue": 22106100000.0
    },
    "2024-06-30": {
        "Tax Effect Of Unusual Items": -840000.0,
        "Tax Rate For Calcs": 0.3,
        "Normalized EBITDA": 431500000.0,
        "Total Unusual Items": -2800000.0,
        "Total Unusual Items Excluding Goodwill": -2800000.0,
        "Net Income From Continuing Operation Net Minority Interest": 61900000.0,
        "Reconciled Depreciation": 19600000.0,
        "Reconciled Cost Of Revenue": 26490900000.0,
        "EBITDA": 428700000.0,
        "EBIT": 409100000.0,
        "Net Interest Income": -321100000.0,
        "Interest Expense": 321100000.0,
        "Normalized Income": 63860000.0,
        "Net Income From Continuing And Discontinued Operation": 61900000.0,
        "Total Expenses": 26657800000.0,
        "Rent Expense Supplemental": 13500000.0,
        "Total Operating Income As Reported": NaN,
        "Diluted Average Shares": 31743032.0,
        "Basic Average Shares": 30643270.0,
        "Diluted EPS": 1.88,
        "Basic EPS": 1.95,
        "Diluted NI Availto Com Stockholders": 59700000.0,
        "Net Income Common Stockholders": 59700000.0,
        "Otherunder Preferred Stock Dividend": 2200000.0,
        "Net Income": 61900000.0,
        "Net Income Including Noncontrolling Interests": 61900000.0,
        "Net Income Continuous Operations": 61900000.0,
        "Tax Provision": 26100000.0,
        "Pretax Income": 88000000.0,
        "Other Income Expense": -2800000.0,
        "Other Non Operating Income Expenses": NaN,
        "Special Income Charges": -2800000.0,
        "Write Off": 500000.0,
        "Restructuring And Mergern Acquisition": 2300000.0,
        "Net Non Operating Interest Income Expense": -321100000.0,
        "Interest Expense Non Operating": 321100000.0,
        "Operating Income": 411900000.0,
        "Operating Expense": 159600000.0,
        "Other Operating Expenses": 56000000.0,
        "Other Taxes": 2600000.0,
        "Depreciation Amortization Depletion Income Statement": 12300000.0,
        "Depreciation And Amortization In Income Statement": 12300000.0,
        "Selling General And Administration": 88700000.0,
        "Selling And Marketing Expense": 12800000.0,
        "General And Administrative Expense": 75900000.0,
        "Other Gand A": 21900000.0,
        "Insurance And Claims": 2800000.0,
        "Rent And Landing Fees": 13500000.0,
        "Salaries And Wages": 37700000.0,
        "Gross Profit": 571500000.0,
        "Cost Of Revenue": 26498200000.0,
        "Total Revenue": 27069700000.0,
        "Operating Revenue": 27069700000.0
    },
    "2024-09-30": {
        "Tax Effect Of Unusual Items": 1265239.551478,
        "Tax Rate For Calcs": 0.218145,
        "Normalized EBITDA": 452500000.0,
        "Total Unusual Items": 5800000.0,
        "Total Unusual Items Excluding Goodwill": 5800000.0,
        "Net Income From Continuing Operation Net Minority Interest": 76700000.0,
        "Reconciled Depreciation": 22400000.0,
        "Reconciled Cost Of Revenue": 30673400000.0,
        "EBITDA": 458300000.0,
        "EBIT": 435900000.0,
        "Net Interest Income": -337800000.0,
        "Interest Expense": 337800000.0,
        "Normalized Income": 72165239.551478,
        "Net Income From Continuing And Discontinued Operation": 76700000.0,
        "Total Expenses": 30708900000.0,
        "Rent Expense Supplemental": 14200000.0,
        "Total Operating Income As Reported": NaN,
        "Diluted Average Shares": 31999657.0,
        "Basic Average Shares": 30807134.0,
        "Diluted EPS": 2.32,
        "Basic EPS": 2.41,
        "Diluted NI Availto Com Stockholders": 74100000.0,
        "Net Income Common Stockholders": 74100000.0,
        "Otherunder Preferred Stock Dividend": 2600000.0,
        "Net Income": 76700000.0,
        "Net Income Including Noncontrolling Interests": 76700000.0,
        "Net Income Continuous Operations": 76700000.0,
        "Tax Provision": 21400000.0,
        "Pretax Income": 98100000.0,
        "Other Income Expense": 5800000.0,
        "Other Non Operating Income Expenses": NaN,
        "Special Income Charges": 5800000.0,
        "Write Off": 800000.0,
        "Restructuring And Mergern Acquisition": -6600000.0,
        "Net Non Operating Interest Income Expense": -337800000.0,
        "Interest Expense Non Operating": 337800000.0,
        "Operating Income": 430100000.0,
        "Operating Expense": 30400000.0,
        "Other Operating Expenses": 52800000.0,
        "Other Taxes": 4900000.0,
        "Depreciation Amortization Depletion Income Statement": 17300000.0,
        "Depreciation And Amortization In Income Statement": 17300000.0,
        "Selling General And Administration": -44600000.0,
        "Selling And Marketing Expense": 12500000.0,
        "General And Administrative Expense": -57100000.0,
        "Other Gand A": 16800000.0,
        "Insurance And Claims": 2900000.0,
        "Rent And Landing Fees": 14200000.0,
        "Salaries And Wages": -91000000.0,
        "Gross Profit": 460500000.0,
        "Cost Of Revenue": 30678500000.0,
        "Total Revenue": 31139000000.0,
        "Operating Revenue": 31139000000.0
    },
    "2024-12-31": {
        "Tax Effect Of Unusual Items": -1904191.616766,
        "Tax Rate For Calcs": 0.272027,
        "Normalized EBITDA": 468700000.0,
        "Total Unusual Items": -7000000.0,
        "Total Unusual Items Excluding Goodwill": -7000000.0,
        "Net Income From Continuing Operation Net Minority Interest": 85100000.0,
        "Reconciled Depreciation": 23400000.0,
        "Reconciled Cost Of Revenue": 27326800000.0,
        "EBITDA": 461700000.0,
        "EBIT": 438300000.0,
        "Net Interest Income": -321400000.0,
        "Interest Expense": 321400000.0,
        "Normalized Income": 90195808.383234,
        "Net Income From Continuing And Discontinued Operation": 85100000.0,
        "Total Expenses": 27495700000.0,
        "Rent Expense Supplemental": 13000000.0,
        "Total Operating Income As Reported": NaN,
        "Diluted Average Shares": 32444772.0,
        "Basic Average Shares": 30976042.0,
        "Diluted EPS": 2.54,
        "Basic EPS": 2.66,
        "Diluted NI Availto Com Stockholders": 82400000.0,
        "Net Income Common Stockholders": 82400000.0,
        "Otherunder Preferred Stock Dividend": 2700000.0,
        "Net Income": 85100000.0,
        "Net Income Including Noncontrolling Interests": 85100000.0,
        "Net Income Continuous Operations": 85100000.0,
        "Tax Provision": 31800000.0,
        "Pretax Income": 116900000.0,
        "Other Income Expense": -1300000.0,
        "Other Non Operating Income Expenses": 5700000.0,
        "Special Income Charges": -7000000.0,
        "Write Off": 1800000.0,
        "Restructuring And Mergern Acquisition": 5200000.0,
        "Net Non Operating Interest Income Expense": -321400000.0,
        "Interest Expense Non Operating": 321400000.0,
        "Operating Income": 439600000.0,
        "Operating Expense": 161200000.0,
        "Other Operating Expenses": 56000000.0,
        "Other Taxes": 2800000.0,
        "Depreciation Amortization Depletion Income Statement": 15700000.0,
        "Depreciation And Amortization In Income Statement": 15700000.0,
        "Selling General And Administration": 86700000.0,
        "Selling And Marketing Expense": 12000000.0,
        "General And Administrative Expense": 74700000.0,
        "Other Gand A": 21100000.0,
        "Insurance And Claims": 3600000.0,
        "Rent And Landing Fees": 13000000.0,
        "Salaries And Wages": 37000000.0,
        "Gross Profit": 600800000.0,
        "Cost Of Revenue": 27334500000.0,
        "Total Revenue": 27935300000.0,
        "Operating Revenue": 27935300000.0
    }
}