{
    "2023-03-31": {
        "Tax Effect Of Unusual Items": NaN,
        "Tax Rate For Calcs": NaN,
        "Normalized EBITDA": NaN,
        "Total Unusual Items": 0.0,
        "Total Unusual Items Excluding Goodwill": 0.0,
        "Net Income From Continuing Operation Net Minority Interest": NaN,
        "Reconciled Depreciation": NaN,
        "Reconciled Cost Of Revenue": NaN,
        "EBITDA": NaN,
        "EBIT": NaN,
        "Net Interest Income": 12000.0,
        "Normalized Income": NaN,
        "Net Income From Continuing And Discontinued Operation": NaN,
        "Total Expenses": NaN,
        "Total Operating Income As Reported": NaN,
        "Diluted Average Shares": NaN,
        "Basic Average Shares": NaN,
        "Diluted EPS": NaN,
        "Basic EPS": NaN,
        "Diluted NI Availto Com Stockholders": NaN,
        "Net Income Common Stockholders": NaN,
        "Net Income": NaN,
        "Net Income Including Noncontrolling Interests": NaN,
        "Net Income Continuous Operations": NaN,
        "Tax Provision": NaN,
        "Pretax Income": NaN,
        "Other Income Expense": NaN,
        "Other Non Operating Income Expenses": NaN,
        "Special Income Charges": 0.0,
        "Gain On Sale Of Ppe": 0.0,
        "Net Non Operating Interest Income Expense": 12000.0,
        "Total Other Finance Cost": -12000.0,
        "Operating Income": NaN,
        "Operating Expense": NaN,
        "Research And Development": NaN,
        "Selling General And Administration": NaN,
        "Gross Profit": NaN,
        "Cost Of Revenue": NaN,
        "Total Revenue": NaN,
        "Operating Revenue": NaN
    },
    "2022-12-31": {
        "Tax Effect Of Unusual Items": NaN,
        "Tax Rate For Calcs": NaN,
        "Normalized EBITDA": NaN,
        "Total Unusual Items": 1000.0,
        "Total Unusual Items Excluding Goodwill": 1000.0,
        "Net Income From Continuing Operation Net Minority Interest": NaN,
        "Reconciled Depreciation": NaN,
        "Reconciled Cost Of Revenue": NaN,
        "EBITDA": NaN,
        "EBIT": NaN,
        "Net Interest Income": 1000.0,
        "Normalized Income": NaN,
        "Net Income From Continuing And Discontinued Operation": NaN,
        "Total Expenses": NaN,
        "Total Operating Income As Reported": NaN,
        "Diluted Average Shares": 3107000.0,
        "Basic Average Shares": 3107000.0,
        "Diluted EPS": -0.62,
        "Basic EPS": -0.62,
        "Diluted NI Availto Com Stockholders": NaN,
        "Net Income Common Stockholders": NaN,
        "Net Income": NaN,
        "Net Income Including Noncontrolling Interests": NaN,
        "Net Income Continuous Operations": NaN,
        "Tax Provision": NaN,
        "Pretax Income": NaN,
        "Other Income Expense": NaN,
        "Other Non Operating Income Expenses": NaN,
        "Special Income Charges": 1000.0,
        "Gain On Sale Of Ppe": 1000.0,
        "Net Non Operating Interest Income Expense": 1000.0,
        "Total Other Finance Cost": -1000.0,
        "Operating Income": NaN,
        "Operating Expense": NaN,
        "Research And Development": NaN,
        "Selling General And Administration": NaN,
        "Gross Profit": NaN,
        "Cost Of Revenue": NaN,
        "Total Revenue": NaN,
        "Operating Revenue": NaN
    },
    "2022-09-30": {
        "Tax Effect Of Unusual Items": NaN,
        "Tax Rate For Calcs": NaN,
        "Normalized EBITDA": NaN,
        "Total Unusual Items": 0.0,
        "Total Unusual Items Excluding Goodwill": 0.0,
        "Net Income From Continuing Operation Net Minority Interest": NaN,
        "Reconciled Depreciation": NaN,
        "Reconciled Cost Of Revenue": NaN,
        "EBITDA": NaN,
        "EBIT": NaN,
        "Net Interest Income": 3000.0,
        "Normalized Income": NaN,
        "Net Income From Continuing And Discontinued Operation": NaN,
        "Total Expenses": NaN,
        "Total Operating Income As Reported": NaN,
        "Diluted Average Shares": 3101000.0,
        "Basic Average Shares": 3101000.0,
        "Diluted EPS": -0.33,
        "Basic EPS": -0.33,
        "Diluted NI Availto Com Stockholders": NaN,
        "Net Income Common Stockholders": NaN,
        "Net Income": NaN,
        "Net Income Including Noncontrolling Interests": NaN,
        "Net Income Continuous Operations": NaN,
        "Tax Provision": NaN,
        "Pretax Income": NaN,
        "Other Income Expense": NaN,
        "Other Non Operating Income Expenses": NaN,
        "Special Income Charges": 0.0,
        "Gain On Sale Of Ppe": 0.0,
        "Net Non Operating Interest Income Expense": 3000.0,
        "Total Other Finance Cost": -3000.0,
        "Operating Income": NaN,
        "Operating Expense": NaN,
        "Research And Development": NaN,
        "Selling General And Administration": NaN,
        "Gross Profit": NaN,
        "Cost Of Revenue": NaN,
        "Total Revenue": NaN,
        "Operating Revenue": NaN
    },
    "2022-06-30": {
        "Tax Effect Of Unusual Items": 0.0,
        "Tax Rate For Calcs": 0.0408,
        "Normalized EBITDA": -824000.0,
        "Total Unusual Items": NaN,
        "Total Unusual Items Excluding Goodwill": NaN,
        "Net Income From Continuing Operation Net Minority Interest": -887000.0,
        "Reconciled Depreciation": 31000.0,
        "Reconciled Cost Of Revenue": 2537000.0,
        "EBITDA": -824000.0,
        "EBIT": -855000.0,
        "Net Interest Income": 0.0,
        "Normalized Income": -887000.0,
        "Net Income From Continuing And Discontinued Operation": -887000.0,
        "Total Expenses": 4838000.0,
        "Total Operating Income As Reported": -855000.0,
        "Diluted Average Shares": 3101000.0,
        "Basic Average Shares": 3101000.0,
        "Diluted EPS": -0.29,
        "Basic EPS": -0.29,
        "Diluted NI Availto Com Stockholders": -887000.0,
        "Net Income Common Stockholders": -887000.0,
        "Net Income": -887000.0,
        "Net Income Including Noncontrolling Interests": -887000.0,
        "Net Income Continuous Operations": -887000.0,
        "Tax Provision": -35000.0,
        "Pretax Income": -922000.0,
        "Other Income Expense": -67000.0,
        "Other Non Operating Income Expenses": -67000.0,
        "Special Income Charges": NaN,
        "Gain On Sale Of Ppe": NaN,
        "Net Non Operating Interest Income Expense": 0.0,
        "Total Other Finance Cost": NaN,
        "Operating Income": -855000.0,
        "Operating Expense": 2301000.0,
        "Research And Development": 6000.0,
        "Selling General And Administration": 2295000.0,
        "Gross Profit": 1446000.0,
        "Cost Of Revenue": 2537000.0,
        "Total Revenue": 3983000.0,
        "Operating Revenue": 3983000.0
    },
    "2022-03-31": {
        "Diluted EPS": -1.05,
        "Total Revenue": 2,
        "Gross Profit": 0,
        "Operating Income": -3,
        "EBIT": -3,
        "Net Income": -3
    },
    "2021-12-31": {
        "Diluted EPS": -0.31,
        "Total Revenue": 3,
        "Gross Profit": 1,
        "Operating Income": -1,
        "EBIT": -1,
        "Net Income": -1
    },
    "2021-09-30": {
        "Diluted EPS": -0.04,
        "Total Revenue": 4,
        "Gross Profit": 1,
        "Operating Income": -1,
        "EBIT": -1,
        "Net Income": 0
    },
    "2021-06-30": {
        "Diluted EPS": -0.52,
        "Total Revenue": 4,
        "Gross Profit": 1,
        "Operating Income": -1,
        "EBIT": -1,
        "Net Income": -1
    },
    "2021-03-31": {
        "Diluted EPS": -1.84,
        "Total Revenue": 2,
        "Gross Profit": 0,
        "Operating Income": -3,
        "EBIT": -3,
        "Net Income": -4
    },
    "2020-12-31": {
        "Diluted EPS": -0.32,
        "Total Revenue": 5,
        "Gross Profit": 2,
        "Operating Income": 0,
        "EBIT": 0,
        "Net Income": -1
    },
    "2020-09-30": {
        "Diluted EPS": 0.06,
        "Total Revenue": 6,
        "Gross Profit": 3,
        "Operating Income": 0,
        "EBIT": 0,
        "Net Income": 0
    },
    "2020-06-30": {
        "Diluted EPS": 0.13,
        "Total Revenue": 6,
        "Gross Profit": 2,
        "Operating Income": -1,
        "EBIT": -1,
        "Net Income": 0
    },
    "2020-03-31": {
        "Diluted EPS": -1.14,
        "Total Revenue": 4,
        "Gross Profit": 2,
        "Operating Income": -3,
        "EBIT": -3,
        "Net Income": -2
    },
    "2019-12-31": {
        "Diluted EPS": -0.72,
        "Total Revenue": 4,
        "Gross Profit": 2,
        "Operating Income": -1,
        "EBIT": -1,
        "Net Income": -1
    },
    "2019-09-30": {
        "Diluted EPS": -0.92,
        "Total Revenue": 5,
        "Gross Profit": 2,
        "Operating Income": -1,
        "EBIT": -1,
        "Net Income": -1
    },
    "2019-06-30": {
        "Diluted EPS": 0.54,
        "Total Revenue": 4,
        "Gross Profit": 2,
        "Operating Income": -2,
        "EBIT": -2,
        "Net Income": 1
    },
    "2019-03-31": {
        "Diluted EPS": -1.48,
        "Total Revenue": 4,
        "Gross Profit": 2,
        "Operating Income": -3,
        "EBIT": -3,
        "Net Income": -3
    },
    "2018-12-31": {
        "Diluted EPS": -2.37,
        "Total Revenue": 5,
        "Gross Profit": 3,
        "Operating Income": -2,
        "EBIT": -2,
        "Net Income": -2
    },
    "2018-09-30": {
        "Diluted EPS": -3.93,
        "Total Revenue": 5,
        "Gross Profit": 2,
        "Operating Income": -3,
        "EBIT": -3,
        "Net Income": -3
    },
    "2018-06-30": {
        "Diluted EPS": -4.99,
        "Total Revenue": 4,
        "Gross Profit": 2,
        "Operating Income": -4,
        "EBIT": -3,
        "Net Income": -3
    },
    "2018-03-31": {
        "Diluted EPS": -8.51,
        "Total Revenue": 4,
        "Gross Profit": 1,
        "Operating Income": -5,
        "EBIT": -5,
        "Net Income": -5
    },
    "2017-12-31": {
        "Diluted EPS": -6.57,
        "Total Revenue": 5,
        "Gross Profit": 2,
        "Operating Income": -3,
        "EBIT": -3,
        "Net Income": -3
    },
    "2017-09-30": {
        "Diluted EPS": -6.03,
        "Total Revenue": 4,
        "Gross Profit": 2,
        "Operating Income": -3,
        "EBIT": -3,
        "Net Income": -3
    },
    "2017-06-30": {
        "Diluted EPS": -7.38,
        "Total Revenue": 4,
        "Gross Profit": 2,
        "Operating Income": -3,
        "EBIT": -3,
        "Net Income": -4
    },
    "2017-03-31": {
        "Diluted EPS": -5.13,
        "Total Revenue": 4,
        "Gross Profit": 2,
        "Operating Income": -3,
        "EBIT": -3,
        "Net Income": -2
    },
    "2016-12-31": {
        "Diluted EPS": 34.56,
        "Total Revenue": 3,
        "Gross Profit": 2,
        "Operating Income": -4,
        "EBIT": -4,
        "Net Income": 16
    },
    "2016-09-30": {
        "Diluted EPS": -4.14,
        "Total Revenue": 3,
        "Gross Profit": 1,
        "Operating Income": -3,
        "EBIT": -3,
        "Net Income": -2
    },
    "2016-06-30": {
        "Diluted EPS": -5.49,
        "Total Revenue": 3,
        "Gross Profit": 1,
        "Operating Income": -4,
        "EBIT": -3,
        "Net Income": -3
    },
    "2016-03-31": {
        "Diluted EPS": -7.38,
        "Total Revenue": -1,
        "Gross Profit": -2,
        "Operating Income": -6,
        "EBIT": -6,
        "Net Income": -3
    },
    "2015-12-31": {
        "Diluted EPS": -8.64,
        "Total Revenue": 2,
        "Gross Profit": 0,
        "Operating Income": -4,
        "EBIT": -4,
        "Net Income": -3
    },
    "2015-09-30": {
        "Diluted EPS": -4.86,
        "Total Revenue": 4,
        "Gross Profit": 2,
        "Operating Income": -2,
        "EBIT": -2,
        "Net Income": -2
    },
    "2015-06-30": {
        "Diluted EPS": -6.93,
        "Total Revenue": 4,
        "Gross Profit": 2,
        "Operating Income": -2,
        "EBIT": -2,
        "Net Income": -2
    },
    "2015-03-31": {
        "Diluted EPS": -3.15,
        "Total Revenue": 4,
        "Gross Profit": 2,
        "Operating Income": -2,
        "EBIT": -2,
        "Net Income": -2
    },
    "2014-12-31": {
        "Diluted EPS": -31.05,
        "Total Revenue": 3,
        "Gross Profit": 2,
        "Operating Income": -2,
        "EBIT": -2,
        "Net Income": -6
    },
    "2014-09-30": {
        "Diluted EPS": -3.6,
        "Total Revenue": 3,
        "Gross Profit": 2,
        "Operating Income": -2,
        "EBIT": -2,
        "Net Income": -1
    },
    "2014-06-30": {
        "Diluted EPS": -0.45,
        "Total Revenue": 3,
        "Gross Profit": 2,
        "Operating Income": -2,
        "EBIT": -1,
        "Net Income": 0
    },
    "2014-03-31": {
        "Diluted EPS": 49.51,
        "Total Revenue": 3,
        "Gross Profit": 1,
        "Operating Income": -2,
        "EBIT": -2,
        "Net Income": 7
    },
    "2013-12-31": {
        "Diluted EPS": -4.05,
        "Total Revenue": 3,
        "Gross Profit": 2,
        "Operating Income": -2,
        "EBIT": -1,
        "Net Income": -1
    },
    "2013-09-30": {
        "Diluted EPS": -9.45,
        "Total Revenue": 4,
        "Gross Profit": 3,
        "Operating Income": -1,
        "EBIT": -1,
        "Net Income": -1
    },
    "2013-06-30": {
        "Diluted EPS": -11.7,
        "Total Revenue": 3,
        "Gross Profit": 2,
        "Operating Income": -1,
        "EBIT": -1,
        "Net Income": -2
    },
    "2013-03-31": {
        "Diluted EPS": -20.7,
        "Total Revenue": 3,
        "Gross Profit": 2,
        "Operating Income": -1,
        "EBIT": -1,
        "Net Income": -2
    },
    "2012-12-31": {
        "Diluted EPS": -16.65,
        "Total Revenue": 4,
        "Gross Profit": 2,
        "Operating Income": -1,
        "EBIT": -1,
        "Net Income": -2
    },
    "2012-09-30": {
        "Diluted EPS": -14.85,
        "Total Revenue": 5,
        "Gross Profit": 3,
        "Operating Income": -1,
        "EBIT": -1,
        "Net Income": -2
    },
    "2012-06-30": {
        "Diluted EPS": -6.3,
        "Total Revenue": 4,
        "Gross Profit": 3,
        "Operating Income": 0,
        "EBIT": 0,
        "Net Income": -1
    },
    "2012-03-31": {
        "Diluted EPS": -21.17,
        "Total Revenue": 3,
        "Gross Profit": 2,
        "Operating Income": -1,
        "EBIT": -1,
        "Net Income": -2
    },
    "2011-12-31": {
        "Diluted EPS": -28.34,
        "Total Revenue": 3,
        "Gross Profit": 2,
        "Operating Income": -2,
        "EBIT": -2,
        "Net Income": -3
    },
    "2011-09-30": {
        "Diluted EPS": -9.45,
        "Total Revenue": 4,
        "Gross Profit": 3,
        "Operating Income": -1,
        "EBIT": -1,
        "Net Income": -1
    },
    "2011-06-30": {
        "Diluted EPS": -25.2,
        "Total Revenue": 3,
        "Gross Profit": 2,
        "Operating Income": -2,
        "EBIT": -2,
        "Net Income": -2
    },
    "2011-03-31": {
        "Diluted EPS": -22.05,
        "Total Revenue": 3,
        "Gross Profit": 2,
        "Operating Income": -1,
        "EBIT": -1,
        "Net Income": -2
    },
    "2010-12-31": {
        "Diluted EPS": -25.2,
        "Total Revenue": 2,
        "Gross Profit": 1,
        "Operating Income": -2,
        "EBIT": -2,
        "Net Income": -2
    },
    "2010-09-30": {
        "Diluted EPS": -18.9,
        "Total Revenue": 2,
        "Gross Profit": 2,
        "Operating Income": -2,
        "EBIT": -2,
        "Net Income": -2
    },
    "2010-06-30": {
        "Diluted EPS": -28.34,
        "Total Revenue": 2,
        "Gross Profit": 1,
        "Operating Income": -2,
        "EBIT": -2,
        "Net Income": -2
    },
    "2010-03-31": {
        "Diluted EPS": -15.75,
        "Total Revenue": 2,
        "Gross Profit": 1,
        "Operating Income": -1,
        "EBIT": -1,
        "Net Income": -1
    },
    "2009-12-31": {
        "Diluted EPS": -15.75,
        "Total Revenue": 2,
        "Gross Profit": 1,
        "Operating Income": -2,
        "EBIT": -2,
        "Net Income": -1
    },
    "2009-09-30": {
        "Diluted EPS": -25.2,
        "Total Revenue": 2,
        "Gross Profit": 1,
        "Operating Income": -2,
        "EBIT": -2,
        "Net Income": -2
    },
    "2009-06-30": {
        "Diluted EPS": -56.69,
        "Total Revenue": 2,
        "Gross Profit": 1,
        "Operating Income": -2,
        "EBIT": -2,
        "Net Income": -4
    },
    "2009-03-31": {
        "Diluted EPS": -37.79,
        "Total Revenue": 1,
        "Gross Profit": 1,
        "Operating Income": -2,
        "EBIT": -2,
        "Net Income": -2
    },
    "2023-06-30": {
        "Tax Effect Of Unusual Items": NaN,
        "Tax Rate For Calcs": NaN,
        "Normalized EBITDA": NaN,
        "Net Income From Continuing Operation Net Minority Interest": NaN,
        "Reconciled Depreciation": NaN,
        "Reconciled Cost Of Revenue": NaN,
        "EBITDA": NaN,
        "EBIT": NaN,
        "Normalized Income": NaN,
        "Net Income From Continuing And Discontinued Operation": NaN,
        "Total Expenses": NaN,
        "Total Operating Income As Reported": NaN,
        "Diluted Average Shares": 246800.0,
        "Basic Average Shares": 246800.0,
        "Diluted EPS": -5.8,
        "Basic EPS": -5.8,
        "Diluted NI Availto Com Stockholders": NaN,
        "Net Income Common Stockholders": NaN,
        "Net Income": NaN,
        "Net Income Including Noncontrolling Interests": NaN,
        "Net Income Continuous Operations": NaN,
        "Tax Provision": NaN,
        "Pretax Income": NaN,
        "Other Income Expense": NaN,
        "Other Non Operating Income Expenses": NaN,
        "Operating Income": NaN,
        "Operating Expense": NaN,
        "Research And Development": NaN,
        "Selling General And Administration": NaN,
        "Gross Profit": NaN,
        "Cost Of Revenue": NaN,
        "Total Revenue": NaN,
        "Operating Revenue": NaN
    },
    "2023-09-30": {
        "Tax Effect Of Unusual Items": NaN,
        "Tax Rate For Calcs": NaN,
        "Normalized EBITDA": NaN,
        "Net Income From Continuing Operation Net Minority Interest": NaN,
        "Reconciled Depreciation": NaN,
        "Reconciled Cost Of Revenue": NaN,
        "EBITDA": NaN,
        "EBIT": NaN,
        "Normalized Income": NaN,
        "Net Income From Continuing And Discontinued Operation": NaN,
        "Total Expenses": NaN,
        "Total Operating Income As Reported": NaN,
        "Diluted Average Shares": 258000.0,
        "Basic Average Shares": 258000.0,
        "Diluted EPS": -5.75,
        "Basic EPS": -5.75,
        "Diluted NI Availto Com Stockholders": NaN,
        "Net Income Common Stockholders": NaN,
        "Net Income": NaN,
        "Net Income Including Noncontrolling Interests": NaN,
        "Net Income Continuous Operations": NaN,
        "Tax Provision": NaN,
        "Pretax Income": NaN,
        "Other Income Expense": NaN,
        "Other Non Operating Income Expenses": NaN,
        "Operating Income": NaN,
        "Operating Expense": NaN,
        "Research And Development": NaN,
        "Selling General And Administration": NaN,
        "Gross Profit": NaN,
        "Cost Of Revenue": NaN,
        "Total Revenue": NaN,
        "Operating Revenue": NaN
    },
    "2023-12-31": {
        "Tax Effect Of Unusual Items": NaN,
        "Tax Rate For Calcs": NaN,
        "Normalized EBITDA": NaN,
        "Net Income From Continuing Operation Net Minority Interest": NaN,
        "Reconciled Depreciation": NaN,
        "Reconciled Cost Of Revenue": NaN,
        "EBITDA": NaN,
        "EBIT": NaN,
        "Normalized Income": NaN,
        "Net Income From Continuing And Discontinued Operation": NaN,
        "Total Expenses": NaN,
        "Total Operating Income As Reported": NaN,
        "Diluted Average Shares": 546000.0,
        "Basic Average Shares": 546000.0,
        "Diluted EPS": -1.59,
        "Basic EPS": -1.59,
        "Diluted NI Availto Com Stockholders": NaN,
        "Net Income Common Stockholders": NaN,
        "Net Income": NaN,
        "Net Income Including Noncontrolling Interests": NaN,
        "Net Income Continuous Operations": NaN,
        "Tax Provision": NaN,
        "Pretax Income": NaN,
        "Other Income Expense": NaN,
        "Other Non Operating Income Expenses": NaN,
        "Operating Income": NaN,
        "Operating Expense": NaN,
        "Research And Development": NaN,
        "Selling General And Administration": NaN,
        "Gross Profit": NaN,
        "Cost Of Revenue": NaN,
        "Total Revenue": NaN,
        "Operating Revenue": NaN
    },
    "2024-03-31": {
        "Tax Effect Of Unusual Items": 0.0,
        "Tax Rate For Calcs": 0.214864,
        "Normalized EBITDA": -1368000.0,
        "Net Income From Continuing Operation Net Minority Interest": -1067000.0,
        "Reconciled Depreciation": 41000.0,
        "Reconciled Cost Of Revenue": 2348000.0,
        "EBITDA": -1368000.0,
        "EBIT": -1409000.0,
        "Normalized Income": -1067000.0,
        "Net Income From Continuing And Discontinued Operation": -1067000.0,
        "Total Expenses": 4848000.0,
        "Total Operating Income As Reported": -1409000.0,
        "Diluted Average Shares": NaN,
        "Basic Average Shares": NaN,
        "Diluted EPS": NaN,
        "Basic EPS": NaN,
        "Diluted NI Availto Com Stockholders": -1067000.0,
        "Net Income Common Stockholders": -1067000.0,
        "Net Income": -1067000.0,
        "Net Income Including Noncontrolling Interests": -1067000.0,
        "Net Income Continuous Operations": -1067000.0,
        "Tax Provision": -292000.0,
        "Pretax Income": -1359000.0,
        "Other Income Expense": 50000.0,
        "Other Non Operating Income Expenses": 50000.0,
        "Operating Income": -1409000.0,
        "Operating Expense": 2500000.0,
        "Research And Development": 409000.0,
        "Selling General And Administration": 2091000.0,
        "Gross Profit": 1091000.0,
        "Cost Of Revenue": 2348000.0,
        "Total Revenue": 3439000.0,
        "Operating Revenue": 3439000.0
    },
    "2024-06-30": {
        "Tax Effect Of Unusual Items": NaN,
        "Tax Rate For Calcs": NaN,
        "Normalized EBITDA": NaN,
        "Net Income From Continuing Operation Net Minority Interest": NaN,
        "Reconciled Depreciation": NaN,
        "Reconciled Cost Of Revenue": NaN,
        "EBITDA": NaN,
        "EBIT": NaN,
        "Normalized Income": NaN,
        "Net Income From Continuing And Discontinued Operation": NaN,
        "Total Expenses": NaN,
        "Total Operating Income As Reported": NaN,
        "Diluted Average Shares": 851000.0,
        "Basic Average Shares": 851000.0,
        "Diluted EPS": -1.34,
        "Basic EPS": -1.34,
        "Diluted NI Availto Com Stockholders": NaN,
        "Net Income Common Stockholders": NaN,
        "Net Income": NaN,
        "Net Income Including Noncontrolling Interests": NaN,
        "Net Income Continuous Operations": NaN,
        "Tax Provision": NaN,
        "Pretax Income": NaN,
        "Other Income Expense": NaN,
        "Other Non Operating Income Expenses": NaN,
        "Operating Income": NaN,
        "Operating Expense": NaN,
        "Research And Development": NaN,
        "Selling General And Administration": NaN,
        "Gross Profit": NaN,
        "Cost Of Revenue": NaN,
        "Total Revenue": NaN,
        "Operating Revenue": NaN
    },
    "2024-09-30": {
        "Tax Effect Of Unusual Items": 0.0,
        "Tax Rate For Calcs": 0.21,
        "Normalized EBITDA": -815000.0,
        "Net Income From Continuing Operation Net Minority Interest": -610000.0,
        "Reconciled Depreciation": 35000.0,
        "Reconciled Cost Of Revenue": 2218000.0,
        "EBITDA": -815000.0,
        "EBIT": -850000.0,
        "Normalized Income": -610000.0,
        "Net Income From Continuing And Discontinued Operation": -610000.0,
        "Total Expenses": 4429000.0,
        "Total Operating Income As Reported": -850000.0,
        "Diluted Average Shares": 1034000.0,
        "Basic Average Shares": 1034000.0,
        "Diluted EPS": -0.59,
        "Basic EPS": -0.59,
        "Diluted NI Availto Com Stockholders": -610000.0,
        "Net Income Common Stockholders": -610000.0,
        "Net Income": -610000.0,
        "Net Income Including Noncontrolling Interests": -610000.0,
        "Net Income Continuous Operations": -610000.0,
        "Tax Provision": 147000.0,
        "Pretax Income": -463000.0,
        "Other Income Expense": 387000.0,
        "Other Non Operating Income Expenses": 387000.0,
        "Operating Income": -850000.0,
        "Operating Expense": 2211000.0,
        "Research And Development": 506000.0,
        "Selling General And Administration": 1705000.0,
        "Gross Profit": 1361000.0,
        "Cost Of Revenue": 2218000.0,
        "Total Revenue": 3579000.0,
        "Operating Revenue": 3579000.0
    },
    "2024-12-31": {
        "Tax Effect Of Unusual Items": 0.0,
        "Tax Rate For Calcs": 0.21,
        "Normalized EBITDA": -998000.0,
        "Net Income From Continuing Operation Net Minority Interest": -928000.0,
        "Reconciled Depreciation": 33000.0,
        "Reconciled Cost Of Revenue": 2294000.0,
        "EBITDA": -998000.0,
        "EBIT": -1031000.0,
        "Normalized Income": -928000.0,
        "Net Income From Continuing And Discontinued Operation": -928000.0,
        "Total Expenses": 4595000.0,
        "Total Operating Income As Reported": -1031000.0,
        "Diluted Average Shares": 1464000.0,
        "Basic Average Shares": 1464000.0,
        "Diluted EPS": -0.63,
        "Basic EPS": -0.63,
        "Diluted NI Availto Com Stockholders": -928000.0,
        "Net Income Common Stockholders": -928000.0,
        "Net Income": -928000.0,
        "Net Income Including Noncontrolling Interests": -928000.0,
        "Net Income Continuous Operations": -928000.0,
        "Tax Provision": 9000.0,
        "Pretax Income": -919000.0,
        "Other Income Expense": 112000.0,
        "Other Non Operating Income Expenses": 112000.0,
        "Operating Income": -1031000.0,
        "Operating Expense": 2301000.0,
        "Research And Development": 427000.0,
        "Selling General And Administration": 1874000.0,
        "Gross Profit": 1270000.0,
        "Cost Of Revenue": 2294000.0,
        "Total Revenue": 3564000.0,
        "Operating Revenue": 3564000.0
    },
    "2025-03-31": {
        "Tax Effect Of Unusual Items": 0.0,
        "Tax Rate For Calcs": 0.21,
        "Normalized EBITDA": -625000.0,
        "Net Income From Continuing Operation Net Minority Interest": -776000.0,
        "Reconciled Depreciation": 31000.0,
        "Reconciled Cost Of Revenue": 2226000.0,
        "EBITDA": -625000.0,
        "EBIT": -656000.0,
        "Normalized Income": -776000.0,
        "Net Income From Continuing And Discontinued Operation": -776000.0,
        "Total Expenses": 4410000.0,
        "Total Operating Income As Reported": -656000.0,
        "Diluted Average Shares": NaN,
        "Basic Average Shares": NaN,
        "Diluted EPS": NaN,
        "Basic EPS": NaN,
        "Diluted NI Availto Com Stockholders": -776000.0,
        "Net Income Common Stockholders": -776000.0,
        "Net Income": -776000.0,
        "Net Income Including Noncontrolling Interests": -776000.0,
        "Net Income Continuous Operations": -776000.0,
        "Tax Provision": 248000.0,
        "Pretax Income": -528000.0,
        "Other Income Expense": 128000.0,
        "Other Non Operating Income Expenses": 128000.0,
        "Operating Income": -656000.0,
        "Operating Expense": 2184000.0,
        "Research And Development": 411000.0,
        "Selling General And Administration": 1773000.0,
        "Gross Profit": 1528000.0,
        "Cost Of Revenue": 2226000.0,
        "Total Revenue": 3754000.0,
        "Operating Revenue": 3754000.0
    },
    "2025-06-30": {
        "Tax Effect Of Unusual Items": 0.0,
        "Tax Rate For Calcs": 0.000805,
        "Normalized EBITDA": -1059000.0,
        "Net Income From Continuing Operation Net Minority Interest": -1241000.0,
        "Reconciled Depreciation": 36000.0,
        "Reconciled Cost Of Revenue": 2551000.0,
        "EBITDA": -1059000.0,
        "EBIT": -1095000.0,
        "Normalized Income": -1241000.0,
        "Net Income From Continuing And Discontinued Operation": -1241000.0,
        "Total Expenses": 5110000.0,
        "Total Operating Income As Reported": -1095000.0,
        "Diluted Average Shares": 1641000.0,
        "Basic Average Shares": 1641000.0,
        "Diluted EPS": -0.76,
        "Basic EPS": -0.76,
        "Diluted NI Availto Com Stockholders": -1241000.0,
        "Net Income Common Stockholders": -1241000.0,
        "Net Income": -1241000.0,
        "Net Income Including Noncontrolling Interests": -1241000.0,
        "Net Income Continuous Operations": -1241000.0,
        "Tax Provision": -1000.0,
        "Pretax Income": -1242000.0,
        "Other Income Expense": -147000.0,
        "Other Non Operating Income Expenses": -147000.0,
        "Operating Income": -1095000.0,
        "Operating Expense": 2559000.0,
        "Research And Development": 594000.0,
        "Selling General And Administration": 1965000.0,
        "Gross Profit": 1464000.0,
        "Cost Of Revenue": 2551000.0,
        "Total Revenue": 4015000.0,
        "Operating Revenue": 4015000.0
    },
    "2025-09-30": {
        "Tax Effect Of Unusual Items": 0.0,
        "Tax Rate For Calcs": 0.269494,
        "Normalized EBITDA": -301000.0,
        "Net Income From Continuing Operation Net Minority Interest": -534000.0,
        "Reconciled Depreciation": 36000.0,
        "Reconciled Cost Of Revenue": 3484000.0,
        "EBITDA": -301000.0,
        "EBIT": -337000.0,
        "Normalized Income": -534000.0,
        "Net Income From Continuing And Discontinued Operation": -534000.0,
        "Total Expenses": 5941000.0,
        "Total Operating Income As Reported": -337000.0,
        "Diluted Average Shares": 1646000.0,
        "Basic Average Shares": 1646000.0,
        "Diluted EPS": -0.32,
        "Basic EPS": -0.32,
        "Diluted NI Availto Com Stockholders": -534000.0,
        "Net Income Common Stockholders": -534000.0,
        "Net Income": -534000.0,
        "Net Income Including Noncontrolling Interests": -534000.0,
        "Net Income Continuous Operations": -534000.0,
        "Tax Provision": -197000.0,
        "Pretax Income": -731000.0,
        "Other Income Expense": -394000.0,
        "Other Non Operating Income Expenses": -394000.0,
        "Operating Income": -337000.0,
        "Operating Expense": 2457000.0,
        "Research And Development": 575000.0,
        "Selling General And Administration": 1882000.0,
        "Gross Profit": 2120000.0,
        "Cost Of Revenue": 3484000.0,
        "Total Revenue": 5604000.0,
        "Operating Revenue": 5604000.0
    }
}