{
    "2023-03-31": {
        "Tax Effect Of Unusual Items": NaN,
        "Tax Rate For Calcs": NaN,
        "Normalized EBITDA": NaN,
        "Total Unusual Items": NaN,
        "Total Unusual Items Excluding Goodwill": NaN,
        "Net Income From Continuing Operation Net Minority Interest": NaN,
        "Reconciled Depreciation": NaN,
        "Reconciled Cost Of Revenue": NaN,
        "EBITDA": NaN,
        "EBIT": NaN,
        "Net Interest Income": NaN,
        "Interest Expense": NaN,
        "Normalized Income": NaN,
        "Net Income From Continuing And Discontinued Operation": NaN,
        "Total Expenses": NaN,
        "Total Operating Income As Reported": NaN,
        "Diluted Average Shares": NaN,
        "Basic Average Shares": NaN,
        "Diluted EPS": NaN,
        "Basic EPS": NaN,
        "Diluted NI Availto Com Stockholders": NaN,
        "Net Income Common Stockholders": NaN,
        "Net Income": NaN,
        "Minority Interests": NaN,
        "Net Income Including Noncontrolling Interests": NaN,
        "Net Income Continuous Operations": NaN,
        "Tax Provision": NaN,
        "Pretax Income": NaN,
        "Other Income Expense": NaN,
        "Other Non Operating Income Expenses": NaN,
        "Special Income Charges": NaN,
        "Gain On Sale Of Business": 42000000.0,
        "Other Special Charges": NaN,
        "Earnings From Equity Interest": NaN,
        "Net Non Operating Interest Income Expense": NaN,
        "Interest Expense Non Operating": NaN,
        "Operating Income": NaN,
        "Operating Expense": NaN,
        "Other Operating Expenses": NaN,
        "Other Taxes": NaN,
        "Depreciation Amortization Depletion Income Statement": NaN,
        "Depreciation And Amortization In Income Statement": NaN,
        "Gross Profit": NaN,
        "Cost Of Revenue": NaN,
        "Total Revenue": NaN,
        "Operating Revenue": NaN
    },
    "2022-12-31": {
        "Tax Effect Of Unusual Items": NaN,
        "Tax Rate For Calcs": NaN,
        "Normalized EBITDA": NaN,
        "Total Unusual Items": NaN,
        "Total Unusual Items Excluding Goodwill": NaN,
        "Net Income From Continuing Operation Net Minority Interest": NaN,
        "Reconciled Depreciation": NaN,
        "Reconciled Cost Of Revenue": NaN,
        "EBITDA": NaN,
        "EBIT": NaN,
        "Net Interest Income": NaN,
        "Interest Expense": NaN,
        "Normalized Income": NaN,
        "Net Income From Continuing And Discontinued Operation": NaN,
        "Total Expenses": NaN,
        "Total Operating Income As Reported": NaN,
        "Diluted Average Shares": NaN,
        "Basic Average Shares": NaN,
        "Diluted EPS": NaN,
        "Basic EPS": NaN,
        "Diluted NI Availto Com Stockholders": NaN,
        "Net Income Common Stockholders": NaN,
        "Preferred Stock Dividends": 1000000.0,
        "Net Income": NaN,
        "Minority Interests": NaN,
        "Net Income Including Noncontrolling Interests": NaN,
        "Net Income Continuous Operations": NaN,
        "Tax Provision": NaN,
        "Pretax Income": NaN,
        "Other Income Expense": NaN,
        "Other Non Operating Income Expenses": NaN,
        "Special Income Charges": NaN,
        "Gain On Sale Of Business": 4000000.0,
        "Other Special Charges": NaN,
        "Earnings From Equity Interest": NaN,
        "Net Non Operating Interest Income Expense": NaN,
        "Interest Expense Non Operating": NaN,
        "Operating Income": NaN,
        "Operating Expense": NaN,
        "Other Operating Expenses": 201000000.0,
        "Other Taxes": NaN,
        "Depreciation Amortization Depletion Income Statement": NaN,
        "Depreciation And Amortization In Income Statement": NaN,
        "Gross Profit": NaN,
        "Cost Of Revenue": NaN,
        "Total Revenue": NaN,
        "Operating Revenue": NaN
    },
    "2022-09-30": {
        "Tax Effect Of Unusual Items": NaN,
        "Tax Rate For Calcs": NaN,
        "Normalized EBITDA": NaN,
        "Total Unusual Items": NaN,
        "Total Unusual Items Excluding Goodwill": NaN,
        "Net Income From Continuing Operation Net Minority Interest": NaN,
        "Reconciled Depreciation": NaN,
        "Reconciled Cost Of Revenue": NaN,
        "EBITDA": NaN,
        "EBIT": NaN,
        "Net Interest Income": NaN,
        "Interest Expense": NaN,
        "Normalized Income": NaN,
        "Net Income From Continuing And Discontinued Operation": NaN,
        "Total Expenses": NaN,
        "Total Operating Income As Reported": NaN,
        "Diluted Average Shares": NaN,
        "Basic Average Shares": NaN,
        "Diluted EPS": NaN,
        "Basic EPS": NaN,
        "Diluted NI Availto Com Stockholders": NaN,
        "Net Income Common Stockholders": NaN,
        "Preferred Stock Dividends": 3000000.0,
        "Net Income": NaN,
        "Minority Interests": NaN,
        "Net Income Including Noncontrolling Interests": NaN,
        "Net Income Continuous Operations": NaN,
        "Tax Provision": NaN,
        "Pretax Income": NaN,
        "Other Income Expense": NaN,
        "Other Non Operating Income Expenses": NaN,
        "Special Income Charges": NaN,
        "Gain On Sale Of Business": 20000000.0,
        "Other Special Charges": NaN,
        "Earnings From Equity Interest": NaN,
        "Net Non Operating Interest Income Expense": NaN,
        "Interest Expense Non Operating": NaN,
        "Operating Income": NaN,
        "Operating Expense": NaN,
        "Other Operating Expenses": -70000000.0,
        "Other Taxes": NaN,
        "Depreciation Amortization Depletion Income Statement": NaN,
        "Depreciation And Amortization In Income Statement": NaN,
        "Gross Profit": NaN,
        "Cost Of Revenue": NaN,
        "Total Revenue": NaN,
        "Operating Revenue": NaN
    },
    "2022-06-30": {
        "Tax Effect Of Unusual Items": 13748743.718593,
        "Tax Rate For Calcs": 0.218234,
        "Normalized EBITDA": 2824000000.0,
        "Total Unusual Items": 63000000.0,
        "Total Unusual Items Excluding Goodwill": 63000000.0,
        "Net Income From Continuing Operation Net Minority Interest": 1111000000.0,
        "Reconciled Depreciation": 1006000000.0,
        "Reconciled Cost Of Revenue": 4154000000.0,
        "EBITDA": 2887000000.0,
        "EBIT": 1881000000.0,
        "Net Interest Income": -488000000.0,
        "Interest Expense": 488000000.0,
        "Normalized Income": 1061748743.718593,
        "Net Income From Continuing And Discontinued Operation": 1111000000.0,
        "Total Expenses": 5561000000.0,
        "Total Operating Income As Reported": 1655000000.0,
        "Diluted Average Shares": 1072000000.0,
        "Basic Average Shares": 1065000000.0,
        "Diluted EPS": 1.03,
        "Basic EPS": 1.04,
        "Diluted NI Availto Com Stockholders": 1107000000.0,
        "Net Income Common Stockholders": 1107000000.0,
        "Preferred Stock Dividends": 4000000.0,
        "Net Income": 1111000000.0,
        "Minority Interests": 22000000.0,
        "Net Income Including Noncontrolling Interests": 1089000000.0,
        "Net Income Continuous Operations": 1089000000.0,
        "Tax Provision": 304000000.0,
        "Pretax Income": 1393000000.0,
        "Other Income Expense": 236000000.0,
        "Other Non Operating Income Expenses": 139000000.0,
        "Special Income Charges": 63000000.0,
        "Gain On Sale Of Business": 10000000.0,
        "Other Special Charges": -53000000.0,
        "Write Off": NaN,
        "Earnings From Equity Interest": 34000000.0,
        "Net Non Operating Interest Income Expense": -488000000.0,
        "Interest Expense Non Operating": 488000000.0,
        "Operating Income": 1645000000.0,
        "Operating Expense": 1314000000.0,
        "Other Operating Expenses": 52000000.0,
        "Other Taxes": 349000000.0,
        "Depreciation Amortization Depletion Income Statement": 913000000.0,
        "Depreciation And Amortization In Income Statement": 913000000.0,
        "Gross Profit": 2959000000.0,
        "Cost Of Revenue": 4247000000.0,
        "Total Revenue": 7206000000.0,
        "Operating Revenue": 7001000000.0
    },
    "2023-06-30": {
        "Tax Effect Of Unusual Items": NaN,
        "Tax Rate For Calcs": NaN,
        "Normalized EBITDA": NaN,
        "Total Unusual Items": NaN,
        "Total Unusual Items Excluding Goodwill": NaN,
        "Net Income From Continuing Operation Net Minority Interest": NaN,
        "Reconciled Depreciation": NaN,
        "Reconciled Cost Of Revenue": NaN,
        "EBITDA": NaN,
        "EBIT": NaN,
        "Net Interest Income": NaN,
        "Interest Expense": NaN,
        "Normalized Income": NaN,
        "Net Income From Continuing And Discontinued Operation": NaN,
        "Total Expenses": NaN,
        "Total Operating Income As Reported": NaN,
        "Diluted Average Shares": 1098000000.0,
        "Basic Average Shares": 1092000000.0,
        "Diluted EPS": 0.76,
        "Basic EPS": 0.77,
        "Diluted NI Availto Com Stockholders": NaN,
        "Net Income Common Stockholders": NaN,
        "Net Income": NaN,
        "Minority Interests": NaN,
        "Net Income Including Noncontrolling Interests": NaN,
        "Net Income Continuous Operations": NaN,
        "Tax Provision": NaN,
        "Pretax Income": NaN,
        "Other Income Expense": NaN,
        "Other Non Operating Income Expenses": NaN,
        "Special Income Charges": NaN,
        "Other Special Charges": NaN,
        "Earnings From Equity Interest": NaN,
        "Net Non Operating Interest Income Expense": NaN,
        "Interest Expense Non Operating": NaN,
        "Operating Income": NaN,
        "Operating Expense": NaN,
        "Other Operating Expenses": NaN,
        "Other Taxes": NaN,
        "Depreciation Amortization Depletion Income Statement": NaN,
        "Depreciation And Amortization In Income Statement": NaN,
        "Gross Profit": NaN,
        "Cost Of Revenue": NaN,
        "Total Revenue": NaN,
        "Operating Revenue": NaN
    },
    "2023-09-30": {
        "Tax Effect Of Unusual Items": NaN,
        "Tax Rate For Calcs": NaN,
        "Normalized EBITDA": NaN,
        "Total Unusual Items": NaN,
        "Total Unusual Items Excluding Goodwill": NaN,
        "Net Income From Continuing Operation Net Minority Interest": NaN,
        "Reconciled Depreciation": NaN,
        "Reconciled Cost Of Revenue": NaN,
        "EBITDA": NaN,
        "EBIT": NaN,
        "Net Interest Income": NaN,
        "Interest Expense": NaN,
        "Normalized Income": NaN,
        "Net Income From Continuing And Discontinued Operation": NaN,
        "Total Expenses": NaN,
        "Total Operating Income As Reported": NaN,
        "Diluted Average Shares": NaN,
        "Basic Average Shares": NaN,
        "Diluted EPS": NaN,
        "Basic EPS": NaN,
        "Diluted NI Availto Com Stockholders": NaN,
        "Net Income Common Stockholders": NaN,
        "Net Income": NaN,
        "Minority Interests": NaN,
        "Net Income Including Noncontrolling Interests": NaN,
        "Net Income Continuous Operations": NaN,
        "Tax Provision": NaN,
        "Pretax Income": NaN,
        "Other Income Expense": NaN,
        "Other Non Operating Income Expenses": NaN,
        "Special Income Charges": NaN,
        "Other Special Charges": NaN,
        "Earnings From Equity Interest": NaN,
        "Net Non Operating Interest Income Expense": NaN,
        "Interest Expense Non Operating": NaN,
        "Operating Income": NaN,
        "Operating Expense": NaN,
        "Other Operating Expenses": 160000000.0,
        "Other Taxes": NaN,
        "Depreciation Amortization Depletion Income Statement": NaN,
        "Depreciation And Amortization In Income Statement": NaN,
        "Gross Profit": NaN,
        "Cost Of Revenue": NaN,
        "Total Revenue": NaN,
        "Operating Revenue": NaN
    },
    "2023-12-31": {
        "Tax Effect Of Unusual Items": NaN,
        "Tax Rate For Calcs": NaN,
        "Normalized EBITDA": NaN,
        "Total Unusual Items": NaN,
        "Total Unusual Items Excluding Goodwill": NaN,
        "Net Income From Continuing Operation Net Minority Interest": NaN,
        "Reconciled Depreciation": NaN,
        "Reconciled Cost Of Revenue": NaN,
        "EBITDA": NaN,
        "EBIT": NaN,
        "Net Interest Income": NaN,
        "Interest Expense": NaN,
        "Normalized Income": NaN,
        "Net Income From Continuing And Discontinued Operation": NaN,
        "Total Expenses": NaN,
        "Total Operating Income As Reported": NaN,
        "Diluted Average Shares": NaN,
        "Basic Average Shares": NaN,
        "Diluted EPS": NaN,
        "Basic EPS": NaN,
        "Diluted NI Availto Com Stockholders": NaN,
        "Net Income Common Stockholders": NaN,
        "Net Income": NaN,
        "Minority Interests": NaN,
        "Net Income Including Noncontrolling Interests": NaN,
        "Net Income Continuous Operations": NaN,
        "Tax Provision": NaN,
        "Pretax Income": NaN,
        "Other Income Expense": NaN,
        "Other Non Operating Income Expenses": NaN,
        "Special Income Charges": NaN,
        "Other Special Charges": NaN,
        "Earnings From Equity Interest": NaN,
        "Net Non Operating Interest Income Expense": NaN,
        "Interest Expense Non Operating": NaN,
        "Operating Income": NaN,
        "Operating Expense": NaN,
        "Other Operating Expenses": -228000000.0,
        "Other Taxes": NaN,
        "Depreciation Amortization Depletion Income Statement": NaN,
        "Depreciation And Amortization In Income Statement": NaN,
        "Gross Profit": NaN,
        "Cost Of Revenue": NaN,
        "Total Revenue": NaN,
        "Operating Revenue": NaN
    },
    "2024-03-31": {
        "Tax Effect Of Unusual Items": NaN,
        "Tax Rate For Calcs": NaN,
        "Normalized EBITDA": NaN,
        "Total Unusual Items": NaN,
        "Total Unusual Items Excluding Goodwill": NaN,
        "Net Income From Continuing Operation Net Minority Interest": NaN,
        "Reconciled Depreciation": NaN,
        "Reconciled Cost Of Revenue": NaN,
        "EBITDA": NaN,
        "EBIT": NaN,
        "Net Interest Income": NaN,
        "Interest Expense": NaN,
        "Normalized Income": NaN,
        "Net Income From Continuing And Discontinued Operation": NaN,
        "Total Expenses": NaN,
        "Total Operating Income As Reported": NaN,
        "Diluted Average Shares": 1100000000.0,
        "Basic Average Shares": 1094000000.0,
        "Diluted EPS": 1.03,
        "Basic EPS": 1.03,
        "Diluted NI Availto Com Stockholders": NaN,
        "Net Income Common Stockholders": NaN,
        "Net Income": NaN,
        "Minority Interests": NaN,
        "Net Income Including Noncontrolling Interests": NaN,
        "Net Income Continuous Operations": NaN,
        "Tax Provision": NaN,
        "Pretax Income": NaN,
        "Other Income Expense": NaN,
        "Other Non Operating Income Expenses": NaN,
        "Special Income Charges": NaN,
        "Other Special Charges": NaN,
        "Earnings From Equity Interest": NaN,
        "Net Non Operating Interest Income Expense": NaN,
        "Interest Expense Non Operating": NaN,
        "Operating Income": NaN,
        "Operating Expense": NaN,
        "Other Operating Expenses": NaN,
        "Other Taxes": NaN,
        "Depreciation Amortization Depletion Income Statement": NaN,
        "Depreciation And Amortization In Income Statement": NaN,
        "Gross Profit": NaN,
        "Cost Of Revenue": NaN,
        "Total Revenue": NaN,
        "Operating Revenue": NaN
    },
    "2024-06-30": {
        "Tax Effect Of Unusual Items": 10006765.899865,
        "Tax Rate For Calcs": 0.196211,
        "Normalized EBITDA": 3432000000.0,
        "Total Unusual Items": 51000000.0,
        "Total Unusual Items Excluding Goodwill": 51000000.0,
        "Net Income From Continuing Operation Net Minority Interest": 1203000000.0,
        "Reconciled Depreciation": 1311000000.0,
        "Reconciled Cost Of Revenue": 2850000000.0,
        "EBITDA": 3483000000.0,
        "EBIT": 2172000000.0,
        "Net Interest Income": -694000000.0,
        "Interest Expense": 694000000.0,
        "Normalized Income": 1162006765.899865,
        "Net Income From Continuing And Discontinued Operation": 1203000000.0,
        "Total Expenses": 4524000000.0,
        "Total Operating Income As Reported": 1939000000.0,
        "Diluted Average Shares": 1103669725.0,
        "Basic Average Shares": 1096000000.0,
        "Diluted EPS": 1.09,
        "Basic EPS": 1.1,
        "Diluted NI Availto Com Stockholders": 1203000000.0,
        "Net Income Common Stockholders": 1203000000.0,
        "Net Income": 1203000000.0,
        "Minority Interests": 15000000.0,
        "Net Income Including Noncontrolling Interests": 1188000000.0,
        "Net Income Continuous Operations": 1188000000.0,
        "Tax Provision": 290000000.0,
        "Pretax Income": 1478000000.0,
        "Other Income Expense": 233000000.0,
        "Other Non Operating Income Expenses": 151000000.0,
        "Special Income Charges": 51000000.0,
        "Other Special Charges": -51000000.0,
        "Earnings From Equity Interest": 31000000.0,
        "Net Non Operating Interest Income Expense": -694000000.0,
        "Interest Expense Non Operating": 694000000.0,
        "Operating Income": 1939000000.0,
        "Operating Expense": 1545000000.0,
        "Other Operating Expenses": -21000000.0,
        "Other Taxes": 384000000.0,
        "Depreciation Amortization Depletion Income Statement": 1182000000.0,
        "Depreciation And Amortization In Income Statement": 1182000000.0,
        "Gross Profit": 3484000000.0,
        "Cost Of Revenue": 2979000000.0,
        "Total Revenue": 6463000000.0,
        "Operating Revenue": 6154000000.0
    },
    "2024-09-30": {
        "Tax Effect Of Unusual Items": 11436192.468619,
        "Tax Rate For Calcs": 0.197176,
        "Normalized EBITDA": 3890000000.0,
        "Total Unusual Items": 58000000.0,
        "Total Unusual Items Excluding Goodwill": 58000000.0,
        "Net Income From Continuing Operation Net Minority Interest": 1535000000.0,
        "Reconciled Depreciation": 1344000000.0,
        "Reconciled Cost Of Revenue": 3187000000.0,
        "EBITDA": 3948000000.0,
        "EBIT": 2604000000.0,
        "Net Interest Income": -692000000.0,
        "Interest Expense": 692000000.0,
        "Normalized Income": 1488436192.468619,
        "Net Income From Continuing And Discontinued Operation": 1535000000.0,
        "Total Expenses": 4906000000.0,
        "Total Operating Income As Reported": 2368000000.0,
        "Diluted Average Shares": 1103000000.0,
        "Basic Average Shares": 1097000000.0,
        "Diluted EPS": 1.39,
        "Basic EPS": 1.4,
        "Diluted NI Availto Com Stockholders": 1535000000.0,
        "Net Income Common Stockholders": 1535000000.0,
        "Net Income": 1535000000.0,
        "Minority Interests": 0.0,
        "Net Income Including Noncontrolling Interests": 1535000000.0,
        "Net Income Continuous Operations": 1535000000.0,
        "Tax Provision": 377000000.0,
        "Pretax Income": 1912000000.0,
        "Other Income Expense": 236000000.0,
        "Other Non Operating Income Expenses": 147000000.0,
        "Special Income Charges": 58000000.0,
        "Other Special Charges": -58000000.0,
        "Earnings From Equity Interest": 31000000.0,
        "Net Non Operating Interest Income Expense": -692000000.0,
        "Interest Expense Non Operating": 692000000.0,
        "Operating Income": 2368000000.0,
        "Operating Expense": 1585000000.0,
        "Other Operating Expenses": NaN,
        "Other Taxes": 375000000.0,
        "Depreciation Amortization Depletion Income Statement": 1210000000.0,
        "Depreciation And Amortization In Income Statement": 1210000000.0,
        "Gross Profit": 3953000000.0,
        "Cost Of Revenue": 3321000000.0,
        "Total Revenue": 7274000000.0,
        "Operating Revenue": 6991000000.0
    },
    "2024-12-31": {
        "Tax Effect Of Unusual Items": 9856880.733945,
        "Tax Rate For Calcs": 0.144954,
        "Normalized EBITDA": 2520000000.0,
        "Total Unusual Items": 68000000.0,
        "Total Unusual Items Excluding Goodwill": 68000000.0,
        "Net Income From Continuing Operation Net Minority Interest": 534000000.0,
        "Reconciled Depreciation": 1350000000.0,
        "Reconciled Cost Of Revenue": 3548000000.0,
        "EBITDA": 2588000000.0,
        "EBIT": 1238000000.0,
        "Net Interest Income": -693000000.0,
        "Interest Expense": 693000000.0,
        "Normalized Income": 475856880.733945,
        "Net Income From Continuing And Discontinued Operation": 534000000.0,
        "Total Expenses": 5283000000.0,
        "Total Operating Income As Reported": 1058000000.0,
        "Diluted Average Shares": 1112500000.0,
        "Basic Average Shares": 1098000000.0,
        "Diluted EPS": 0.48,
        "Basic EPS": 0.5,
        "Diluted NI Availto Com Stockholders": 534000000.0,
        "Net Income Common Stockholders": 534000000.0,
        "Net Income": 534000000.0,
        "Minority Interests": 68000000.0,
        "Net Income Including Noncontrolling Interests": 466000000.0,
        "Net Income Continuous Operations": 466000000.0,
        "Tax Provision": 79000000.0,
        "Pretax Income": 545000000.0,
        "Other Income Expense": 180000000.0,
        "Other Non Operating Income Expenses": 80000000.0,
        "Special Income Charges": 68000000.0,
        "Other Special Charges": -68000000.0,
        "Earnings From Equity Interest": 32000000.0,
        "Net Non Operating Interest Income Expense": -693000000.0,
        "Interest Expense Non Operating": 693000000.0,
        "Operating Income": 1058000000.0,
        "Operating Expense": 1603000000.0,
        "Other Operating Expenses": 0.0,
        "Other Taxes": 385000000.0,
        "Depreciation Amortization Depletion Income Statement": 1218000000.0,
        "Depreciation And Amortization In Income Statement": 1218000000.0,
        "Gross Profit": 2661000000.0,
        "Cost Of Revenue": 3680000000.0,
        "Total Revenue": 6341000000.0,
        "Operating Revenue": 6010000000.0
    },
    "2025-03-31": {
        "Tax Effect Of Unusual Items": 13187096.774194,
        "Tax Rate For Calcs": 0.180645,
        "Normalized EBITDA": 3602000000.0,
        "Total Unusual Items": 73000000.0,
        "Total Unusual Items Excluding Goodwill": 73000000.0,
        "Net Income From Continuing Operation Net Minority Interest": 1334000000.0,
        "Reconciled Depreciation": 1411000000.0,
        "Reconciled Cost Of Revenue": 3909000000.0,
        "EBITDA": 3675000000.0,
        "EBIT": 2264000000.0,
        "Net Interest Income": -714000000.0,
        "Interest Expense": 714000000.0,
        "Normalized Income": 1274187096.774194,
        "Net Income From Continuing And Discontinued Operation": 1334000000.0,
        "Total Expenses": 5765000000.0,
        "Total Operating Income As Reported": 2010000000.0,
        "Diluted Average Shares": 1105000000.0,
        "Basic Average Shares": 1100000000.0,
        "Diluted EPS": 1.21,
        "Basic EPS": 1.21,
        "Diluted NI Availto Com Stockholders": 1334000000.0,
        "Net Income Common Stockholders": 1334000000.0,
        "Net Income": 1334000000.0,
        "Minority Interests": 64000000.0,
        "Net Income Including Noncontrolling Interests": 1270000000.0,
        "Net Income Continuous Operations": 1270000000.0,
        "Tax Provision": 280000000.0,
        "Pretax Income": 1550000000.0,
        "Other Income Expense": 254000000.0,
        "Other Non Operating Income Expenses": 149000000.0,
        "Special Income Charges": 73000000.0,
        "Other Special Charges": -73000000.0,
        "Earnings From Equity Interest": 32000000.0,
        "Net Non Operating Interest Income Expense": -714000000.0,
        "Interest Expense Non Operating": 714000000.0,
        "Operating Income": 2010000000.0,
        "Operating Expense": 1731000000.0,
        "Other Operating Expenses": NaN,
        "Other Taxes": 445000000.0,
        "Depreciation Amortization Depletion Income Statement": 1286000000.0,
        "Depreciation And Amortization In Income Statement": 1286000000.0,
        "Gross Profit": 3741000000.0,
        "Cost Of Revenue": 4034000000.0,
        "Total Revenue": 7775000000.0,
        "Operating Revenue": 7426000000.0
    },
    "2025-06-30": {
        "Tax Effect Of Unusual Items": 20245183.887916,
        "Tax Rate For Calcs": 0.253065,
        "Normalized EBITDA": 3385000000.0,
        "Total Unusual Items": 80000000.0,
        "Total Unusual Items Excluding Goodwill": 80000000.0,
        "Net Income From Continuing Operation Net Minority Interest": 880000000.0,
        "Reconciled Depreciation": 1449000000.0,
        "Reconciled Cost Of Revenue": 3357000000.0,
        "EBITDA": 3465000000.0,
        "EBIT": 2016000000.0,
        "Net Interest Income": -874000000.0,
        "Interest Expense": 874000000.0,
        "Normalized Income": 820245183.887916,
        "Net Income From Continuing And Discontinued Operation": 880000000.0,
        "Total Expenses": 5209000000.0,
        "Total Operating Income As Reported": 1764000000.0,
        "Diluted Average Shares": NaN,
        "Basic Average Shares": NaN,
        "Diluted EPS": NaN,
        "Basic EPS": NaN,
        "Diluted NI Availto Com Stockholders": 880000000.0,
        "Net Income Common Stockholders": 880000000.0,
        "Net Income": 880000000.0,
        "Minority Interests": 27000000.0,
        "Net Income Including Noncontrolling Interests": 853000000.0,
        "Net Income Continuous Operations": 853000000.0,
        "Tax Provision": 289000000.0,
        "Pretax Income": 1142000000.0,
        "Other Income Expense": 252000000.0,
        "Other Non Operating Income Expenses": 162000000.0,
        "Special Income Charges": 80000000.0,
        "Other Special Charges": -80000000.0,
        "Earnings From Equity Interest": 10000000.0,
        "Net Non Operating Interest Income Expense": -874000000.0,
        "Interest Expense Non Operating": 874000000.0,
        "Operating Income": 1764000000.0,
        "Operating Expense": 1726000000.0,
        "Other Operating Expenses": NaN,
        "Other Taxes": 403000000.0,
        "Depreciation Amortization Depletion Income Statement": 1323000000.0,
        "Depreciation And Amortization In Income Statement": 1323000000.0,
        "Gross Profit": 3490000000.0,
        "Cost Of Revenue": 3483000000.0,
        "Total Revenue": 6973000000.0,
        "Operating Revenue": 6638000000.0
    }
}