{
    "2023-09-30": {
        "Tax Effect Of Unusual Items": NaN,
        "Tax Rate For Calcs": NaN,
        "Normalized EBITDA": NaN,
        "Total Unusual Items": NaN,
        "Total Unusual Items Excluding Goodwill": NaN,
        "Net Income From Continuing Operation Net Minority Interest": NaN,
        "Reconciled Depreciation": NaN,
        "Reconciled Cost Of Revenue": NaN,
        "EBITDA": NaN,
        "EBIT": NaN,
        "Net Interest Income": NaN,
        "Interest Expense": NaN,
        "Normalized Income": NaN,
        "Net Income From Continuing And Discontinued Operation": NaN,
        "Total Expenses": NaN,
        "Total Operating Income As Reported": NaN,
        "Diluted Average Shares": 1121737.0,
        "Basic Average Shares": 1121737.0,
        "Diluted EPS": -10.542129,
        "Basic EPS": -10.542129,
        "Diluted NI Availto Com Stockholders": NaN,
        "Average Dilution Earnings": NaN,
        "Net Income Common Stockholders": NaN,
        "Net Income": NaN,
        "Net Income Including Noncontrolling Interests": NaN,
        "Net Income Discontinuous Operations": -9263000.0,
        "Net Income Continuous Operations": NaN,
        "Tax Provision": NaN,
        "Pretax Income": NaN,
        "Other Income Expense": NaN,
        "Other Non Operating Income Expenses": NaN,
        "Special Income Charges": NaN,
        "Gain On Sale Of Business": NaN,
        "Gain On Sale Of Security": NaN,
        "Net Non Operating Interest Income Expense": NaN,
        "Interest Expense Non Operating": NaN,
        "Operating Income": NaN,
        "Operating Expense": NaN,
        "Selling General And Administration": NaN,
        "Gross Profit": NaN,
        "Cost Of Revenue": NaN,
        "Total Revenue": NaN,
        "Operating Revenue": NaN
    },
    "2023-06-30": {
        "Tax Effect Of Unusual Items": NaN,
        "Tax Rate For Calcs": NaN,
        "Normalized EBITDA": NaN,
        "Total Unusual Items": NaN,
        "Total Unusual Items Excluding Goodwill": NaN,
        "Net Income From Continuing Operation Net Minority Interest": NaN,
        "Reconciled Depreciation": NaN,
        "Reconciled Cost Of Revenue": NaN,
        "EBITDA": NaN,
        "EBIT": NaN,
        "Net Interest Income": NaN,
        "Interest Expense": NaN,
        "Interest Income": 7752.0,
        "Normalized Income": NaN,
        "Net Income From Continuing And Discontinued Operation": NaN,
        "Total Expenses": NaN,
        "Total Operating Income As Reported": NaN,
        "Diluted Average Shares": 16747063.0,
        "Basic Average Shares": 16747063.0,
        "Diluted EPS": -0.588879,
        "Basic EPS": -0.588879,
        "Diluted NI Availto Com Stockholders": NaN,
        "Net Income Common Stockholders": NaN,
        "Net Income": NaN,
        "Minority Interests": 0.0,
        "Net Income Including Noncontrolling Interests": NaN,
        "Net Income Discontinuous Operations": NaN,
        "Net Income Continuous Operations": NaN,
        "Tax Provision": NaN,
        "Pretax Income": NaN,
        "Other Income Expense": NaN,
        "Other Non Operating Income Expenses": NaN,
        "Special Income Charges": NaN,
        "Gain On Sale Of Ppe": 0.0,
        "Gain On Sale Of Business": NaN,
        "Earnings From Equity Interest": 19656.0,
        "Gain On Sale Of Security": NaN,
        "Net Non Operating Interest Income Expense": NaN,
        "Interest Expense Non Operating": NaN,
        "Interest Income Non Operating": 7752.0,
        "Operating Income": NaN,
        "Operating Expense": NaN,
        "Depreciation Amortization Depletion Income Statement": 57046.0,
        "Depreciation And Amortization In Income Statement": 57046.0,
        "Selling General And Administration": NaN,
        "Selling And Marketing Expense": 353971.0,
        "General And Administrative Expense": 5033573.0,
        "Other Gand A": 1980105.0,
        "Salaries And Wages": 3053468.0,
        "Gross Profit": NaN,
        "Cost Of Revenue": NaN,
        "Total Revenue": NaN,
        "Operating Revenue": NaN
    },
    "2024-03-31": {
        "Tax Effect Of Unusual Items": NaN,
        "Tax Rate For Calcs": NaN,
        "Normalized EBITDA": NaN,
        "Total Unusual Items": NaN,
        "Total Unusual Items Excluding Goodwill": NaN,
        "Net Income From Continuing Operation Net Minority Interest": NaN,
        "Reconciled Depreciation": NaN,
        "Reconciled Cost Of Revenue": NaN,
        "EBITDA": NaN,
        "EBIT": NaN,
        "Net Interest Income": NaN,
        "Interest Expense": NaN,
        "Normalized Income": NaN,
        "Net Income From Continuing And Discontinued Operation": NaN,
        "Total Expenses": NaN,
        "Total Operating Income As Reported": NaN,
        "Diluted Average Shares": 1164648.0,
        "Basic Average Shares": 1164648.0,
        "Diluted EPS": -14.93,
        "Basic EPS": -14.93,
        "Diluted NI Availto Com Stockholders": NaN,
        "Average Dilution Earnings": 0.0,
        "Net Income Common Stockholders": NaN,
        "Net Income": NaN,
        "Net Income Including Noncontrolling Interests": NaN,
        "Net Income Discontinuous Operations": NaN,
        "Net Income Continuous Operations": NaN,
        "Tax Provision": NaN,
        "Pretax Income": NaN,
        "Other Income Expense": NaN,
        "Other Non Operating Income Expenses": NaN,
        "Special Income Charges": 0.0,
        "Gain On Sale Of Business": 0.0,
        "Gain On Sale Of Security": -227000.0,
        "Net Non Operating Interest Income Expense": NaN,
        "Interest Expense Non Operating": NaN,
        "Operating Income": NaN,
        "Operating Expense": NaN,
        "Selling General And Administration": NaN,
        "Gross Profit": NaN,
        "Cost Of Revenue": NaN,
        "Total Revenue": NaN,
        "Operating Revenue": NaN
    },
    "2023-03-31": {
        "Tax Effect Of Unusual Items": 0.0,
        "Tax Rate For Calcs": 0.0,
        "Normalized EBITDA": -7758000.0,
        "Total Unusual Items": 1250000.0,
        "Total Unusual Items Excluding Goodwill": 1250000.0,
        "Net Income From Continuing Operation Net Minority Interest": -7515000.0,
        "Reconciled Depreciation": 113000.0,
        "Reconciled Cost Of Revenue": 17363000.0,
        "EBITDA": -6508000.0,
        "EBIT": -6621000.0,
        "Net Interest Income": -894000.0,
        "Interest Expense": 894000.0,
        "Interest Income": NaN,
        "Normalized Income": -8765000.0,
        "Net Income From Continuing And Discontinued Operation": -7515000.0,
        "Total Expenses": 23578000.0,
        "Total Operating Income As Reported": -7913000.0,
        "Diluted Average Shares": 11268877.0,
        "Basic Average Shares": 11268877.0,
        "Diluted EPS": -0.67,
        "Basic EPS": -0.67,
        "Diluted NI Availto Com Stockholders": -7515000.0,
        "Net Income Common Stockholders": -7515000.0,
        "Net Income": -7515000.0,
        "Minority Interests": NaN,
        "Net Income Including Noncontrolling Interests": -7515000.0,
        "Net Income Continuous Operations": -7515000.0,
        "Tax Provision": 0.0,
        "Pretax Income": -7515000.0,
        "Other Income Expense": 1292000.0,
        "Other Non Operating Income Expenses": 42000.0,
        "Special Income Charges": 1250000.0,
        "Gain On Sale Of Ppe": NaN,
        "Gain On Sale Of Business": 1250000.0,
        "Earnings From Equity Interest": NaN,
        "Gain On Sale Of Security": NaN,
        "Net Non Operating Interest Income Expense": -894000.0,
        "Interest Expense Non Operating": 894000.0,
        "Interest Income Non Operating": NaN,
        "Operating Income": -7913000.0,
        "Operating Expense": 6215000.0,
        "Depreciation Amortization Depletion Income Statement": NaN,
        "Depreciation And Amortization In Income Statement": NaN,
        "Selling General And Administration": 6215000.0,
        "Selling And Marketing Expense": NaN,
        "General And Administrative Expense": NaN,
        "Other Gand A": NaN,
        "Salaries And Wages": NaN,
        "Gross Profit": -1698000.0,
        "Cost Of Revenue": 17363000.0,
        "Total Revenue": 15665000.0,
        "Operating Revenue": 15665000.0
    },
    "2024-06-30": {
        "Tax Effect Of Unusual Items": 0.0,
        "Tax Rate For Calcs": 0.0,
        "Normalized EBITDA": -3432000.0,
        "Total Unusual Items": -2755000.0,
        "Total Unusual Items Excluding Goodwill": -2755000.0,
        "Net Income From Continuing Operation Net Minority Interest": -16918000.0,
        "Reconciled Depreciation": 256000.0,
        "Reconciled Cost Of Revenue": 18466000.0,
        "EBITDA": -15423000.0,
        "EBIT": -15679000.0,
        "Net Interest Income": -1230000.0,
        "Interest Expense": 1230000.0,
        "Normalized Income": -5314550.0,
        "Net Income From Continuing And Discontinued Operation": -16918000.0,
        "Total Expenses": 28209000.0,
        "Total Operating Income As Reported": -3651000.0,
        "Diluted Average Shares": 1174385.0,
        "Basic Average Shares": 1174385.0,
        "Diluted EPS": -14.5,
        "Basic EPS": -14.5,
        "Diluted NI Availto Com Stockholders": -16918000.0,
        "Average Dilution Earnings": 0.0,
        "Net Income Common Stockholders": -16918000.0,
        "Net Income": -16918000.0,
        "Net Income Including Noncontrolling Interests": -16918000.0,
        "Net Income Discontinuous Operations": -9427000.0,
        "Net Income Continuous Operations": -16918000.0,
        "Tax Provision": 9000.0,
        "Pretax Income": -16909000.0,
        "Other Income Expense": -2601000.0,
        "Other Non Operating Income Expenses": 154000.0,
        "Special Income Charges": 0.0,
        "Gain On Sale Of Business": 0.0,
        "Gain On Sale Of Security": -2755000.0,
        "Net Non Operating Interest Income Expense": -1230000.0,
        "Interest Expense Non Operating": 1230000.0,
        "Operating Income": -13078000.0,
        "Operating Expense": 9743000.0,
        "Selling General And Administration": 9743000.0,
        "Gross Profit": -3335000.0,
        "Cost Of Revenue": 18466000.0,
        "Total Revenue": 15131000.0,
        "Operating Revenue": 15131000.0
    },
    "2024-09-30": {
        "Tax Effect Of Unusual Items": 0.0,
        "Tax Rate For Calcs": 0.0,
        "Normalized EBITDA": 1908000.0,
        "Total Unusual Items": 0.0,
        "Total Unusual Items Excluding Goodwill": 0.0,
        "Net Income From Continuing Operation Net Minority Interest": -1337000.0,
        "Reconciled Depreciation": -55000.0,
        "Reconciled Cost Of Revenue": 33768000.0,
        "EBITDA": 1908000.0,
        "EBIT": 1908000.0,
        "Net Interest Income": -3234000.0,
        "Interest Expense": 3234000.0,
        "Normalized Income": -1337000.0,
        "Net Income From Continuing And Discontinued Operation": -4435000.0,
        "Total Expenses": 38417000.0,
        "Total Operating Income As Reported": 1852000.0,
        "Diluted Average Shares": 1180561.0,
        "Basic Average Shares": 1180561.0,
        "Diluted EPS": -3.75,
        "Basic EPS": -3.75,
        "Diluted NI Availto Com Stockholders": -4435000.0,
        "Average Dilution Earnings": NaN,
        "Net Income Common Stockholders": -4435000.0,
        "Net Income": -4435000.0,
        "Net Income Including Noncontrolling Interests": -4435000.0,
        "Net Income Discontinuous Operations": -3098000.0,
        "Net Income Continuous Operations": -1337000.0,
        "Tax Provision": 11000.0,
        "Pretax Income": -1326000.0,
        "Other Income Expense": 56000.0,
        "Other Non Operating Income Expenses": 56000.0,
        "Special Income Charges": 0.0,
        "Gain On Sale Of Business": 0.0,
        "Gain On Sale Of Security": NaN,
        "Net Non Operating Interest Income Expense": -3234000.0,
        "Interest Expense Non Operating": 3234000.0,
        "Operating Income": 1852000.0,
        "Operating Expense": 4649000.0,
        "Selling General And Administration": 4649000.0,
        "Gross Profit": 6501000.0,
        "Cost Of Revenue": 33768000.0,
        "Total Revenue": 40269000.0,
        "Operating Revenue": 40269000.0
    },
    "2023-12-31": {
        "Tax Effect Of Unusual Items": NaN,
        "Tax Rate For Calcs": NaN,
        "Normalized EBITDA": NaN,
        "Total Unusual Items": NaN,
        "Total Unusual Items Excluding Goodwill": NaN,
        "Net Income From Continuing Operation Net Minority Interest": NaN,
        "Reconciled Depreciation": NaN,
        "Reconciled Cost Of Revenue": NaN,
        "EBITDA": NaN,
        "EBIT": NaN,
        "Net Interest Income": NaN,
        "Interest Expense": NaN,
        "Normalized Income": NaN,
        "Net Income From Continuing And Discontinued Operation": NaN,
        "Total Expenses": NaN,
        "Total Operating Income As Reported": NaN,
        "Diluted Average Shares": NaN,
        "Basic Average Shares": NaN,
        "Diluted EPS": NaN,
        "Basic EPS": NaN,
        "Diluted NI Availto Com Stockholders": NaN,
        "Average Dilution Earnings": NaN,
        "Net Income Common Stockholders": NaN,
        "Net Income": NaN,
        "Net Income Including Noncontrolling Interests": NaN,
        "Net Income Discontinuous Operations": NaN,
        "Net Income Continuous Operations": NaN,
        "Tax Provision": NaN,
        "Pretax Income": NaN,
        "Other Income Expense": NaN,
        "Other Non Operating Income Expenses": NaN,
        "Special Income Charges": 883000.0,
        "Gain On Sale Of Business": 883000.0,
        "Gain On Sale Of Security": NaN,
        "Net Non Operating Interest Income Expense": NaN,
        "Interest Expense Non Operating": NaN,
        "Operating Income": NaN,
        "Operating Expense": NaN,
        "Selling General And Administration": NaN,
        "Gross Profit": NaN,
        "Cost Of Revenue": NaN,
        "Total Revenue": NaN,
        "Operating Revenue": NaN
    },
    "2024-12-31": {
        "Tax Effect Of Unusual Items": -195894.261006,
        "Tax Rate For Calcs": 0.069838,
        "Normalized EBITDA": -2828000.0,
        "Total Unusual Items": -2805000.0,
        "Total Unusual Items Excluding Goodwill": -2805000.0,
        "Net Income From Continuing Operation Net Minority Interest": -7099000.0,
        "Reconciled Depreciation": 109000.0,
        "Reconciled Cost Of Revenue": 980000.0,
        "EBITDA": -5633000.0,
        "EBIT": -5742000.0,
        "Net Interest Income": -1890000.0,
        "Interest Expense": 1890000.0,
        "Normalized Income": -4489894.261006,
        "Net Income From Continuing And Discontinued Operation": -1901000.0,
        "Total Expenses": 4357000.0,
        "Total Operating Income As Reported": -2935000.0,
        "Diluted Average Shares": NaN,
        "Basic Average Shares": NaN,
        "Diluted EPS": NaN,
        "Basic EPS": NaN,
        "Diluted NI Availto Com Stockholders": -1901000.0,
        "Average Dilution Earnings": NaN,
        "Net Income Common Stockholders": -1901000.0,
        "Net Income": -1901000.0,
        "Net Income Including Noncontrolling Interests": -1901000.0,
        "Net Income Discontinuous Operations": 5198000.0,
        "Net Income Continuous Operations": -7099000.0,
        "Tax Provision": -533000.0,
        "Pretax Income": -7632000.0,
        "Other Income Expense": -2807000.0,
        "Other Non Operating Income Expenses": -2000.0,
        "Special Income Charges": -2804000.0,
        "Gain On Sale Of Business": 0.0,
        "Gain On Sale Of Security": -1000.0,
        "Net Non Operating Interest Income Expense": -1890000.0,
        "Interest Expense Non Operating": 1890000.0,
        "Operating Income": -2935000.0,
        "Operating Expense": 3377000.0,
        "Selling General And Administration": 3377000.0,
        "Gross Profit": 442000.0,
        "Cost Of Revenue": 980000.0,
        "Total Revenue": 1422000.0,
        "Operating Revenue": 1422000.0
    },
    "2025-03-31": {
        "Tax Effect Of Unusual Items": -181663.755459,
        "Tax Rate For Calcs": 0.213974,
        "Normalized EBITDA": 3801000.0,
        "Total Unusual Items": -849000.0,
        "Total Unusual Items Excluding Goodwill": -849000.0,
        "Net Income From Continuing Operation Net Minority Interest": 360000.0,
        "Reconciled Depreciation": 94000.0,
        "Reconciled Cost Of Revenue": 20987000.0,
        "EBITDA": 2952000.0,
        "EBIT": 2858000.0,
        "Net Interest Income": -2400000.0,
        "Interest Expense": 2400000.0,
        "Normalized Income": 1027336.244541,
        "Net Income From Continuing And Discontinued Operation": 455000.0,
        "Total Expenses": 22957000.0,
        "Total Operating Income As Reported": 2526000.0,
        "Diluted Average Shares": 14180389.0,
        "Basic Average Shares": 1862438.0,
        "Diluted EPS": 0.03,
        "Basic EPS": 0.24,
        "Diluted NI Availto Com Stockholders": 1336000.0,
        "Average Dilution Earnings": 881000.0,
        "Net Income Common Stockholders": 455000.0,
        "Net Income": 455000.0,
        "Net Income Including Noncontrolling Interests": 455000.0,
        "Net Income Discontinuous Operations": 95000.0,
        "Net Income Continuous Operations": 360000.0,
        "Tax Provision": 98000.0,
        "Pretax Income": 458000.0,
        "Other Income Expense": 332000.0,
        "Other Non Operating Income Expenses": 1181000.0,
        "Special Income Charges": NaN,
        "Gain On Sale Of Business": NaN,
        "Gain On Sale Of Security": -849000.0,
        "Net Non Operating Interest Income Expense": -2400000.0,
        "Interest Expense Non Operating": 2400000.0,
        "Operating Income": 2526000.0,
        "Operating Expense": 1970000.0,
        "Selling General And Administration": 1970000.0,
        "Gross Profit": 4496000.0,
        "Cost Of Revenue": 20987000.0,
        "Total Revenue": 25483000.0,
        "Operating Revenue": 25483000.0
    },
    "2025-06-30": {
        "Tax Effect Of Unusual Items": 6514.972145,
        "Tax Rate For Calcs": 0.065808,
        "Normalized EBITDA": 4096000.0,
        "Total Unusual Items": 99000.0,
        "Total Unusual Items Excluding Goodwill": 99000.0,
        "Net Income From Continuing Operation Net Minority Interest": 2683000.0,
        "Reconciled Depreciation": 94000.0,
        "Reconciled Cost Of Revenue": 21088000.0,
        "EBITDA": 4195000.0,
        "EBIT": 4101000.0,
        "Net Interest Income": -1229000.0,
        "Interest Expense": 1229000.0,
        "Normalized Income": 2590514.972145,
        "Net Income From Continuing And Discontinued Operation": 3602000.0,
        "Total Expenses": 23983000.0,
        "Total Operating Income As Reported": 872000.0,
        "Diluted Average Shares": 4661101.0,
        "Basic Average Shares": 2592878.0,
        "Diluted EPS": 0.75,
        "Basic EPS": 1.39,
        "Diluted NI Availto Com Stockholders": 3503000.0,
        "Average Dilution Earnings": -99000.0,
        "Net Income Common Stockholders": 3602000.0,
        "Net Income": 3602000.0,
        "Net Income Including Noncontrolling Interests": 3602000.0,
        "Net Income Discontinuous Operations": 919000.0,
        "Net Income Continuous Operations": 2683000.0,
        "Tax Provision": 189000.0,
        "Pretax Income": 2872000.0,
        "Other Income Expense": 3229000.0,
        "Other Non Operating Income Expenses": 3130000.0,
        "Special Income Charges": NaN,
        "Gain On Sale Of Business": NaN,
        "Gain On Sale Of Security": 99000.0,
        "Net Non Operating Interest Income Expense": -1229000.0,
        "Interest Expense Non Operating": 1229000.0,
        "Operating Income": 872000.0,
        "Operating Expense": 2895000.0,
        "Selling General And Administration": 2895000.0,
        "Gross Profit": 3767000.0,
        "Cost Of Revenue": 21088000.0,
        "Total Revenue": 24855000.0,
        "Operating Revenue": 24855000.0
    }
}