{
    "2024-06-30": {
        "Tax Effect Of Unusual Items": NaN,
        "Tax Rate For Calcs": NaN,
        "Normalized EBITDA": NaN,
        "Total Unusual Items": NaN,
        "Total Unusual Items Excluding Goodwill": NaN,
        "Net Income From Continuing Operation Net Minority Interest": NaN,
        "Reconciled Depreciation": NaN,
        "Reconciled Cost Of Revenue": NaN,
        "EBITDA": NaN,
        "EBIT": NaN,
        "Net Interest Income": NaN,
        "Interest Expense": NaN,
        "Interest Income": NaN,
        "Normalized Income": NaN,
        "Net Income From Continuing And Discontinued Operation": NaN,
        "Total Expenses": NaN,
        "Diluted Average Shares": 207570409.0,
        "Basic Average Shares": 207570409.0,
        "Diluted EPS": 0.423953,
        "Basic EPS": 0.423953,
        "Diluted NI Availto Com Stockholders": NaN,
        "Net Income Common Stockholders": NaN,
        "Net Income": NaN,
        "Net Income Including Noncontrolling Interests": NaN,
        "Net Income Continuous Operations": NaN,
        "Tax Provision": NaN,
        "Pretax Income": NaN,
        "Other Income Expense": NaN,
        "Special Income Charges": NaN,
        "Gain On Sale Of Business": NaN,
        "Impairment Of Capital Assets": NaN,
        "Earnings From Equity Interest": NaN,
        "Net Non Operating Interest Income Expense": NaN,
        "Interest Expense Non Operating": NaN,
        "Interest Income Non Operating": NaN,
        "Operating Income": NaN,
        "Operating Expense": NaN,
        "Other Operating Expenses": NaN,
        "Other Taxes": NaN,
        "Depreciation Amortization Depletion Income Statement": NaN,
        "Depreciation And Amortization In Income Statement": NaN,
        "Gross Profit": NaN,
        "Cost Of Revenue": NaN,
        "Total Revenue": NaN,
        "Operating Revenue": NaN
    },
    "2024-03-31": {
        "Tax Effect Of Unusual Items": NaN,
        "Tax Rate For Calcs": NaN,
        "Normalized EBITDA": NaN,
        "Total Unusual Items": NaN,
        "Total Unusual Items Excluding Goodwill": NaN,
        "Net Income From Continuing Operation Net Minority Interest": NaN,
        "Reconciled Depreciation": NaN,
        "Reconciled Cost Of Revenue": NaN,
        "EBITDA": NaN,
        "EBIT": NaN,
        "Net Interest Income": NaN,
        "Interest Expense": NaN,
        "Interest Income": NaN,
        "Normalized Income": NaN,
        "Net Income From Continuing And Discontinued Operation": NaN,
        "Total Expenses": NaN,
        "Diluted Average Shares": NaN,
        "Basic Average Shares": NaN,
        "Diluted EPS": NaN,
        "Basic EPS": NaN,
        "Diluted NI Availto Com Stockholders": NaN,
        "Net Income Common Stockholders": NaN,
        "Net Income": NaN,
        "Net Income Including Noncontrolling Interests": NaN,
        "Net Income Continuous Operations": NaN,
        "Tax Provision": NaN,
        "Pretax Income": NaN,
        "Other Income Expense": NaN,
        "Special Income Charges": NaN,
        "Gain On Sale Of Business": NaN,
        "Impairment Of Capital Assets": NaN,
        "Earnings From Equity Interest": NaN,
        "Net Non Operating Interest Income Expense": NaN,
        "Interest Expense Non Operating": NaN,
        "Interest Income Non Operating": NaN,
        "Operating Income": NaN,
        "Operating Expense": NaN,
        "Other Operating Expenses": NaN,
        "Other Taxes": NaN,
        "Depreciation Amortization Depletion Income Statement": 61000000.0,
        "Depreciation And Amortization In Income Statement": 61000000.0,
        "Gross Profit": NaN,
        "Cost Of Revenue": NaN,
        "Total Revenue": NaN,
        "Operating Revenue": NaN
    },
    "2024-09-30": {
        "Tax Effect Of Unusual Items": 0.0,
        "Tax Rate For Calcs": 0.322222,
        "Normalized EBITDA": 266000000.0,
        "Total Unusual Items": 0.0,
        "Total Unusual Items Excluding Goodwill": 0.0,
        "Net Income From Continuing Operation Net Minority Interest": 61000000.0,
        "Reconciled Depreciation": 61000000.0,
        "Reconciled Cost Of Revenue": 159000000.0,
        "EBITDA": 266000000.0,
        "EBIT": 205000000.0,
        "Net Interest Income": -88000000.0,
        "Interest Expense": 115000000.0,
        "Interest Income": 27000000.0,
        "Normalized Income": 61000000.0,
        "Net Income From Continuing And Discontinued Operation": 61000000.0,
        "Total Expenses": 368000000.0,
        "Diluted Average Shares": 207600000.0,
        "Basic Average Shares": 207600000.0,
        "Diluted EPS": 0.29,
        "Basic EPS": 0.29,
        "Diluted NI Availto Com Stockholders": 61000000.0,
        "Net Income Common Stockholders": 61000000.0,
        "Net Income": 61000000.0,
        "Net Income Including Noncontrolling Interests": 61000000.0,
        "Net Income Continuous Operations": 61000000.0,
        "Tax Provision": 29000000.0,
        "Pretax Income": 90000000.0,
        "Other Income Expense": 12000000.0,
        "Special Income Charges": 0.0,
        "Gain On Sale Of Business": 0.0,
        "Impairment Of Capital Assets": 15543121.058709,
        "Earnings From Equity Interest": 12000000.0,
        "Net Non Operating Interest Income Expense": -88000000.0,
        "Interest Expense Non Operating": 115000000.0,
        "Interest Income Non Operating": 27000000.0,
        "Operating Income": 166000000.0,
        "Operating Expense": 209000000.0,
        "Other Operating Expenses": 209000000.0,
        "Other Taxes": 20724161.411611,
        "Depreciation Amortization Depletion Income Statement": 61432335.612991,
        "Depreciation And Amortization In Income Statement": 61432335.612991,
        "Gross Profit": 375000000.0,
        "Cost Of Revenue": 159000000.0,
        "Total Revenue": 534000000.0,
        "Operating Revenue": 533000000.0
    },
    "2023-09-30": {
        "Tax Effect Of Unusual Items": NaN,
        "Tax Rate For Calcs": NaN,
        "Normalized EBITDA": NaN,
        "Total Unusual Items": 0.0,
        "Total Unusual Items Excluding Goodwill": 0.0,
        "Net Income From Continuing Operation Net Minority Interest": NaN,
        "Reconciled Depreciation": NaN,
        "Reconciled Cost Of Revenue": NaN,
        "EBITDA": NaN,
        "EBIT": NaN,
        "Net Interest Income": NaN,
        "Interest Expense": NaN,
        "Interest Income": NaN,
        "Normalized Income": NaN,
        "Net Income From Continuing And Discontinued Operation": NaN,
        "Total Expenses": NaN,
        "Diluted Average Shares": 207600000.0,
        "Basic Average Shares": 207600000.0,
        "Diluted EPS": 0.428788,
        "Basic EPS": 0.428788,
        "Diluted NI Availto Com Stockholders": NaN,
        "Net Income Common Stockholders": NaN,
        "Net Income": NaN,
        "Net Income Including Noncontrolling Interests": NaN,
        "Net Income Continuous Operations": NaN,
        "Tax Provision": NaN,
        "Pretax Income": NaN,
        "Other Income Expense": NaN,
        "Special Income Charges": 0.0,
        "Impairment Of Capital Assets": 0.0,
        "Earnings From Equity Interest": NaN,
        "Net Non Operating Interest Income Expense": NaN,
        "Interest Expense Non Operating": NaN,
        "Interest Income Non Operating": NaN,
        "Operating Income": NaN,
        "Operating Expense": NaN,
        "Other Operating Expenses": NaN,
        "Other Taxes": 21334510.40977,
        "Depreciation Amortization Depletion Income Statement": NaN,
        "Depreciation And Amortization In Income Statement": NaN,
        "Gross Profit": NaN,
        "Cost Of Revenue": NaN,
        "Total Revenue": NaN,
        "Operating Revenue": NaN
    },
    "2024-12-31": {
        "Tax Effect Of Unusual Items": 0.0,
        "Tax Rate For Calcs": 0.227779,
        "Normalized EBITDA": 213411611.451579,
        "Total Unusual Items": NaN,
        "Total Unusual Items Excluding Goodwill": NaN,
        "Net Income From Continuing Operation Net Minority Interest": 54727536.489327,
        "Reconciled Depreciation": 60962844.539183,
        "Reconciled Cost Of Revenue": 150525327.885839,
        "EBITDA": 213411611.451579,
        "EBIT": 152448766.912396,
        "Net Interest Income": -109546496.136424,
        "Interest Expense": 81578470.556888,
        "Interest Income": -27968025.579536,
        "Normalized Income": 54727536.489327,
        "Net Income From Continuing And Discontinued Operation": 54727536.489327,
        "Total Expenses": 323248808.360719,
        "Diluted Average Shares": NaN,
        "Basic Average Shares": NaN,
        "Diluted EPS": NaN,
        "Basic EPS": NaN,
        "Diluted NI Availto Com Stockholders": 54727536.489327,
        "Net Income Common Stockholders": 54727536.489327,
        "Net Income": 54727536.489327,
        "Net Income Including Noncontrolling Interests": 54727536.489327,
        "Net Income Continuous Operations": 54727536.489327,
        "Tax Provision": 16142759.866181,
        "Pretax Income": 70870296.355508,
        "Other Income Expense": 26795541.344702,
        "Special Income Charges": NaN,
        "Gain On Sale Of Business": NaN,
        "Impairment Of Capital Assets": NaN,
        "Earnings From Equity Interest": 11252420.285993,
        "Net Non Operating Interest Income Expense": -109546496.136424,
        "Interest Expense Non Operating": 81578470.556888,
        "Interest Income Non Operating": -27968025.579536,
        "Operating Income": 153621251.14723,
        "Operating Expense": 172723480.474879,
        "Other Operating Expenses": 234895964.709714,
        "Other Taxes": NaN,
        "Depreciation Amortization Depletion Income Statement": 60962844.539183,
        "Depreciation And Amortization In Income Statement": 60962844.539183,
        "Gross Profit": 326344731.62211,
        "Cost Of Revenue": 150525327.885839,
        "Total Revenue": 476870059.507949,
        "Operating Revenue": 471870059.507949
    },
    "2023-12-31": {
        "Tax Effect Of Unusual Items": NaN,
        "Tax Rate For Calcs": NaN,
        "Normalized EBITDA": NaN,
        "Total Unusual Items": NaN,
        "Total Unusual Items Excluding Goodwill": NaN,
        "Net Income From Continuing Operation Net Minority Interest": NaN,
        "Reconciled Depreciation": NaN,
        "Reconciled Cost Of Revenue": NaN,
        "EBITDA": NaN,
        "EBIT": NaN,
        "Net Interest Income": NaN,
        "Interest Expense": NaN,
        "Interest Income": NaN,
        "Normalized Income": NaN,
        "Net Income From Continuing And Discontinued Operation": NaN,
        "Total Expenses": NaN,
        "Diluted Average Shares": NaN,
        "Basic Average Shares": NaN,
        "Diluted EPS": NaN,
        "Basic EPS": NaN,
        "Diluted NI Availto Com Stockholders": NaN,
        "Net Income Common Stockholders": NaN,
        "Net Income": NaN,
        "Net Income Including Noncontrolling Interests": NaN,
        "Net Income Continuous Operations": NaN,
        "Tax Provision": NaN,
        "Pretax Income": NaN,
        "Other Income Expense": NaN,
        "Special Income Charges": NaN,
        "Impairment Of Capital Assets": NaN,
        "Earnings From Equity Interest": NaN,
        "Net Non Operating Interest Income Expense": NaN,
        "Interest Expense Non Operating": NaN,
        "Interest Income Non Operating": NaN,
        "Operating Income": NaN,
        "Operating Expense": NaN,
        "Other Operating Expenses": NaN,
        "Other Taxes": NaN,
        "Depreciation Amortization Depletion Income Statement": 63024497.903333,
        "Depreciation And Amortization In Income Statement": 63024497.903333,
        "Gross Profit": NaN,
        "Cost Of Revenue": NaN,
        "Total Revenue": NaN,
        "Operating Revenue": NaN
    },
    "2025-03-31": {
        "Tax Effect Of Unusual Items": 0.0,
        "Tax Rate For Calcs": 0.22807,
        "Normalized EBITDA": 259000000.0,
        "Total Unusual Items": NaN,
        "Total Unusual Items Excluding Goodwill": NaN,
        "Net Income From Continuing Operation Net Minority Interest": 88000000.0,
        "Reconciled Depreciation": 62000000.0,
        "Reconciled Cost Of Revenue": 146000000.0,
        "EBITDA": 259000000.0,
        "EBIT": 197000000.0,
        "Net Interest Income": -77000000.0,
        "Interest Expense": 83000000.0,
        "Interest Income": 6000000.0,
        "Normalized Income": 88000000.0,
        "Net Income From Continuing And Discontinued Operation": 88000000.0,
        "Total Expenses": 320000000.0,
        "Diluted Average Shares": 208700000.0,
        "Basic Average Shares": 208100000.0,
        "Diluted EPS": 0.42,
        "Basic EPS": 0.42,
        "Diluted NI Availto Com Stockholders": 88000000.0,
        "Net Income Common Stockholders": 88000000.0,
        "Net Income": 88000000.0,
        "Net Income Including Noncontrolling Interests": 88000000.0,
        "Net Income Continuous Operations": 88000000.0,
        "Tax Provision": 26000000.0,
        "Pretax Income": 114000000.0,
        "Other Income Expense": 13000000.0,
        "Special Income Charges": NaN,
        "Gain On Sale Of Business": NaN,
        "Impairment Of Capital Assets": NaN,
        "Earnings From Equity Interest": 13000000.0,
        "Net Non Operating Interest Income Expense": -77000000.0,
        "Interest Expense Non Operating": 83000000.0,
        "Interest Income Non Operating": 6000000.0,
        "Operating Income": 178000000.0,
        "Operating Expense": 174000000.0,
        "Other Operating Expenses": 174000000.0,
        "Other Taxes": NaN,
        "Depreciation Amortization Depletion Income Statement": 62000000.0,
        "Depreciation And Amortization In Income Statement": 62000000.0,
        "Gross Profit": 352000000.0,
        "Cost Of Revenue": 146000000.0,
        "Total Revenue": 498000000.0,
        "Operating Revenue": 498000000.0
    },
    "2025-06-30": {
        "Tax Effect Of Unusual Items": 0.0,
        "Tax Rate For Calcs": 0.238095,
        "Normalized EBITDA": 270000000.0,
        "Total Unusual Items": NaN,
        "Total Unusual Items Excluding Goodwill": NaN,
        "Net Income From Continuing Operation Net Minority Interest": 96000000.0,
        "Reconciled Depreciation": 63000000.0,
        "Reconciled Cost Of Revenue": 142000000.0,
        "EBITDA": 270000000.0,
        "EBIT": 207000000.0,
        "Net Interest Income": -73000000.0,
        "Interest Expense": 81000000.0,
        "Interest Income": 8000000.0,
        "Normalized Income": 96000000.0,
        "Net Income From Continuing And Discontinued Operation": 96000000.0,
        "Total Expenses": 338000000.0,
        "Diluted Average Shares": 208800000.0,
        "Basic Average Shares": 208200000.0,
        "Diluted EPS": 0.46,
        "Basic EPS": 0.46,
        "Diluted NI Availto Com Stockholders": 96000000.0,
        "Net Income Common Stockholders": 96000000.0,
        "Net Income": 96000000.0,
        "Net Income Including Noncontrolling Interests": 96000000.0,
        "Net Income Continuous Operations": 96000000.0,
        "Tax Provision": 30000000.0,
        "Pretax Income": 126000000.0,
        "Other Income Expense": 13000000.0,
        "Special Income Charges": NaN,
        "Gain On Sale Of Business": NaN,
        "Impairment Of Capital Assets": NaN,
        "Earnings From Equity Interest": 13000000.0,
        "Net Non Operating Interest Income Expense": -73000000.0,
        "Interest Expense Non Operating": 81000000.0,
        "Interest Income Non Operating": 8000000.0,
        "Operating Income": 186000000.0,
        "Operating Expense": 196000000.0,
        "Other Operating Expenses": 196000000.0,
        "Other Taxes": NaN,
        "Depreciation Amortization Depletion Income Statement": NaN,
        "Depreciation And Amortization In Income Statement": NaN,
        "Gross Profit": 382000000.0,
        "Cost Of Revenue": 142000000.0,
        "Total Revenue": 524000000.0,
        "Operating Revenue": 524000000.0
    },
    "2025-09-30": {
        "Tax Effect Of Unusual Items": 2115384.615385,
        "Tax Rate For Calcs": 0.105769,
        "Normalized EBITDA": 232000000.0,
        "Total Unusual Items": 20000000.0,
        "Total Unusual Items Excluding Goodwill": 20000000.0,
        "Net Income From Continuing Operation Net Minority Interest": 93000000.0,
        "Reconciled Depreciation": 64000000.0,
        "Reconciled Cost Of Revenue": 144000000.0,
        "EBITDA": 252000000.0,
        "EBIT": 188000000.0,
        "Net Interest Income": -75000000.0,
        "Interest Expense": 84000000.0,
        "Interest Income": 9000000.0,
        "Normalized Income": 75115384.615385,
        "Net Income From Continuing And Discontinued Operation": 93000000.0,
        "Total Expenses": 314000000.0,
        "Diluted Average Shares": 208800000.0,
        "Basic Average Shares": 208200000.0,
        "Diluted EPS": 0.45,
        "Basic EPS": 0.45,
        "Diluted NI Availto Com Stockholders": 93000000.0,
        "Net Income Common Stockholders": 93000000.0,
        "Net Income": 93000000.0,
        "Net Income Including Noncontrolling Interests": 93000000.0,
        "Net Income Continuous Operations": 93000000.0,
        "Tax Provision": 11000000.0,
        "Pretax Income": 104000000.0,
        "Other Income Expense": 32000000.0,
        "Special Income Charges": 20000000.0,
        "Gain On Sale Of Business": 20000000.0,
        "Impairment Of Capital Assets": NaN,
        "Earnings From Equity Interest": 12000000.0,
        "Net Non Operating Interest Income Expense": -75000000.0,
        "Interest Expense Non Operating": 84000000.0,
        "Interest Income Non Operating": 9000000.0,
        "Operating Income": 147000000.0,
        "Operating Expense": 170000000.0,
        "Other Operating Expenses": 170000000.0,
        "Other Taxes": NaN,
        "Depreciation Amortization Depletion Income Statement": NaN,
        "Depreciation And Amortization In Income Statement": NaN,
        "Gross Profit": 317000000.0,
        "Cost Of Revenue": 144000000.0,
        "Total Revenue": 461000000.0,
        "Operating Revenue": 336000000.0
    }
}