{
    "2023-12-31": {
        "Tax Effect Of Unusual Items": NaN,
        "Tax Rate For Calcs": NaN,
        "Normalized EBITDA": NaN,
        "Net Income From Continuing Operation Net Minority Interest": NaN,
        "Reconciled Depreciation": NaN,
        "Reconciled Cost Of Revenue": NaN,
        "EBITDA": NaN,
        "EBIT": NaN,
        "Net Interest Income": NaN,
        "Interest Expense": NaN,
        "Normalized Income": NaN,
        "Net Income From Continuing And Discontinued Operation": NaN,
        "Total Expenses": NaN,
        "Rent Expense Supplemental": 117000000.0,
        "Total Operating Income As Reported": NaN,
        "Diluted Average Shares": NaN,
        "Basic Average Shares": NaN,
        "Diluted EPS": NaN,
        "Basic EPS": NaN,
        "Diluted NI Availto Com Stockholders": NaN,
        "Net Income Common Stockholders": NaN,
        "Net Income": NaN,
        "Net Income Including Noncontrolling Interests": NaN,
        "Net Income Continuous Operations": NaN,
        "Tax Provision": NaN,
        "Pretax Income": NaN,
        "Other Income Expense": NaN,
        "Other Non Operating Income Expenses": NaN,
        "Net Non Operating Interest Income Expense": NaN,
        "Interest Expense Non Operating": NaN,
        "Operating Income": NaN,
        "Operating Expense": NaN,
        "Research And Development": NaN,
        "Selling General And Administration": NaN,
        "Gross Profit": NaN,
        "Cost Of Revenue": NaN,
        "Total Revenue": NaN,
        "Operating Revenue": NaN
    },
    "2023-09-30": {
        "Tax Effect Of Unusual Items": NaN,
        "Tax Rate For Calcs": NaN,
        "Normalized EBITDA": NaN,
        "Net Income From Continuing Operation Net Minority Interest": NaN,
        "Reconciled Depreciation": NaN,
        "Reconciled Cost Of Revenue": NaN,
        "EBITDA": NaN,
        "EBIT": NaN,
        "Net Interest Income": NaN,
        "Interest Expense": NaN,
        "Normalized Income": NaN,
        "Net Income From Continuing And Discontinued Operation": NaN,
        "Total Expenses": NaN,
        "Rent Expense Supplemental": 117000000.0,
        "Total Operating Income As Reported": NaN,
        "Diluted Average Shares": NaN,
        "Basic Average Shares": NaN,
        "Diluted EPS": NaN,
        "Basic EPS": NaN,
        "Diluted NI Availto Com Stockholders": NaN,
        "Net Income Common Stockholders": NaN,
        "Net Income": NaN,
        "Net Income Including Noncontrolling Interests": NaN,
        "Net Income Continuous Operations": NaN,
        "Tax Provision": NaN,
        "Pretax Income": NaN,
        "Other Income Expense": NaN,
        "Other Non Operating Income Expenses": NaN,
        "Net Non Operating Interest Income Expense": NaN,
        "Interest Expense Non Operating": NaN,
        "Operating Income": NaN,
        "Operating Expense": NaN,
        "Research And Development": NaN,
        "Selling General And Administration": NaN,
        "Gross Profit": NaN,
        "Cost Of Revenue": NaN,
        "Total Revenue": NaN,
        "Operating Revenue": NaN
    },
    "2024-03-31": {
        "Tax Effect Of Unusual Items": 0.0,
        "Tax Rate For Calcs": 0.28,
        "Normalized EBITDA": 507000000.0,
        "Net Income From Continuing Operation Net Minority Interest": 237000000.0,
        "Reconciled Depreciation": 139000000.0,
        "Reconciled Cost Of Revenue": 844000000.0,
        "EBITDA": 507000000.0,
        "EBIT": 368000000.0,
        "Net Interest Income": -39000000.0,
        "Interest Expense": 39000000.0,
        "Normalized Income": 237000000.0,
        "Net Income From Continuing And Discontinued Operation": 237000000.0,
        "Total Expenses": 1635000000.0,
        "Rent Expense Supplemental": 119000000.0,
        "Total Operating Income As Reported": 381000000.0,
        "Diluted Average Shares": 172700000.0,
        "Basic Average Shares": 172700000.0,
        "Diluted EPS": 1.37,
        "Basic EPS": 1.37,
        "Diluted NI Availto Com Stockholders": 237000000.0,
        "Net Income Common Stockholders": 237000000.0,
        "Net Income": 237000000.0,
        "Net Income Including Noncontrolling Interests": 237000000.0,
        "Net Income Continuous Operations": 237000000.0,
        "Tax Provision": 92000000.0,
        "Pretax Income": 329000000.0,
        "Other Income Expense": -13000000.0,
        "Other Non Operating Income Expenses": -13000000.0,
        "Net Non Operating Interest Income Expense": -39000000.0,
        "Interest Expense Non Operating": 39000000.0,
        "Operating Income": 381000000.0,
        "Operating Expense": 791000000.0,
        "Research And Development": 195000000.0,
        "Selling General And Administration": 596000000.0,
        "Gross Profit": 1172000000.0,
        "Cost Of Revenue": 844000000.0,
        "Total Revenue": 2016000000.0,
        "Operating Revenue": 2016000000.0
    },
    "2023-06-30": {
        "Tax Effect Of Unusual Items": NaN,
        "Tax Rate For Calcs": NaN,
        "Normalized EBITDA": NaN,
        "Net Income From Continuing Operation Net Minority Interest": NaN,
        "Reconciled Depreciation": NaN,
        "Reconciled Cost Of Revenue": NaN,
        "EBITDA": NaN,
        "EBIT": NaN,
        "Net Interest Income": NaN,
        "Interest Expense": NaN,
        "Normalized Income": NaN,
        "Net Income From Continuing And Discontinued Operation": NaN,
        "Total Expenses": NaN,
        "Rent Expense Supplemental": NaN,
        "Total Operating Income As Reported": NaN,
        "Diluted Average Shares": 172700000.0,
        "Basic Average Shares": 172700000.0,
        "Diluted EPS": 1.858715,
        "Basic EPS": 1.858715,
        "Diluted NI Availto Com Stockholders": NaN,
        "Net Income Common Stockholders": NaN,
        "Net Income": NaN,
        "Net Income Including Noncontrolling Interests": NaN,
        "Net Income Continuous Operations": NaN,
        "Tax Provision": NaN,
        "Pretax Income": NaN,
        "Other Income Expense": NaN,
        "Other Non Operating Income Expenses": NaN,
        "Net Non Operating Interest Income Expense": NaN,
        "Interest Expense Non Operating": NaN,
        "Operating Income": NaN,
        "Operating Expense": NaN,
        "Research And Development": NaN,
        "Selling General And Administration": NaN,
        "Gross Profit": NaN,
        "Cost Of Revenue": NaN,
        "Total Revenue": NaN,
        "Operating Revenue": NaN
    },
    "2023-03-31": {
        "Tax Effect Of Unusual Items": NaN,
        "Tax Rate For Calcs": NaN,
        "Normalized EBITDA": NaN,
        "Net Income From Continuing Operation Net Minority Interest": NaN,
        "Reconciled Depreciation": NaN,
        "Reconciled Cost Of Revenue": NaN,
        "EBITDA": NaN,
        "EBIT": NaN,
        "Net Interest Income": 0.0,
        "Interest Expense": 0.0,
        "Normalized Income": NaN,
        "Net Income From Continuing And Discontinued Operation": NaN,
        "Total Expenses": NaN,
        "Rent Expense Supplemental": NaN,
        "Total Operating Income As Reported": NaN,
        "Diluted Average Shares": 172700000.0,
        "Basic Average Shares": 172700000.0,
        "Diluted EPS": 1.7,
        "Basic EPS": 1.7,
        "Diluted NI Availto Com Stockholders": NaN,
        "Net Income Common Stockholders": NaN,
        "Net Income": NaN,
        "Net Income Including Noncontrolling Interests": NaN,
        "Net Income Continuous Operations": NaN,
        "Tax Provision": NaN,
        "Pretax Income": NaN,
        "Other Income Expense": NaN,
        "Other Non Operating Income Expenses": NaN,
        "Net Non Operating Interest Income Expense": 0.0,
        "Interest Expense Non Operating": 0.0,
        "Operating Income": NaN,
        "Operating Expense": NaN,
        "Research And Development": NaN,
        "Selling General And Administration": NaN,
        "Gross Profit": NaN,
        "Cost Of Revenue": NaN,
        "Total Revenue": NaN,
        "Operating Revenue": NaN
    },
    "2024-06-30": {
        "Tax Effect Of Unusual Items": 0.0,
        "Tax Rate For Calcs": 0.073,
        "Normalized EBITDA": 343000000.0,
        "Net Income From Continuing Operation Net Minority Interest": 89000000.0,
        "Reconciled Depreciation": 133000000.0,
        "Reconciled Cost Of Revenue": 944000000.0,
        "EBITDA": 343000000.0,
        "EBIT": 210000000.0,
        "Net Interest Income": -114000000.0,
        "Interest Expense": 114000000.0,
        "Normalized Income": 89000000.0,
        "Net Income From Continuing And Discontinued Operation": 89000000.0,
        "Total Expenses": 1837000000.0,
        "Rent Expense Supplemental": 121000000.0,
        "Total Operating Income As Reported": 244000000.0,
        "Diluted Average Shares": 173500000.0,
        "Basic Average Shares": 173200000.0,
        "Diluted EPS": 0.51,
        "Basic EPS": 0.51,
        "Diluted NI Availto Com Stockholders": 89000000.0,
        "Net Income Common Stockholders": 89000000.0,
        "Net Income": 89000000.0,
        "Net Income Including Noncontrolling Interests": 89000000.0,
        "Net Income Continuous Operations": 89000000.0,
        "Tax Provision": 7000000.0,
        "Pretax Income": 96000000.0,
        "Other Income Expense": -34000000.0,
        "Other Non Operating Income Expenses": -34000000.0,
        "Net Non Operating Interest Income Expense": -114000000.0,
        "Interest Expense Non Operating": 114000000.0,
        "Operating Income": 244000000.0,
        "Operating Expense": 893000000.0,
        "Research And Development": 192000000.0,
        "Selling General And Administration": 701000000.0,
        "Gross Profit": 1137000000.0,
        "Cost Of Revenue": 944000000.0,
        "Total Revenue": 2081000000.0,
        "Operating Revenue": 2081000000.0
    },
    "2024-09-30": {
        "Tax Effect Of Unusual Items": 0.0,
        "Tax Rate For Calcs": 0.269,
        "Normalized EBITDA": 407000000.0,
        "Net Income From Continuing Operation Net Minority Interest": 122000000.0,
        "Reconciled Depreciation": 133000000.0,
        "Reconciled Cost Of Revenue": 917000000.0,
        "EBITDA": 407000000.0,
        "EBIT": 274000000.0,
        "Net Interest Income": -107000000.0,
        "Interest Expense": 107000000.0,
        "Normalized Income": 122000000.0,
        "Net Income From Continuing And Discontinued Operation": 122000000.0,
        "Total Expenses": 1807000000.0,
        "Rent Expense Supplemental": 124000000.0,
        "Total Operating Income As Reported": 275000000.0,
        "Diluted Average Shares": 173900000.0,
        "Basic Average Shares": 173400000.0,
        "Diluted EPS": 0.7,
        "Basic EPS": 0.7,
        "Diluted NI Availto Com Stockholders": 122000000.0,
        "Net Income Common Stockholders": 122000000.0,
        "Net Income": 122000000.0,
        "Net Income Including Noncontrolling Interests": 122000000.0,
        "Net Income Continuous Operations": 122000000.0,
        "Tax Provision": 45000000.0,
        "Pretax Income": 167000000.0,
        "Other Income Expense": -1000000.0,
        "Other Non Operating Income Expenses": -1000000.0,
        "Net Non Operating Interest Income Expense": -107000000.0,
        "Interest Expense Non Operating": 107000000.0,
        "Operating Income": 275000000.0,
        "Operating Expense": 890000000.0,
        "Research And Development": 189000000.0,
        "Selling General And Administration": 701000000.0,
        "Gross Profit": 1165000000.0,
        "Cost Of Revenue": 917000000.0,
        "Total Revenue": 2082000000.0,
        "Operating Revenue": 2082000000.0
    },
    "2024-12-31": {
        "Tax Effect Of Unusual Items": 0.0,
        "Tax Rate For Calcs": 0.21,
        "Normalized EBITDA": 270000000.0,
        "Net Income From Continuing Operation Net Minority Interest": 31000000.0,
        "Reconciled Depreciation": 150000000.0,
        "Reconciled Cost Of Revenue": 956000000.0,
        "EBITDA": 270000000.0,
        "EBIT": 120000000.0,
        "Net Interest Income": -107000000.0,
        "Interest Expense": 107000000.0,
        "Normalized Income": 31000000.0,
        "Net Income From Continuing And Discontinued Operation": 31000000.0,
        "Total Expenses": 1939000000.0,
        "Rent Expense Supplemental": NaN,
        "Total Operating Income As Reported": 136000000.0,
        "Diluted Average Shares": 174500000.0,
        "Basic Average Shares": 173400000.0,
        "Diluted EPS": 0.17,
        "Basic EPS": 0.17,
        "Diluted NI Availto Com Stockholders": 31000000.0,
        "Net Income Common Stockholders": 31000000.0,
        "Net Income": 31000000.0,
        "Net Income Including Noncontrolling Interests": 30000000.0,
        "Net Income Continuous Operations": 30000000.0,
        "Tax Provision": -17000000.0,
        "Pretax Income": 13000000.0,
        "Other Income Expense": -16000000.0,
        "Other Non Operating Income Expenses": -16000000.0,
        "Net Non Operating Interest Income Expense": -107000000.0,
        "Interest Expense Non Operating": 107000000.0,
        "Operating Income": 136000000.0,
        "Operating Expense": 983000000.0,
        "Research And Development": 199000000.0,
        "Selling General And Administration": 784000000.0,
        "Gross Profit": 1119000000.0,
        "Cost Of Revenue": 956000000.0,
        "Total Revenue": 2075000000.0,
        "Operating Revenue": 2075000000.0
    },
    "2025-03-31": {
        "Tax Effect Of Unusual Items": 0.0,
        "Tax Rate For Calcs": 0.21,
        "Normalized EBITDA": 271000000.0,
        "Net Income From Continuing Operation Net Minority Interest": 137000000.0,
        "Reconciled Depreciation": 129000000.0,
        "Reconciled Cost Of Revenue": 956000000.0,
        "EBITDA": 271000000.0,
        "EBIT": 142000000.0,
        "Net Interest Income": -104000000.0,
        "Interest Expense": 104000000.0,
        "Normalized Income": 137000000.0,
        "Net Income From Continuing And Discontinued Operation": 137000000.0,
        "Total Expenses": 1918000000.0,
        "Rent Expense Supplemental": NaN,
        "Total Operating Income As Reported": 152000000.0,
        "Diluted Average Shares": 174800000.0,
        "Basic Average Shares": 173700000.0,
        "Diluted EPS": 0.78,
        "Basic EPS": 0.79,
        "Diluted NI Availto Com Stockholders": 137000000.0,
        "Net Income Common Stockholders": 137000000.0,
        "Net Income": 137000000.0,
        "Net Income Including Noncontrolling Interests": 137000000.0,
        "Net Income Continuous Operations": 137000000.0,
        "Tax Provision": -99000000.0,
        "Pretax Income": 38000000.0,
        "Other Income Expense": -11000000.0,
        "Other Non Operating Income Expenses": -11000000.0,
        "Net Non Operating Interest Income Expense": -104000000.0,
        "Interest Expense Non Operating": 104000000.0,
        "Operating Income": 152000000.0,
        "Operating Expense": 962000000.0,
        "Research And Development": 193000000.0,
        "Selling General And Administration": 769000000.0,
        "Gross Profit": 1114000000.0,
        "Cost Of Revenue": 956000000.0,
        "Total Revenue": 2070000000.0,
        "Operating Revenue": 2070000000.0
    }
}