{
    "2023-03-31": {
        "Tax Effect Of Unusual Items": NaN,
        "Tax Rate For Calcs": NaN,
        "Normalized EBITDA": NaN,
        "Total Unusual Items": NaN,
        "Total Unusual Items Excluding Goodwill": NaN,
        "Net Income From Continuing Operation Net Minority Interest": NaN,
        "Reconciled Depreciation": NaN,
        "Reconciled Cost Of Revenue": NaN,
        "EBITDA": NaN,
        "EBIT": NaN,
        "Net Interest Income": NaN,
        "Interest Expense": NaN,
        "Normalized Income": NaN,
        "Net Income From Continuing And Discontinued Operation": NaN,
        "Total Expenses": NaN,
        "Total Operating Income As Reported": NaN,
        "Diluted Average Shares": 10955267.0,
        "Basic Average Shares": 10955267.0,
        "Diluted EPS": -7.47,
        "Basic EPS": -7.47,
        "Diluted NI Availto Com Stockholders": NaN,
        "Average Dilution Earnings": 0.0,
        "Net Income Common Stockholders": NaN,
        "Preferred Stock Dividends": NaN,
        "Net Income": NaN,
        "Net Income Including Noncontrolling Interests": NaN,
        "Net Income Continuous Operations": NaN,
        "Tax Provision": NaN,
        "Pretax Income": NaN,
        "Other Income Expense": NaN,
        "Other Non Operating Income Expenses": NaN,
        "Special Income Charges": NaN,
        "Other Special Charges": NaN,
        "Restructuring And Mergern Acquisition": NaN,
        "Gain On Sale Of Security": NaN,
        "Net Non Operating Interest Income Expense": NaN,
        "Interest Expense Non Operating": NaN,
        "Operating Income": NaN,
        "Operating Expense": NaN,
        "Other Operating Expenses": NaN,
        "Research And Development": NaN,
        "Selling General And Administration": NaN,
        "Selling And Marketing Expense": NaN,
        "General And Administrative Expense": NaN,
        "Other Gand A": NaN,
        "Gross Profit": NaN,
        "Cost Of Revenue": NaN,
        "Total Revenue": NaN,
        "Operating Revenue": NaN
    },
    "2022-12-31": {
        "Tax Effect Of Unusual Items": -4288.220229,
        "Tax Rate For Calcs": 0.000444,
        "Normalized EBITDA": -9623000.0,
        "Total Unusual Items": -9668000.0,
        "Total Unusual Items Excluding Goodwill": -9668000.0,
        "Net Income From Continuing Operation Net Minority Interest": -69860000.0,
        "Reconciled Depreciation": 45791000.0,
        "Reconciled Cost Of Revenue": 90049000.0,
        "EBITDA": -19291000.0,
        "EBIT": -65082000.0,
        "Net Interest Income": -4809000.0,
        "Interest Expense": 4809000.0,
        "Normalized Income": -60196288.220229,
        "Net Income From Continuing And Discontinued Operation": -69860000.0,
        "Total Expenses": 196669000.0,
        "Total Operating Income As Reported": -61900000.0,
        "Diluted Average Shares": NaN,
        "Basic Average Shares": NaN,
        "Diluted EPS": NaN,
        "Basic EPS": NaN,
        "Diluted NI Availto Com Stockholders": -73746000.0,
        "Average Dilution Earnings": NaN,
        "Net Income Common Stockholders": -73746000.0,
        "Preferred Stock Dividends": NaN,
        "Net Income": -69860000.0,
        "Net Income Including Noncontrolling Interests": -69860000.0,
        "Net Income Continuous Operations": -69860000.0,
        "Tax Provision": -31000.0,
        "Pretax Income": -69891000.0,
        "Other Income Expense": -3182000.0,
        "Other Non Operating Income Expenses": 6486000.0,
        "Special Income Charges": 1401000.0,
        "Restructuring And Mergern Acquisition": -1401000.0,
        "Gain On Sale Of Security": -11069000.0,
        "Net Non Operating Interest Income Expense": -4809000.0,
        "Interest Expense Non Operating": 4809000.0,
        "Operating Income": -61900000.0,
        "Operating Expense": 106620000.0,
        "Other Operating Expenses": 53225000.0,
        "Research And Development": 6247000.0,
        "Selling General And Administration": 47148000.0,
        "Selling And Marketing Expense": 15977000.0,
        "General And Administrative Expense": 31171000.0,
        "Other Gand A": 31171000.0,
        "Gross Profit": 44720000.0,
        "Cost Of Revenue": 90049000.0,
        "Total Revenue": 134769000.0,
        "Operating Revenue": 134769000.0
    },
    "2022-09-30": {
        "Tax Effect Of Unusual Items": -15492.6,
        "Tax Rate For Calcs": 0.0057,
        "Normalized EBITDA": -24927000.0,
        "Total Unusual Items": -2718000.0,
        "Total Unusual Items Excluding Goodwill": -2718000.0,
        "Net Income From Continuing Operation Net Minority Interest": -73689000.0,
        "Reconciled Depreciation": 41516000.0,
        "Reconciled Cost Of Revenue": 76884000.0,
        "EBITDA": -27645000.0,
        "EBIT": -69161000.0,
        "Net Interest Income": -4112000.0,
        "Interest Expense": 4112000.0,
        "Normalized Income": -70986492.6,
        "Net Income From Continuing And Discontinued Operation": -73689000.0,
        "Total Expenses": 185794000.0,
        "Total Operating Income As Reported": -61268000.0,
        "Diluted Average Shares": 10784117.0,
        "Basic Average Shares": 10784117.0,
        "Diluted EPS": -6.83,
        "Basic EPS": -6.83,
        "Diluted NI Availto Com Stockholders": -68856000.0,
        "Average Dilution Earnings": NaN,
        "Net Income Common Stockholders": -68856000.0,
        "Preferred Stock Dividends": -4833000.0,
        "Net Income": -73689000.0,
        "Net Income Including Noncontrolling Interests": -73689000.0,
        "Net Income Continuous Operations": -73689000.0,
        "Tax Provision": 416000.0,
        "Pretax Income": -73273000.0,
        "Other Income Expense": -7893000.0,
        "Other Non Operating Income Expenses": -5175000.0,
        "Special Income Charges": -2223000.0,
        "Restructuring And Mergern Acquisition": 2223000.0,
        "Gain On Sale Of Security": -495000.0,
        "Net Non Operating Interest Income Expense": -4112000.0,
        "Interest Expense Non Operating": 4112000.0,
        "Operating Income": -61268000.0,
        "Operating Expense": 108910000.0,
        "Other Operating Expenses": 55586000.0,
        "Research And Development": 6936000.0,
        "Selling General And Administration": 46388000.0,
        "Selling And Marketing Expense": 13372000.0,
        "General And Administrative Expense": 33016000.0,
        "Other Gand A": 33016000.0,
        "Gross Profit": 47642000.0,
        "Cost Of Revenue": 76884000.0,
        "Total Revenue": 124526000.0,
        "Operating Revenue": 124526000.0
    },
    "2022-06-30": {
        "Tax Effect Of Unusual Items": 12248800.0,
        "Tax Rate For Calcs": 0.4,
        "Normalized EBITDA": -31320000.0,
        "Total Unusual Items": 30622000.0,
        "Total Unusual Items Excluding Goodwill": 30622000.0,
        "Net Income From Continuing Operation Net Minority Interest": -43775000.0,
        "Reconciled Depreciation": 38578000.0,
        "Reconciled Cost Of Revenue": 79187000.0,
        "EBITDA": -698000.0,
        "EBIT": -39276000.0,
        "Net Interest Income": -4382000.0,
        "Interest Expense": 4382000.0,
        "Normalized Income": -62148200.0,
        "Net Income From Continuing And Discontinued Operation": -43775000.0,
        "Total Expenses": 184969000.0,
        "Total Operating Income As Reported": -67680000.0,
        "Diluted Average Shares": 215085516.0,
        "Basic Average Shares": 215085516.0,
        "Diluted EPS": -0.21,
        "Basic EPS": -0.21,
        "Diluted NI Availto Com Stockholders": -43775000.0,
        "Average Dilution Earnings": NaN,
        "Net Income Common Stockholders": -43775000.0,
        "Net Income": -43775000.0,
        "Net Income Including Noncontrolling Interests": -43775000.0,
        "Net Income Continuous Operations": -43775000.0,
        "Tax Provision": 117000.0,
        "Pretax Income": -43658000.0,
        "Other Income Expense": 24371000.0,
        "Other Non Operating Income Expenses": -6251000.0,
        "Special Income Charges": 19312000.0,
        "Restructuring And Mergern Acquisition": -19312000.0,
        "Gain On Sale Of Security": 11310000.0,
        "Net Non Operating Interest Income Expense": -4382000.0,
        "Interest Expense Non Operating": 4382000.0,
        "Operating Income": -63647000.0,
        "Operating Expense": 105782000.0,
        "Other Operating Expenses": 54003000.0,
        "Research And Development": 8088000.0,
        "Selling General And Administration": 43691000.0,
        "Selling And Marketing Expense": 12414000.0,
        "General And Administrative Expense": 31277000.0,
        "Other Gand A": 31277000.0,
        "Gross Profit": 42135000.0,
        "Cost Of Revenue": 79187000.0,
        "Total Revenue": 121322000.0,
        "Operating Revenue": 121322000.0
    },
    "2022-03-31": {
        "Diluted EPS": -0.18,
        "Total Revenue": 80,
        "Gross Profit": 7,
        "Operating Income": -96,
        "EBIT": -47,
        "Net Income": 10
    },
    "2021-12-31": {
        "Diluted EPS": -5.95,
        "Total Revenue": 87,
        "Gross Profit": 21,
        "Operating Income": -69,
        "EBIT": -51,
        "Net Income": -77
    },
    "2021-09-30": {
        "Diluted EPS": -5.29,
        "Total Revenue": 67,
        "Gross Profit": 15,
        "Operating Income": -55,
        "EBIT": -39,
        "Net Income": -65
    },
    "2021-06-30": {
        "Diluted EPS": -6.41,
        "Total Revenue": 47,
        "Gross Profit": 4,
        "Operating Income": -65,
        "EBIT": -50,
        "Net Income": -74
    },
    "2021-03-31": {
        "Diluted EPS": -7.37,
        "Total Revenue": 32,
        "Gross Profit": -8,
        "Operating Income": -71,
        "EBIT": -65,
        "Net Income": -79
    },
    "2020-12-31": {
        "Diluted EPS": 0.0,
        "Total Revenue": NaN,
        "Gross Profit": NaN,
        "Operating Income": NaN,
        "EBIT": NaN,
        "Net Income": NaN
    },
    "2020-09-30": {
        "Diluted EPS": 0.0,
        "Total Revenue": NaN,
        "Gross Profit": NaN,
        "Operating Income": 0,
        "EBIT": 0,
        "Net Income": 0
    },
    "2023-06-30": {
        "Tax Effect Of Unusual Items": NaN,
        "Tax Rate For Calcs": NaN,
        "Normalized EBITDA": NaN,
        "Total Unusual Items": NaN,
        "Total Unusual Items Excluding Goodwill": NaN,
        "Net Income From Continuing Operation Net Minority Interest": NaN,
        "Reconciled Depreciation": NaN,
        "Reconciled Cost Of Revenue": NaN,
        "EBITDA": NaN,
        "EBIT": NaN,
        "Net Interest Income": NaN,
        "Interest Expense": NaN,
        "Normalized Income": NaN,
        "Net Income From Continuing And Discontinued Operation": NaN,
        "Total Expenses": NaN,
        "Total Operating Income As Reported": NaN,
        "Diluted Average Shares": 10901375.0,
        "Basic Average Shares": 10901375.0,
        "Diluted EPS": -4.05,
        "Basic EPS": -4.05,
        "Diluted NI Availto Com Stockholders": NaN,
        "Net Income Common Stockholders": NaN,
        "Otherunder Preferred Stock Dividend": NaN,
        "Preferred Stock Dividends": NaN,
        "Net Income": NaN,
        "Net Income Including Noncontrolling Interests": NaN,
        "Net Income Continuous Operations": NaN,
        "Tax Provision": NaN,
        "Pretax Income": NaN,
        "Other Income Expense": NaN,
        "Other Non Operating Income Expenses": NaN,
        "Special Income Charges": NaN,
        "Other Special Charges": -665000.0,
        "Impairment Of Capital Assets": NaN,
        "Restructuring And Mergern Acquisition": NaN,
        "Gain On Sale Of Security": NaN,
        "Net Non Operating Interest Income Expense": NaN,
        "Interest Expense Non Operating": NaN,
        "Operating Income": NaN,
        "Operating Expense": NaN,
        "Other Operating Expenses": NaN,
        "Research And Development": NaN,
        "Selling General And Administration": NaN,
        "Selling And Marketing Expense": NaN,
        "General And Administrative Expense": NaN,
        "Other Gand A": NaN,
        "Gross Profit": NaN,
        "Cost Of Revenue": NaN,
        "Total Revenue": NaN,
        "Operating Revenue": NaN
    },
    "2023-09-30": {
        "Tax Effect Of Unusual Items": -99750.0,
        "Tax Rate For Calcs": 0.21,
        "Normalized EBITDA": 2557000.0,
        "Total Unusual Items": -475000.0,
        "Total Unusual Items Excluding Goodwill": -475000.0,
        "Net Income From Continuing Operation Net Minority Interest": -57630000.0,
        "Reconciled Depreciation": 53214000.0,
        "Reconciled Cost Of Revenue": 103374000.0,
        "EBITDA": 2082000.0,
        "EBIT": -51132000.0,
        "Net Interest Income": -6423000.0,
        "Interest Expense": 6423000.0,
        "Normalized Income": -57254750.0,
        "Net Income From Continuing And Discontinued Operation": -57630000.0,
        "Total Expenses": 210638000.0,
        "Total Operating Income As Reported": -50841000.0,
        "Diluted Average Shares": 10960030.0,
        "Basic Average Shares": 10960030.0,
        "Diluted EPS": -5.26,
        "Basic EPS": -5.26,
        "Diluted NI Availto Com Stockholders": -57630000.0,
        "Net Income Common Stockholders": -57630000.0,
        "Otherunder Preferred Stock Dividend": 0.0,
        "Preferred Stock Dividends": -3256000.0,
        "Net Income": -57630000.0,
        "Net Income Including Noncontrolling Interests": -57630000.0,
        "Net Income Continuous Operations": -57630000.0,
        "Tax Provision": 75000.0,
        "Pretax Income": -57555000.0,
        "Other Income Expense": -1390000.0,
        "Other Non Operating Income Expenses": -915000.0,
        "Special Income Charges": -751000.0,
        "Other Special Charges": -139000.0,
        "Impairment Of Capital Assets": 1087000.0,
        "Restructuring And Mergern Acquisition": -197000.0,
        "Gain On Sale Of Security": 276000.0,
        "Net Non Operating Interest Income Expense": -6423000.0,
        "Interest Expense Non Operating": 6423000.0,
        "Operating Income": -49742000.0,
        "Operating Expense": 107264000.0,
        "Other Operating Expenses": 50376000.0,
        "Research And Development": 5344000.0,
        "Selling General And Administration": 51544000.0,
        "Selling And Marketing Expense": 20996000.0,
        "General And Administrative Expense": 30548000.0,
        "Other Gand A": 30548000.0,
        "Gross Profit": 57522000.0,
        "Cost Of Revenue": 103374000.0,
        "Total Revenue": 160896000.0,
        "Operating Revenue": 160896000.0
    },
    "2023-12-31": {
        "Tax Effect Of Unusual Items": NaN,
        "Tax Rate For Calcs": NaN,
        "Normalized EBITDA": NaN,
        "Total Unusual Items": NaN,
        "Total Unusual Items Excluding Goodwill": NaN,
        "Net Income From Continuing Operation Net Minority Interest": NaN,
        "Reconciled Depreciation": NaN,
        "Reconciled Cost Of Revenue": NaN,
        "EBITDA": NaN,
        "EBIT": NaN,
        "Net Interest Income": NaN,
        "Interest Expense": NaN,
        "Normalized Income": NaN,
        "Net Income From Continuing And Discontinued Operation": NaN,
        "Total Expenses": NaN,
        "Total Operating Income As Reported": NaN,
        "Diluted Average Shares": NaN,
        "Basic Average Shares": NaN,
        "Diluted EPS": NaN,
        "Basic EPS": NaN,
        "Diluted NI Availto Com Stockholders": NaN,
        "Net Income Common Stockholders": NaN,
        "Otherunder Preferred Stock Dividend": NaN,
        "Net Income": NaN,
        "Net Income Including Noncontrolling Interests": NaN,
        "Net Income Continuous Operations": NaN,
        "Tax Provision": NaN,
        "Pretax Income": NaN,
        "Other Income Expense": NaN,
        "Other Non Operating Income Expenses": NaN,
        "Special Income Charges": NaN,
        "Other Special Charges": NaN,
        "Impairment Of Capital Assets": NaN,
        "Restructuring And Mergern Acquisition": NaN,
        "Gain On Sale Of Security": -59000.0,
        "Net Non Operating Interest Income Expense": NaN,
        "Interest Expense Non Operating": NaN,
        "Operating Income": NaN,
        "Operating Expense": NaN,
        "Other Operating Expenses": NaN,
        "Research And Development": NaN,
        "Selling General And Administration": NaN,
        "Selling And Marketing Expense": NaN,
        "General And Administrative Expense": NaN,
        "Other Gand A": NaN,
        "Gross Profit": NaN,
        "Cost Of Revenue": NaN,
        "Total Revenue": NaN,
        "Operating Revenue": NaN
    },
    "2024-06-30": {
        "Tax Effect Of Unusual Items": 510580.372302,
        "Tax Rate For Calcs": 0.007185,
        "Normalized EBITDA": 16936000.0,
        "Total Unusual Items": 71059000.0,
        "Total Unusual Items Excluding Goodwill": 71059000.0,
        "Net Income From Continuing Operation Net Minority Interest": 32747000.0,
        "Reconciled Depreciation": 46995000.0,
        "Reconciled Cost Of Revenue": 94652000.0,
        "EBITDA": 87995000.0,
        "EBIT": 41000000.0,
        "Net Interest Income": -8016000.0,
        "Interest Expense": 8016000.0,
        "Normalized Income": -37801419.627698,
        "Net Income From Continuing And Discontinued Operation": 32747000.0,
        "Total Expenses": 196300000.0,
        "Total Operating Income As Reported": -31699000.0,
        "Diluted Average Shares": 11150682.0,
        "Basic Average Shares": 11150682.0,
        "Diluted EPS": 2.94,
        "Basic EPS": 2.94,
        "Diluted NI Availto Com Stockholders": 32747000.0,
        "Net Income Common Stockholders": 32747000.0,
        "Otherunder Preferred Stock Dividend": NaN,
        "Net Income": 32747000.0,
        "Net Income Including Noncontrolling Interests": 32747000.0,
        "Net Income Continuous Operations": 32747000.0,
        "Tax Provision": 237000.0,
        "Pretax Income": 32984000.0,
        "Other Income Expense": 72699000.0,
        "Other Non Operating Income Expenses": 1640000.0,
        "Special Income Charges": 71123000.0,
        "Other Special Charges": -71123000.0,
        "Impairment Of Capital Assets": NaN,
        "Restructuring And Mergern Acquisition": 0.0,
        "Gain On Sale Of Security": -64000.0,
        "Net Non Operating Interest Income Expense": -8016000.0,
        "Interest Expense Non Operating": 8016000.0,
        "Operating Income": -31699000.0,
        "Operating Expense": 101648000.0,
        "Other Operating Expenses": 46411000.0,
        "Research And Development": 4393000.0,
        "Selling General And Administration": 50844000.0,
        "Selling And Marketing Expense": 21572000.0,
        "General And Administrative Expense": 29272000.0,
        "Other Gand A": 29272000.0,
        "Gross Profit": 69949000.0,
        "Cost Of Revenue": 94652000.0,
        "Total Revenue": 164601000.0,
        "Operating Revenue": 164601000.0
    },
    "2024-03-31": {
        "Tax Effect Of Unusual Items": -544320.0,
        "Tax Rate For Calcs": 0.21,
        "Normalized EBITDA": 11837000.0,
        "Total Unusual Items": -2592000.0,
        "Total Unusual Items Excluding Goodwill": -2592000.0,
        "Net Income From Continuing Operation Net Minority Interest": -50487000.0,
        "Reconciled Depreciation": 52222000.0,
        "Reconciled Cost Of Revenue": 100363000.0,
        "EBITDA": 9245000.0,
        "EBIT": -42977000.0,
        "Net Interest Income": -7323000.0,
        "Interest Expense": 7323000.0,
        "Normalized Income": -48439320.0,
        "Net Income From Continuing And Discontinued Operation": -50487000.0,
        "Total Expenses": 198548000.0,
        "Total Operating Income As Reported": -67661000.0,
        "Diluted Average Shares": 11031861.0,
        "Basic Average Shares": 11031861.0,
        "Diluted EPS": -4.58,
        "Basic EPS": -4.58,
        "Diluted NI Availto Com Stockholders": -50487000.0,
        "Net Income Common Stockholders": -50487000.0,
        "Otherunder Preferred Stock Dividend": NaN,
        "Net Income": -50487000.0,
        "Net Income Including Noncontrolling Interests": -50487000.0,
        "Net Income Continuous Operations": -50487000.0,
        "Tax Provision": 187000.0,
        "Pretax Income": -50300000.0,
        "Other Income Expense": 22092000.0,
        "Other Non Operating Income Expenses": 24684000.0,
        "Special Income Charges": -2592000.0,
        "Other Special Charges": NaN,
        "Impairment Of Capital Assets": NaN,
        "Restructuring And Mergern Acquisition": 2592000.0,
        "Gain On Sale Of Security": 81000.0,
        "Net Non Operating Interest Income Expense": -7323000.0,
        "Interest Expense Non Operating": 7323000.0,
        "Operating Income": -65069000.0,
        "Operating Expense": 98185000.0,
        "Other Operating Expenses": 49980000.0,
        "Research And Development": 4671000.0,
        "Selling General And Administration": 43534000.0,
        "Selling And Marketing Expense": 19249000.0,
        "General And Administrative Expense": 24285000.0,
        "Other Gand A": 24285000.0,
        "Gross Profit": 33116000.0,
        "Cost Of Revenue": 100363000.0,
        "Total Revenue": 133479000.0,
        "Operating Revenue": 133479000.0
    },
    "2024-09-30": {
        "Tax Effect Of Unusual Items": -18344340.0,
        "Tax Rate For Calcs": 0.21,
        "Normalized EBITDA": -37816000.0,
        "Total Unusual Items": -87354000.0,
        "Total Unusual Items Excluding Goodwill": -87354000.0,
        "Net Income From Continuing Operation Net Minority Interest": -179391000.0,
        "Reconciled Depreciation": 44763000.0,
        "Reconciled Cost Of Revenue": 92991000.0,
        "EBITDA": -125170000.0,
        "EBIT": -169933000.0,
        "Net Interest Income": -9256000.0,
        "Interest Expense": 9256000.0,
        "Normalized Income": -110381340.0,
        "Net Income From Continuing And Discontinued Operation": -179391000.0,
        "Total Expenses": 194733000.0,
        "Total Operating Income As Reported": -33923000.0,
        "Diluted Average Shares": 11521492.0,
        "Basic Average Shares": 11521492.0,
        "Diluted EPS": -17.82,
        "Basic EPS": -17.82,
        "Diluted NI Availto Com Stockholders": -205282000.0,
        "Net Income Common Stockholders": -205282000.0,
        "Otherunder Preferred Stock Dividend": 25891000.0,
        "Net Income": -179391000.0,
        "Net Income Including Noncontrolling Interests": -179391000.0,
        "Net Income Continuous Operations": -179391000.0,
        "Tax Provision": 202000.0,
        "Pretax Income": -179189000.0,
        "Other Income Expense": -137314000.0,
        "Other Non Operating Income Expenses": -49960000.0,
        "Special Income Charges": -760000.0,
        "Other Special Charges": -555000.0,
        "Impairment Of Capital Assets": 0.0,
        "Restructuring And Mergern Acquisition": 1315000.0,
        "Gain On Sale Of Security": -86594000.0,
        "Net Non Operating Interest Income Expense": -9256000.0,
        "Interest Expense Non Operating": 9256000.0,
        "Operating Income": -32619000.0,
        "Operating Expense": 101742000.0,
        "Other Operating Expenses": 45292000.0,
        "Research And Development": 4427000.0,
        "Selling General And Administration": 52023000.0,
        "Selling And Marketing Expense": 22292000.0,
        "General And Administrative Expense": 29731000.0,
        "Other Gand A": 29731000.0,
        "Gross Profit": 69123000.0,
        "Cost Of Revenue": 92991000.0,
        "Total Revenue": 162114000.0,
        "Operating Revenue": 162114000.0
    },
    "2024-12-31": {
        "Tax Effect Of Unusual Items": 3681490.874679,
        "Tax Rate For Calcs": 0.088955,
        "Normalized EBITDA": -17269000.0,
        "Total Unusual Items": 41386000.0,
        "Total Unusual Items Excluding Goodwill": 41386000.0,
        "Net Income From Continuing Operation Net Minority Interest": -26956000.0,
        "Reconciled Depreciation": 44087000.0,
        "Reconciled Cost Of Revenue": 89237000.0,
        "EBITDA": 24117000.0,
        "EBIT": -19970000.0,
        "Net Interest Income": -9618000.0,
        "Interest Expense": 9618000.0,
        "Normalized Income": -64660509.125321,
        "Net Income From Continuing And Discontinued Operation": -26956000.0,
        "Total Expenses": 196165000.0,
        "Total Operating Income As Reported": -49334000.0,
        "Diluted Average Shares": 11041999.0,
        "Basic Average Shares": 11041999.0,
        "Diluted EPS": 4.55,
        "Basic EPS": 4.55,
        "Diluted NI Availto Com Stockholders": -1065000.0,
        "Net Income Common Stockholders": -1065000.0,
        "Otherunder Preferred Stock Dividend": NaN,
        "Net Income": -26956000.0,
        "Net Income Including Noncontrolling Interests": -26956000.0,
        "Net Income Continuous Operations": -26956000.0,
        "Tax Provision": -2632000.0,
        "Pretax Income": -29588000.0,
        "Other Income Expense": 15117000.0,
        "Other Non Operating Income Expenses": -26269000.0,
        "Special Income Charges": -16626000.0,
        "Other Special Charges": 2404000.0,
        "Impairment Of Capital Assets": 13164000.0,
        "Restructuring And Mergern Acquisition": 1058000.0,
        "Gain On Sale Of Security": 58012000.0,
        "Net Non Operating Interest Income Expense": -9618000.0,
        "Interest Expense Non Operating": 9618000.0,
        "Operating Income": -35087000.0,
        "Operating Expense": 106928000.0,
        "Other Operating Expenses": 42660000.0,
        "Research And Development": 3031000.0,
        "Selling General And Administration": 61237000.0,
        "Selling And Marketing Expense": 21135000.0,
        "General And Administrative Expense": 40102000.0,
        "Other Gand A": 40102000.0,
        "Gross Profit": 71841000.0,
        "Cost Of Revenue": 89237000.0,
        "Total Revenue": 161078000.0,
        "Operating Revenue": 161078000.0
    },
    "2025-03-31": {
        "Tax Effect Of Unusual Items": -323190.0,
        "Tax Rate For Calcs": 0.21,
        "Normalized EBITDA": 7366000.0,
        "Total Unusual Items": -1539000.0,
        "Total Unusual Items Excluding Goodwill": -1539000.0,
        "Net Income From Continuing Operation Net Minority Interest": -56495000.0,
        "Reconciled Depreciation": 52156000.0,
        "Reconciled Cost Of Revenue": 96849000.0,
        "EBITDA": 5827000.0,
        "EBIT": -46329000.0,
        "Net Interest Income": -9449000.0,
        "Interest Expense": 9449000.0,
        "Normalized Income": -55279190.0,
        "Net Income From Continuing And Discontinued Operation": -56495000.0,
        "Total Expenses": 180958000.0,
        "Total Operating Income As Reported": -63641000.0,
        "Diluted Average Shares": 12183604.0,
        "Basic Average Shares": 12183604.0,
        "Diluted EPS": -4.85,
        "Basic EPS": -4.85,
        "Diluted NI Availto Com Stockholders": -56495000.0,
        "Net Income Common Stockholders": -56495000.0,
        "Otherunder Preferred Stock Dividend": NaN,
        "Net Income": -56495000.0,
        "Net Income Including Noncontrolling Interests": -56495000.0,
        "Net Income Continuous Operations": -56495000.0,
        "Tax Provision": 717000.0,
        "Pretax Income": -55778000.0,
        "Other Income Expense": 15773000.0,
        "Other Non Operating Income Expenses": 17312000.0,
        "Special Income Charges": -1539000.0,
        "Other Special Charges": NaN,
        "Impairment Of Capital Assets": NaN,
        "Restructuring And Mergern Acquisition": 1539000.0,
        "Gain On Sale Of Security": NaN,
        "Net Non Operating Interest Income Expense": -9449000.0,
        "Interest Expense Non Operating": 9449000.0,
        "Operating Income": -62102000.0,
        "Operating Expense": 84109000.0,
        "Other Operating Expenses": 38032000.0,
        "Research And Development": 3938000.0,
        "Selling General And Administration": 42139000.0,
        "Selling And Marketing Expense": 15322000.0,
        "General And Administrative Expense": 26817000.0,
        "Other Gand A": 26817000.0,
        "Gross Profit": 22007000.0,
        "Cost Of Revenue": 96849000.0,
        "Total Revenue": 118856000.0,
        "Operating Revenue": 118856000.0
    }
}