{
    "2023-03-31": {
        "Tax Effect Of Unusual Items": NaN,
        "Tax Rate For Calcs": NaN,
        "Normalized EBITDA": NaN,
        "Total Unusual Items": NaN,
        "Total Unusual Items Excluding Goodwill": NaN,
        "Net Income From Continuing Operation Net Minority Interest": NaN,
        "Reconciled Depreciation": NaN,
        "Reconciled Cost Of Revenue": NaN,
        "EBITDA": NaN,
        "EBIT": NaN,
        "Net Interest Income": NaN,
        "Interest Expense": NaN,
        "Interest Income": NaN,
        "Normalized Income": NaN,
        "Net Income From Continuing And Discontinued Operation": NaN,
        "Total Expenses": NaN,
        "Total Operating Income As Reported": NaN,
        "Diluted Average Shares": NaN,
        "Basic Average Shares": NaN,
        "Diluted EPS": NaN,
        "Basic EPS": NaN,
        "Diluted NI Availto Com Stockholders": NaN,
        "Net Income Common Stockholders": NaN,
        "Net Income": NaN,
        "Minority Interests": NaN,
        "Net Income Including Noncontrolling Interests": NaN,
        "Net Income Continuous Operations": NaN,
        "Tax Provision": NaN,
        "Pretax Income": NaN,
        "Other Income Expense": NaN,
        "Other Non Operating Income Expenses": NaN,
        "Special Income Charges": NaN,
        "Gain On Sale Of Ppe": NaN,
        "Other Special Charges": NaN,
        "Write Off": 0.0,
        "Impairment Of Capital Assets": NaN,
        "Earnings From Equity Interest": 3148.0,
        "Gain On Sale Of Security": 3148.0,
        "Net Non Operating Interest Income Expense": NaN,
        "Interest Expense Non Operating": NaN,
        "Interest Income Non Operating": NaN,
        "Operating Income": NaN,
        "Operating Expense": NaN,
        "Research And Development": NaN,
        "Selling General And Administration": NaN,
        "Selling And Marketing Expense": NaN,
        "General And Administrative Expense": NaN,
        "Other Gand A": NaN,
        "Gross Profit": NaN,
        "Cost Of Revenue": NaN,
        "Total Revenue": NaN,
        "Operating Revenue": NaN
    },
    "2022-12-31": {
        "Tax Effect Of Unusual Items": NaN,
        "Tax Rate For Calcs": NaN,
        "Normalized EBITDA": NaN,
        "Total Unusual Items": NaN,
        "Total Unusual Items Excluding Goodwill": NaN,
        "Net Income From Continuing Operation Net Minority Interest": NaN,
        "Reconciled Depreciation": NaN,
        "Reconciled Cost Of Revenue": NaN,
        "EBITDA": NaN,
        "EBIT": NaN,
        "Net Interest Income": NaN,
        "Interest Expense": NaN,
        "Interest Income": NaN,
        "Normalized Income": NaN,
        "Net Income From Continuing And Discontinued Operation": NaN,
        "Total Expenses": NaN,
        "Total Operating Income As Reported": NaN,
        "Diluted Average Shares": NaN,
        "Basic Average Shares": NaN,
        "Diluted EPS": NaN,
        "Basic EPS": NaN,
        "Diluted NI Availto Com Stockholders": NaN,
        "Net Income Common Stockholders": NaN,
        "Net Income": NaN,
        "Minority Interests": NaN,
        "Net Income Including Noncontrolling Interests": NaN,
        "Net Income Continuous Operations": NaN,
        "Tax Provision": NaN,
        "Pretax Income": NaN,
        "Other Income Expense": NaN,
        "Other Non Operating Income Expenses": NaN,
        "Special Income Charges": NaN,
        "Other Special Charges": NaN,
        "Write Off": 2720881.0,
        "Impairment Of Capital Assets": NaN,
        "Earnings From Equity Interest": NaN,
        "Gain On Sale Of Security": NaN,
        "Net Non Operating Interest Income Expense": NaN,
        "Interest Expense Non Operating": NaN,
        "Interest Income Non Operating": NaN,
        "Operating Income": NaN,
        "Operating Expense": NaN,
        "Research And Development": NaN,
        "Selling General And Administration": NaN,
        "Selling And Marketing Expense": NaN,
        "General And Administrative Expense": NaN,
        "Other Gand A": NaN,
        "Gross Profit": NaN,
        "Cost Of Revenue": NaN,
        "Total Revenue": NaN,
        "Operating Revenue": NaN
    },
    "2022-09-30": {
        "Tax Effect Of Unusual Items": NaN,
        "Tax Rate For Calcs": NaN,
        "Normalized EBITDA": NaN,
        "Total Unusual Items": NaN,
        "Total Unusual Items Excluding Goodwill": NaN,
        "Net Income From Continuing Operation Net Minority Interest": NaN,
        "Reconciled Depreciation": NaN,
        "Reconciled Cost Of Revenue": NaN,
        "EBITDA": NaN,
        "EBIT": NaN,
        "Net Interest Income": NaN,
        "Interest Expense": NaN,
        "Interest Income": NaN,
        "Normalized Income": NaN,
        "Net Income From Continuing And Discontinued Operation": NaN,
        "Total Expenses": NaN,
        "Total Operating Income As Reported": NaN,
        "Diluted Average Shares": 1686813.0,
        "Basic Average Shares": 1686813.0,
        "Diluted EPS": -5.85,
        "Basic EPS": -5.85,
        "Diluted NI Availto Com Stockholders": NaN,
        "Net Income Common Stockholders": NaN,
        "Net Income": NaN,
        "Minority Interests": NaN,
        "Net Income Including Noncontrolling Interests": NaN,
        "Net Income Continuous Operations": NaN,
        "Tax Provision": NaN,
        "Pretax Income": NaN,
        "Other Income Expense": NaN,
        "Other Non Operating Income Expenses": NaN,
        "Special Income Charges": NaN,
        "Other Special Charges": NaN,
        "Write Off": NaN,
        "Impairment Of Capital Assets": NaN,
        "Earnings From Equity Interest": 0.0,
        "Gain On Sale Of Security": NaN,
        "Net Non Operating Interest Income Expense": NaN,
        "Interest Expense Non Operating": NaN,
        "Interest Income Non Operating": NaN,
        "Operating Income": NaN,
        "Operating Expense": NaN,
        "Research And Development": NaN,
        "Selling General And Administration": NaN,
        "Selling And Marketing Expense": NaN,
        "General And Administrative Expense": NaN,
        "Other Gand A": NaN,
        "Gross Profit": NaN,
        "Cost Of Revenue": NaN,
        "Total Revenue": NaN,
        "Operating Revenue": NaN
    },
    "2022-06-30": {
        "Tax Effect Of Unusual Items": 0.0,
        "Tax Rate For Calcs": 0.4,
        "Normalized EBITDA": -6777418.0,
        "Total Unusual Items": 0.0,
        "Total Unusual Items Excluding Goodwill": 0.0,
        "Net Income From Continuing Operation Net Minority Interest": -7504324.0,
        "Reconciled Depreciation": 807995.0,
        "Reconciled Cost Of Revenue": 499200.0,
        "EBITDA": -6777418.0,
        "EBIT": -7585413.0,
        "Net Interest Income": 5643.0,
        "Interest Expense": 384.0,
        "Interest Income": 6027.0,
        "Normalized Income": -7504324.0,
        "Net Income From Continuing And Discontinued Operation": -7504324.0,
        "Total Expenses": 8115174.0,
        "Total Operating Income As Reported": -7616112.0,
        "Diluted Average Shares": 24347607.0,
        "Basic Average Shares": 24347607.0,
        "Diluted EPS": -0.31,
        "Basic EPS": -0.31,
        "Diluted NI Availto Com Stockholders": -7504324.0,
        "Net Income Common Stockholders": -7504324.0,
        "Net Income": -7504324.0,
        "Minority Interests": 82270.0,
        "Net Income Including Noncontrolling Interests": -7586594.0,
        "Net Income Continuous Operations": -7586594.0,
        "Tax Provision": 797.0,
        "Pretax Income": -7585797.0,
        "Other Income Expense": 24672.0,
        "Other Non Operating Income Expenses": 24672.0,
        "Special Income Charges": 0.0,
        "Other Special Charges": NaN,
        "Write Off": 0.0,
        "Impairment Of Capital Assets": NaN,
        "Earnings From Equity Interest": NaN,
        "Net Non Operating Interest Income Expense": 5643.0,
        "Interest Expense Non Operating": 384.0,
        "Interest Income Non Operating": 6027.0,
        "Operating Income": -7616112.0,
        "Operating Expense": 7615974.0,
        "Research And Development": 17320.0,
        "Selling General And Administration": 7598654.0,
        "Selling And Marketing Expense": 253290.0,
        "General And Administrative Expense": 7345364.0,
        "Other Gand A": 7345364.0,
        "Gross Profit": -138.0,
        "Cost Of Revenue": 499200.0,
        "Total Revenue": 499062.0,
        "Operating Revenue": 499062.0
    },
    "2022-03-31": {
        "Diluted EPS": -0.3,
        "Total Revenue": 0,
        "Gross Profit": 0,
        "Operating Income": -7,
        "EBIT": -6,
        "Net Income": -7
    },
    "2021-12-31": {
        "Diluted EPS": -1.94,
        "Total Revenue": 0,
        "Gross Profit": 0,
        "Operating Income": -19,
        "EBIT": -18,
        "Net Income": -19
    },
    "2021-09-30": {
        "Diluted EPS": -1.0,
        "Total Revenue": 0,
        "Gross Profit": 0,
        "Operating Income": -8,
        "EBIT": -8,
        "Net Income": -8
    },
    "2021-06-30": {
        "Diluted EPS": -0.59,
        "Total Revenue": 0,
        "Gross Profit": 0,
        "Operating Income": -4,
        "EBIT": -4,
        "Net Income": -4
    },
    "2021-03-31": {
        "Diluted EPS": -0.15,
        "Total Revenue": 0,
        "Gross Profit": 0,
        "Operating Income": -2,
        "EBIT": -1,
        "Net Income": -3
    },
    "2020-12-31": {
        "Diluted EPS": 0.0,
        "Total Revenue": NaN,
        "Gross Profit": NaN,
        "Operating Income": NaN,
        "EBIT": NaN,
        "Net Income": NaN
    },
    "2020-09-30": {
        "Diluted EPS": 0.0,
        "Total Revenue": 0,
        "Gross Profit": 0,
        "Operating Income": -2,
        "EBIT": -2,
        "Net Income": -2
    },
    "2023-06-30": {
        "Tax Effect Of Unusual Items": NaN,
        "Tax Rate For Calcs": NaN,
        "Normalized EBITDA": NaN,
        "Total Unusual Items": NaN,
        "Total Unusual Items Excluding Goodwill": NaN,
        "Net Income From Continuing Operation Net Minority Interest": NaN,
        "Reconciled Depreciation": NaN,
        "Reconciled Cost Of Revenue": NaN,
        "EBITDA": NaN,
        "EBIT": NaN,
        "Net Interest Income": NaN,
        "Interest Expense": NaN,
        "Interest Income": NaN,
        "Normalized Income": NaN,
        "Net Income From Continuing And Discontinued Operation": NaN,
        "Total Expenses": NaN,
        "Total Operating Income As Reported": NaN,
        "Diluted Average Shares": 1878102.0,
        "Basic Average Shares": 1878102.0,
        "Diluted EPS": -1.77,
        "Basic EPS": -1.77,
        "Diluted NI Availto Com Stockholders": NaN,
        "Net Income Common Stockholders": NaN,
        "Net Income": NaN,
        "Minority Interests": NaN,
        "Net Income Including Noncontrolling Interests": NaN,
        "Net Income Continuous Operations": NaN,
        "Tax Provision": NaN,
        "Pretax Income": NaN,
        "Other Income Expense": NaN,
        "Other Non Operating Income Expenses": NaN,
        "Special Income Charges": NaN,
        "Gain On Sale Of Ppe": 0.0,
        "Other Special Charges": -15200.0,
        "Write Off": 0.0,
        "Impairment Of Capital Assets": NaN,
        "Earnings From Equity Interest": 3696.0,
        "Gain On Sale Of Security": 3696.0,
        "Net Non Operating Interest Income Expense": NaN,
        "Interest Expense Non Operating": NaN,
        "Interest Income Non Operating": NaN,
        "Operating Income": NaN,
        "Operating Expense": NaN,
        "Research And Development": NaN,
        "Selling General And Administration": NaN,
        "Selling And Marketing Expense": NaN,
        "General And Administrative Expense": NaN,
        "Other Gand A": NaN,
        "Gross Profit": NaN,
        "Cost Of Revenue": NaN,
        "Total Revenue": NaN,
        "Operating Revenue": NaN
    },
    "2023-09-30": {
        "Tax Effect Of Unusual Items": NaN,
        "Tax Rate For Calcs": NaN,
        "Normalized EBITDA": NaN,
        "Total Unusual Items": NaN,
        "Total Unusual Items Excluding Goodwill": NaN,
        "Net Income From Continuing Operation Net Minority Interest": NaN,
        "Reconciled Depreciation": NaN,
        "Reconciled Cost Of Revenue": NaN,
        "EBITDA": NaN,
        "EBIT": NaN,
        "Net Interest Income": NaN,
        "Interest Expense": NaN,
        "Interest Income": NaN,
        "Normalized Income": NaN,
        "Net Income From Continuing And Discontinued Operation": NaN,
        "Total Expenses": NaN,
        "Total Operating Income As Reported": NaN,
        "Diluted Average Shares": 1898924.0,
        "Basic Average Shares": 1898924.0,
        "Diluted EPS": -2.03,
        "Basic EPS": -2.03,
        "Diluted NI Availto Com Stockholders": NaN,
        "Net Income Common Stockholders": NaN,
        "Net Income": NaN,
        "Minority Interests": NaN,
        "Net Income Including Noncontrolling Interests": NaN,
        "Net Income Continuous Operations": NaN,
        "Tax Provision": NaN,
        "Pretax Income": NaN,
        "Other Income Expense": NaN,
        "Other Non Operating Income Expenses": NaN,
        "Special Income Charges": NaN,
        "Gain On Sale Of Ppe": 0.0,
        "Other Special Charges": -188738.0,
        "Write Off": 0.0,
        "Impairment Of Capital Assets": NaN,
        "Earnings From Equity Interest": 816.0,
        "Gain On Sale Of Security": 816.0,
        "Net Non Operating Interest Income Expense": NaN,
        "Interest Expense Non Operating": NaN,
        "Interest Income Non Operating": NaN,
        "Operating Income": NaN,
        "Operating Expense": NaN,
        "Research And Development": NaN,
        "Selling General And Administration": NaN,
        "Selling And Marketing Expense": NaN,
        "General And Administrative Expense": NaN,
        "Other Gand A": NaN,
        "Gross Profit": NaN,
        "Cost Of Revenue": NaN,
        "Total Revenue": NaN,
        "Operating Revenue": NaN
    },
    "2023-12-31": {
        "Tax Effect Of Unusual Items": -137892.3,
        "Tax Rate For Calcs": 0.21,
        "Normalized EBITDA": -4634320.0,
        "Total Unusual Items": -656630.0,
        "Total Unusual Items Excluding Goodwill": -656630.0,
        "Net Income From Continuing Operation Net Minority Interest": -5662014.0,
        "Reconciled Depreciation": 168273.0,
        "Reconciled Cost Of Revenue": 1028727.0,
        "EBITDA": -5290950.0,
        "EBIT": -5459223.0,
        "Net Interest Income": 27590.0,
        "Interest Expense": -695.0,
        "Interest Income": 26895.0,
        "Normalized Income": -5143276.3,
        "Net Income From Continuing And Discontinued Operation": -5662014.0,
        "Total Expenses": 6624625.0,
        "Total Operating Income As Reported": -4951868.0,
        "Diluted Average Shares": NaN,
        "Basic Average Shares": NaN,
        "Diluted EPS": NaN,
        "Basic EPS": NaN,
        "Diluted NI Availto Com Stockholders": -5662014.0,
        "Net Income Common Stockholders": -5662014.0,
        "Net Income": -5662014.0,
        "Minority Interests": -180585.0,
        "Net Income Including Noncontrolling Interests": -5481429.0,
        "Net Income Continuous Operations": -5481429.0,
        "Tax Provision": 22901.0,
        "Pretax Income": -5458528.0,
        "Other Income Expense": -534250.0,
        "Other Non Operating Income Expenses": 130040.0,
        "Special Income Charges": -664268.0,
        "Gain On Sale Of Ppe": NaN,
        "Other Special Charges": 11222.0,
        "Write Off": 0.0,
        "Impairment Of Capital Assets": 654484.0,
        "Earnings From Equity Interest": NaN,
        "Gain On Sale Of Security": NaN,
        "Net Non Operating Interest Income Expense": 27590.0,
        "Interest Expense Non Operating": -695.0,
        "Interest Income Non Operating": 26895.0,
        "Operating Income": -4951868.0,
        "Operating Expense": 5595898.0,
        "Research And Development": 13868.0,
        "Selling General And Administration": 5582030.0,
        "Selling And Marketing Expense": 111679.0,
        "General And Administrative Expense": 5470351.0,
        "Other Gand A": 5470351.0,
        "Gross Profit": 644030.0,
        "Cost Of Revenue": 1028727.0,
        "Total Revenue": 1672757.0,
        "Operating Revenue": 1672757.0
    },
    "2024-03-31": {
        "Tax Effect Of Unusual Items": -1792.56,
        "Tax Rate For Calcs": 0.21,
        "Normalized EBITDA": -2532432.0,
        "Total Unusual Items": -8536.0,
        "Total Unusual Items Excluding Goodwill": -8536.0,
        "Net Income From Continuing Operation Net Minority Interest": -2839925.0,
        "Reconciled Depreciation": 296973.0,
        "Reconciled Cost Of Revenue": 1354430.0,
        "EBITDA": -2540968.0,
        "EBIT": -2837941.0,
        "Net Interest Income": 4913.0,
        "Interest Expense": 173.0,
        "Interest Income": 5086.0,
        "Normalized Income": -2833181.56,
        "Net Income From Continuing And Discontinued Operation": -2839925.0,
        "Total Expenses": 4738740.0,
        "Total Operating Income As Reported": -2891661.0,
        "Diluted Average Shares": 156086.0,
        "Basic Average Shares": 156086.0,
        "Diluted EPS": -18.15,
        "Basic EPS": -18.15,
        "Diluted NI Availto Com Stockholders": -2839925.0,
        "Net Income Common Stockholders": -2839925.0,
        "Net Income": -2839925.0,
        "Minority Interests": -701.0,
        "Net Income Including Noncontrolling Interests": -2839224.0,
        "Net Income Continuous Operations": -2839224.0,
        "Tax Provision": 1110.0,
        "Pretax Income": -2838114.0,
        "Other Income Expense": 48634.0,
        "Other Non Operating Income Expenses": 57170.0,
        "Special Income Charges": -8536.0,
        "Gain On Sale Of Ppe": NaN,
        "Other Special Charges": NaN,
        "Write Off": NaN,
        "Impairment Of Capital Assets": 8536.0,
        "Earnings From Equity Interest": NaN,
        "Gain On Sale Of Security": NaN,
        "Net Non Operating Interest Income Expense": 4913.0,
        "Interest Expense Non Operating": 173.0,
        "Interest Income Non Operating": 5086.0,
        "Operating Income": -2891661.0,
        "Operating Expense": 3384310.0,
        "Research And Development": 13504.0,
        "Selling General And Administration": 3370806.0,
        "Selling And Marketing Expense": 127135.0,
        "General And Administrative Expense": 3243671.0,
        "Other Gand A": 3243671.0,
        "Gross Profit": 492649.0,
        "Cost Of Revenue": 1354430.0,
        "Total Revenue": 1847079.0,
        "Operating Revenue": 1847079.0
    },
    "2024-06-30": {
        "Tax Effect Of Unusual Items": 9183.72,
        "Tax Rate For Calcs": 0.21,
        "Normalized EBITDA": -1952879.0,
        "Total Unusual Items": 43732.0,
        "Total Unusual Items Excluding Goodwill": 43732.0,
        "Net Income From Continuing Operation Net Minority Interest": -1938343.0,
        "Reconciled Depreciation": 30438.0,
        "Reconciled Cost Of Revenue": 1246205.0,
        "EBITDA": -1909147.0,
        "EBIT": -1939585.0,
        "Net Interest Income": 758.0,
        "Interest Expense": 285.0,
        "Interest Income": 1043.0,
        "Normalized Income": -1972891.28,
        "Net Income From Continuing And Discontinued Operation": -1938343.0,
        "Total Expenses": 3865704.0,
        "Total Operating Income As Reported": -2155194.0,
        "Diluted Average Shares": 2656697.0,
        "Basic Average Shares": 2656697.0,
        "Diluted EPS": -0.73,
        "Basic EPS": -0.73,
        "Diluted NI Availto Com Stockholders": -1938343.0,
        "Net Income Common Stockholders": -1938343.0,
        "Net Income": -1938343.0,
        "Minority Interests": 5411.0,
        "Net Income Including Noncontrolling Interests": -1943754.0,
        "Net Income Continuous Operations": -1943754.0,
        "Tax Provision": 3884.0,
        "Pretax Income": -1939870.0,
        "Other Income Expense": 214566.0,
        "Other Non Operating Income Expenses": 170834.0,
        "Special Income Charges": 43732.0,
        "Gain On Sale Of Ppe": 206.0,
        "Other Special Charges": -43410.0,
        "Write Off": -75.0,
        "Impairment Of Capital Assets": -41.0,
        "Earnings From Equity Interest": NaN,
        "Gain On Sale Of Security": NaN,
        "Net Non Operating Interest Income Expense": 758.0,
        "Interest Expense Non Operating": 285.0,
        "Interest Income Non Operating": 1043.0,
        "Operating Income": -2155194.0,
        "Operating Expense": 2619499.0,
        "Research And Development": 13833.0,
        "Selling General And Administration": 2605666.0,
        "Selling And Marketing Expense": 143698.0,
        "General And Administrative Expense": 2461968.0,
        "Other Gand A": 2461968.0,
        "Gross Profit": 464305.0,
        "Cost Of Revenue": 1246205.0,
        "Total Revenue": 1710510.0,
        "Operating Revenue": 1710510.0
    },
    "2024-09-30": {
        "Tax Effect Of Unusual Items": -28282.38,
        "Tax Rate For Calcs": 0.21,
        "Normalized EBITDA": -987731.0,
        "Total Unusual Items": -134678.0,
        "Total Unusual Items Excluding Goodwill": -134678.0,
        "Net Income From Continuing Operation Net Minority Interest": -1377885.0,
        "Reconciled Depreciation": 165895.0,
        "Reconciled Cost Of Revenue": 1310248.0,
        "EBITDA": -1122409.0,
        "EBIT": -1288304.0,
        "Net Interest Income": -36481.0,
        "Interest Expense": 40466.0,
        "Interest Income": 3985.0,
        "Normalized Income": -1271489.38,
        "Net Income From Continuing And Discontinued Operation": -1377885.0,
        "Total Expenses": 2850508.0,
        "Total Operating Income As Reported": -1174614.0,
        "Diluted Average Shares": 2882349.0,
        "Basic Average Shares": 2882349.0,
        "Diluted EPS": -0.48,
        "Basic EPS": -0.48,
        "Diluted NI Availto Com Stockholders": -1377885.0,
        "Net Income Common Stockholders": -1377885.0,
        "Net Income": -1377885.0,
        "Minority Interests": 2693.0,
        "Net Income Including Noncontrolling Interests": -1380578.0,
        "Net Income Continuous Operations": -1380578.0,
        "Tax Provision": 51808.0,
        "Pretax Income": -1328770.0,
        "Other Income Expense": -117675.0,
        "Other Non Operating Income Expenses": 17003.0,
        "Special Income Charges": -134678.0,
        "Gain On Sale Of Ppe": 0.0,
        "Other Special Charges": -382.0,
        "Write Off": NaN,
        "Impairment Of Capital Assets": 135060.0,
        "Earnings From Equity Interest": NaN,
        "Gain On Sale Of Security": NaN,
        "Net Non Operating Interest Income Expense": -36481.0,
        "Interest Expense Non Operating": 40466.0,
        "Interest Income Non Operating": 3985.0,
        "Operating Income": -1174614.0,
        "Operating Expense": 1540260.0,
        "Research And Development": 13635.0,
        "Selling General And Administration": 1526625.0,
        "Selling And Marketing Expense": 40263.0,
        "General And Administrative Expense": 1486362.0,
        "Other Gand A": 1486362.0,
        "Gross Profit": 365646.0,
        "Cost Of Revenue": 1310248.0,
        "Total Revenue": 1675894.0,
        "Operating Revenue": 1675894.0
    },
    "2024-12-31": {
        "Tax Effect Of Unusual Items": -187350.87,
        "Tax Rate For Calcs": 0.21,
        "Normalized EBITDA": -2888289.0,
        "Total Unusual Items": -892147.0,
        "Total Unusual Items Excluding Goodwill": -892147.0,
        "Net Income From Continuing Operation Net Minority Interest": -4071125.0,
        "Reconciled Depreciation": 158348.0,
        "Reconciled Cost Of Revenue": 1331733.0,
        "EBITDA": -3780436.0,
        "EBIT": -3938784.0,
        "Net Interest Income": -107887.0,
        "Interest Expense": 111220.0,
        "Interest Income": 3333.0,
        "Normalized Income": -3366328.87,
        "Net Income From Continuing And Discontinued Operation": -4071125.0,
        "Total Expenses": 4971910.0,
        "Total Operating Income As Reported": -3099863.0,
        "Diluted Average Shares": NaN,
        "Basic Average Shares": NaN,
        "Diluted EPS": NaN,
        "Basic EPS": NaN,
        "Diluted NI Availto Com Stockholders": -4071125.0,
        "Net Income Common Stockholders": -4071125.0,
        "Net Income": -4071125.0,
        "Minority Interests": 2616.0,
        "Net Income Including Noncontrolling Interests": -4073741.0,
        "Net Income Continuous Operations": -4073741.0,
        "Tax Provision": 23737.0,
        "Pretax Income": -4050004.0,
        "Other Income Expense": -842254.0,
        "Other Non Operating Income Expenses": 49893.0,
        "Special Income Charges": -892147.0,
        "Gain On Sale Of Ppe": -1.0,
        "Other Special Charges": 818309.0,
        "Write Off": NaN,
        "Impairment Of Capital Assets": 73762.0,
        "Earnings From Equity Interest": NaN,
        "Gain On Sale Of Security": NaN,
        "Net Non Operating Interest Income Expense": -107887.0,
        "Interest Expense Non Operating": 111220.0,
        "Interest Income Non Operating": 3333.0,
        "Operating Income": -3099863.0,
        "Operating Expense": 3640177.0,
        "Research And Development": 13672.0,
        "Selling General And Administration": 3626505.0,
        "Selling And Marketing Expense": 30365.0,
        "General And Administrative Expense": 3596140.0,
        "Other Gand A": 3596140.0,
        "Gross Profit": 540314.0,
        "Cost Of Revenue": 1331733.0,
        "Total Revenue": 1872047.0,
        "Operating Revenue": 1872047.0
    },
    "2025-03-31": {
        "Tax Effect Of Unusual Items": NaN,
        "Tax Rate For Calcs": NaN,
        "Normalized EBITDA": NaN,
        "Total Unusual Items": NaN,
        "Total Unusual Items Excluding Goodwill": 0.0,
        "Net Income From Continuing Operation Net Minority Interest": NaN,
        "Reconciled Depreciation": NaN,
        "Reconciled Cost Of Revenue": 1007877.0,
        "EBITDA": NaN,
        "EBIT": NaN,
        "Net Interest Income": NaN,
        "Interest Expense": NaN,
        "Interest Income": NaN,
        "Normalized Income": NaN,
        "Net Income From Continuing And Discontinued Operation": NaN,
        "Total Expenses": NaN,
        "Total Operating Income As Reported": NaN,
        "Diluted Average Shares": NaN,
        "Basic Average Shares": NaN,
        "Diluted EPS": NaN,
        "Basic EPS": NaN,
        "Diluted NI Availto Com Stockholders": NaN,
        "Net Income Common Stockholders": NaN,
        "Net Income": NaN,
        "Minority Interests": 4560.0,
        "Net Income Including Noncontrolling Interests": NaN,
        "Net Income Continuous Operations": NaN,
        "Tax Provision": NaN,
        "Pretax Income": NaN,
        "Other Income Expense": NaN,
        "Other Non Operating Income Expenses": NaN,
        "Special Income Charges": NaN,
        "Gain On Sale Of Ppe": NaN,
        "Other Special Charges": NaN,
        "Write Off": NaN,
        "Impairment Of Capital Assets": NaN,
        "Earnings From Equity Interest": NaN,
        "Gain On Sale Of Security": NaN,
        "Net Non Operating Interest Income Expense": NaN,
        "Interest Expense Non Operating": NaN,
        "Interest Income Non Operating": NaN,
        "Operating Income": NaN,
        "Operating Expense": NaN,
        "Research And Development": NaN,
        "Selling General And Administration": NaN,
        "Selling And Marketing Expense": NaN,
        "General And Administrative Expense": NaN,
        "Other Gand A": NaN,
        "Gross Profit": NaN,
        "Cost Of Revenue": NaN,
        "Total Revenue": NaN,
        "Operating Revenue": NaN
    }
}