{
    "2023-03-31": {
        "Tax Effect Of Unusual Items": NaN,
        "Tax Rate For Calcs": NaN,
        "Normalized EBITDA": NaN,
        "Total Unusual Items": -1168000.0,
        "Total Unusual Items Excluding Goodwill": -1168000.0,
        "Net Income From Continuing Operation Net Minority Interest": NaN,
        "Reconciled Depreciation": NaN,
        "Reconciled Cost Of Revenue": NaN,
        "EBITDA": NaN,
        "EBIT": NaN,
        "Net Interest Income": NaN,
        "Interest Expense": 306000.0,
        "Interest Income": 862000.0,
        "Normalized Income": NaN,
        "Net Income From Continuing And Discontinued Operation": NaN,
        "Total Expenses": NaN,
        "Total Operating Income As Reported": NaN,
        "Diluted Average Shares": NaN,
        "Basic Average Shares": NaN,
        "Diluted EPS": NaN,
        "Basic EPS": NaN,
        "Diluted NI Availto Com Stockholders": NaN,
        "Net Income Common Stockholders": NaN,
        "Net Income": NaN,
        "Net Income Including Noncontrolling Interests": NaN,
        "Net Income Continuous Operations": NaN,
        "Tax Provision": NaN,
        "Pretax Income": NaN,
        "Other Income Expense": -1168000.0,
        "Gain On Sale Of Security": -1168000.0,
        "Net Non Operating Interest Income Expense": NaN,
        "Total Other Finance Cost": NaN,
        "Interest Expense Non Operating": 306000.0,
        "Interest Income Non Operating": 862000.0,
        "Operating Income": NaN,
        "Operating Expense": NaN,
        "Other Operating Expenses": NaN,
        "Research And Development": NaN,
        "Selling General And Administration": NaN,
        "Selling And Marketing Expense": NaN,
        "General And Administrative Expense": NaN,
        "Other Gand A": NaN,
        "Gross Profit": NaN,
        "Cost Of Revenue": NaN,
        "Total Revenue": NaN,
        "Operating Revenue": NaN
    },
    "2022-12-31": {
        "Tax Effect Of Unusual Items": NaN,
        "Tax Rate For Calcs": NaN,
        "Normalized EBITDA": NaN,
        "Total Unusual Items": NaN,
        "Total Unusual Items Excluding Goodwill": NaN,
        "Net Income From Continuing Operation Net Minority Interest": NaN,
        "Reconciled Depreciation": NaN,
        "Reconciled Cost Of Revenue": NaN,
        "EBITDA": NaN,
        "EBIT": NaN,
        "Net Interest Income": NaN,
        "Interest Expense": NaN,
        "Interest Income": NaN,
        "Normalized Income": NaN,
        "Net Income From Continuing And Discontinued Operation": NaN,
        "Total Expenses": NaN,
        "Total Operating Income As Reported": NaN,
        "Diluted Average Shares": 64218959.0,
        "Basic Average Shares": 64218959.0,
        "Diluted EPS": -0.22,
        "Basic EPS": -0.22,
        "Diluted NI Availto Com Stockholders": NaN,
        "Net Income Common Stockholders": NaN,
        "Net Income": NaN,
        "Net Income Including Noncontrolling Interests": NaN,
        "Net Income Continuous Operations": NaN,
        "Tax Provision": NaN,
        "Pretax Income": NaN,
        "Other Income Expense": NaN,
        "Gain On Sale Of Security": NaN,
        "Net Non Operating Interest Income Expense": NaN,
        "Total Other Finance Cost": NaN,
        "Interest Expense Non Operating": NaN,
        "Interest Income Non Operating": NaN,
        "Operating Income": NaN,
        "Operating Expense": NaN,
        "Other Operating Expenses": NaN,
        "Research And Development": NaN,
        "Selling General And Administration": NaN,
        "Selling And Marketing Expense": NaN,
        "General And Administrative Expense": NaN,
        "Other Gand A": NaN,
        "Gross Profit": NaN,
        "Cost Of Revenue": NaN,
        "Total Revenue": NaN,
        "Operating Revenue": NaN
    },
    "2022-09-30": {
        "Tax Effect Of Unusual Items": NaN,
        "Tax Rate For Calcs": NaN,
        "Normalized EBITDA": NaN,
        "Total Unusual Items": NaN,
        "Total Unusual Items Excluding Goodwill": NaN,
        "Net Income From Continuing Operation Net Minority Interest": NaN,
        "Reconciled Depreciation": NaN,
        "Reconciled Cost Of Revenue": NaN,
        "EBITDA": NaN,
        "EBIT": NaN,
        "Net Interest Income": NaN,
        "Interest Expense": NaN,
        "Interest Income": NaN,
        "Normalized Income": NaN,
        "Net Income From Continuing And Discontinued Operation": NaN,
        "Total Expenses": NaN,
        "Total Operating Income As Reported": NaN,
        "Diluted Average Shares": NaN,
        "Basic Average Shares": NaN,
        "Diluted EPS": NaN,
        "Basic EPS": NaN,
        "Diluted NI Availto Com Stockholders": NaN,
        "Net Income Common Stockholders": NaN,
        "Net Income": NaN,
        "Net Income Including Noncontrolling Interests": NaN,
        "Net Income Continuous Operations": NaN,
        "Tax Provision": NaN,
        "Pretax Income": NaN,
        "Other Income Expense": NaN,
        "Gain On Sale Of Security": NaN,
        "Net Non Operating Interest Income Expense": NaN,
        "Total Other Finance Cost": -224000.0,
        "Interest Expense Non Operating": NaN,
        "Interest Income Non Operating": NaN,
        "Operating Income": NaN,
        "Operating Expense": NaN,
        "Other Operating Expenses": NaN,
        "Research And Development": NaN,
        "Selling General And Administration": NaN,
        "Selling And Marketing Expense": NaN,
        "General And Administrative Expense": NaN,
        "Other Gand A": NaN,
        "Gross Profit": NaN,
        "Cost Of Revenue": NaN,
        "Total Revenue": NaN,
        "Operating Revenue": NaN
    },
    "2022-06-30": {
        "Tax Effect Of Unusual Items": 0.0,
        "Tax Rate For Calcs": 0.000243,
        "Normalized EBITDA": -22692000.0,
        "Net Income From Continuing Operation Net Minority Interest": -24681000.0,
        "Reconciled Depreciation": 1387000.0,
        "Reconciled Cost Of Revenue": 4047000.0,
        "EBITDA": -22692000.0,
        "EBIT": -24079000.0,
        "Net Interest Income": -608000.0,
        "Interest Expense": 608000.0,
        "Normalized Income": -24681000.0,
        "Net Income From Continuing And Discontinued Operation": -24681000.0,
        "Total Expenses": 35746000.0,
        "Total Operating Income As Reported": -24079000.0,
        "Diluted Average Shares": 64089566.0,
        "Basic Average Shares": 64089566.0,
        "Diluted EPS": -0.39,
        "Basic EPS": -0.39,
        "Diluted NI Availto Com Stockholders": -24681000.0,
        "Net Income Common Stockholders": -24681000.0,
        "Net Income": -24681000.0,
        "Net Income Including Noncontrolling Interests": -24681000.0,
        "Net Income Continuous Operations": -24681000.0,
        "Tax Provision": -6000.0,
        "Pretax Income": -24687000.0,
        "Net Non Operating Interest Income Expense": -608000.0,
        "Total Other Finance Cost": NaN,
        "Interest Expense Non Operating": 608000.0,
        "Operating Income": -24079000.0,
        "Operating Expense": 31699000.0,
        "Other Operating Expenses": -223000.0,
        "Research And Development": 8990000.0,
        "Selling General And Administration": 22932000.0,
        "Selling And Marketing Expense": 8235000.0,
        "General And Administrative Expense": 14697000.0,
        "Other Gand A": 14697000.0,
        "Gross Profit": 7620000.0,
        "Cost Of Revenue": 4047000.0,
        "Total Revenue": 11667000.0,
        "Operating Revenue": 11667000.0
    },
    "2022-03-31": {
        "Diluted EPS": -0.4,
        "Total Revenue": 11,
        "Gross Profit": 7,
        "Operating Income": -25,
        "EBIT": -24,
        "Net Income": -25
    },
    "2021-12-31": {
        "Diluted EPS": -0.34,
        "Total Revenue": 11,
        "Gross Profit": 7,
        "Operating Income": -21,
        "EBIT": -20,
        "Net Income": -21
    },
    "2021-09-30": {
        "Diluted EPS": -0.35,
        "Total Revenue": 10,
        "Gross Profit": 7,
        "Operating Income": -21,
        "EBIT": -20,
        "Net Income": -21
    },
    "2021-06-30": {
        "Diluted EPS": -0.38,
        "Total Revenue": 10,
        "Gross Profit": 6,
        "Operating Income": -16,
        "EBIT": -15,
        "Net Income": -18
    },
    "2021-03-31": {
        "Diluted EPS": -0.26,
        "Total Revenue": 9,
        "Gross Profit": 6,
        "Operating Income": -14,
        "EBIT": -13,
        "Net Income": -13
    },
    "2020-12-31": {
        "Diluted EPS": -0.22,
        "Total Revenue": 8,
        "Gross Profit": 5,
        "Operating Income": -11,
        "EBIT": -11,
        "Net Income": -10
    },
    "2020-09-30": {
        "Diluted EPS": -0.24,
        "Total Revenue": 7,
        "Gross Profit": 4,
        "Operating Income": -9,
        "EBIT": -9,
        "Net Income": -10
    },
    "2020-06-30": {
        "Diluted EPS": -0.2,
        "Total Revenue": 6,
        "Gross Profit": 4,
        "Operating Income": -7,
        "EBIT": -6,
        "Net Income": -8
    },
    "2020-03-31": {
        "Diluted EPS": -0.27,
        "Total Revenue": 7,
        "Gross Profit": 5,
        "Operating Income": -10,
        "EBIT": -9,
        "Net Income": -11
    },
    "2019-12-31": {
        "Diluted EPS": 0.0,
        "Total Revenue": NaN,
        "Gross Profit": NaN,
        "Operating Income": NaN,
        "EBIT": NaN,
        "Net Income": NaN
    },
    "2023-06-30": {
        "Tax Effect Of Unusual Items": NaN,
        "Tax Rate For Calcs": NaN,
        "Normalized EBITDA": NaN,
        "Total Unusual Items": NaN,
        "Total Unusual Items Excluding Goodwill": NaN,
        "Net Income From Continuing Operation Net Minority Interest": NaN,
        "Reconciled Depreciation": NaN,
        "Reconciled Cost Of Revenue": NaN,
        "EBITDA": NaN,
        "EBIT": NaN,
        "Net Interest Income": NaN,
        "Interest Expense": 1276000.0,
        "Interest Income": NaN,
        "Normalized Income": NaN,
        "Net Income From Continuing And Discontinued Operation": NaN,
        "Total Expenses": NaN,
        "Total Operating Income As Reported": NaN,
        "Diluted Average Shares": 64498686.0,
        "Basic Average Shares": 64498686.0,
        "Diluted EPS": -0.33,
        "Basic EPS": -0.33,
        "Diluted NI Availto Com Stockholders": NaN,
        "Net Income Common Stockholders": NaN,
        "Net Income": NaN,
        "Net Income Including Noncontrolling Interests": NaN,
        "Net Income Continuous Operations": NaN,
        "Tax Provision": NaN,
        "Pretax Income": NaN,
        "Other Income Expense": NaN,
        "Gain On Sale Of Security": NaN,
        "Net Non Operating Interest Income Expense": NaN,
        "Total Other Finance Cost": NaN,
        "Interest Expense Non Operating": 1276000.0,
        "Interest Income Non Operating": NaN,
        "Operating Income": NaN,
        "Operating Expense": NaN,
        "Other Operating Expenses": NaN,
        "Research And Development": NaN,
        "Selling General And Administration": NaN,
        "Selling And Marketing Expense": NaN,
        "General And Administrative Expense": NaN,
        "Other Gand A": NaN,
        "Gross Profit": NaN,
        "Cost Of Revenue": NaN,
        "Total Revenue": NaN,
        "Operating Revenue": NaN
    },
    "2023-09-30": {
        "Tax Effect Of Unusual Items": NaN,
        "Tax Rate For Calcs": NaN,
        "Normalized EBITDA": NaN,
        "Total Unusual Items": NaN,
        "Total Unusual Items Excluding Goodwill": NaN,
        "Net Income From Continuing Operation Net Minority Interest": NaN,
        "Reconciled Depreciation": NaN,
        "Reconciled Cost Of Revenue": NaN,
        "EBITDA": NaN,
        "EBIT": NaN,
        "Net Interest Income": NaN,
        "Interest Expense": NaN,
        "Interest Income": NaN,
        "Normalized Income": NaN,
        "Net Income From Continuing And Discontinued Operation": NaN,
        "Total Expenses": NaN,
        "Total Operating Income As Reported": NaN,
        "Diluted Average Shares": 65072600.0,
        "Basic Average Shares": 65072600.0,
        "Diluted EPS": -0.21,
        "Basic EPS": -0.21,
        "Diluted NI Availto Com Stockholders": NaN,
        "Net Income Common Stockholders": NaN,
        "Net Income": NaN,
        "Net Income Including Noncontrolling Interests": NaN,
        "Net Income Continuous Operations": NaN,
        "Tax Provision": NaN,
        "Pretax Income": NaN,
        "Other Income Expense": NaN,
        "Gain On Sale Of Security": NaN,
        "Net Non Operating Interest Income Expense": NaN,
        "Total Other Finance Cost": -3019000.0,
        "Interest Expense Non Operating": NaN,
        "Interest Income Non Operating": NaN,
        "Operating Income": NaN,
        "Operating Expense": NaN,
        "Other Operating Expenses": NaN,
        "Research And Development": NaN,
        "Selling General And Administration": NaN,
        "Selling And Marketing Expense": NaN,
        "General And Administrative Expense": NaN,
        "Other Gand A": NaN,
        "Gross Profit": NaN,
        "Cost Of Revenue": NaN,
        "Total Revenue": NaN,
        "Operating Revenue": NaN
    },
    "2023-12-31": {
        "Tax Effect Of Unusual Items": 0.0,
        "Tax Rate For Calcs": 0.085,
        "Normalized EBITDA": -20047000.0,
        "Total Unusual Items": NaN,
        "Total Unusual Items Excluding Goodwill": NaN,
        "Net Income From Continuing Operation Net Minority Interest": -24061000.0,
        "Reconciled Depreciation": 1981000.0,
        "Reconciled Cost Of Revenue": 5149000.0,
        "EBITDA": -20047000.0,
        "EBIT": -22028000.0,
        "Net Interest Income": 2522000.0,
        "Interest Income": NaN,
        "Normalized Income": -24061000.0,
        "Net Income From Continuing And Discontinued Operation": -24061000.0,
        "Total Expenses": 35995000.0,
        "Total Operating Income As Reported": -18947000.0,
        "Diluted Average Shares": NaN,
        "Basic Average Shares": NaN,
        "Diluted EPS": NaN,
        "Basic EPS": NaN,
        "Diluted NI Availto Com Stockholders": -24061000.0,
        "Net Income Common Stockholders": -24061000.0,
        "Net Income": -24061000.0,
        "Net Income Including Noncontrolling Interests": -24061000.0,
        "Net Income Continuous Operations": -24061000.0,
        "Tax Provision": 8000.0,
        "Pretax Income": -24053000.0,
        "Other Income Expense": NaN,
        "Gain On Sale Of Security": NaN,
        "Net Non Operating Interest Income Expense": 2522000.0,
        "Total Other Finance Cost": NaN,
        "Interest Income Non Operating": NaN,
        "Operating Income": -18947000.0,
        "Operating Expense": 30846000.0,
        "Other Operating Expenses": -149000.0,
        "Research And Development": 9760000.0,
        "Selling General And Administration": 21235000.0,
        "Selling And Marketing Expense": 7966000.0,
        "General And Administrative Expense": 13269000.0,
        "Other Gand A": 13269000.0,
        "Gross Profit": 11899000.0,
        "Cost Of Revenue": 5149000.0,
        "Total Revenue": 17048000.0,
        "Operating Revenue": 17048000.0
    },
    "2024-03-31": {
        "Tax Effect Of Unusual Items": NaN,
        "Tax Rate For Calcs": NaN,
        "Normalized EBITDA": NaN,
        "Total Unusual Items": NaN,
        "Total Unusual Items Excluding Goodwill": NaN,
        "Net Income From Continuing Operation Net Minority Interest": NaN,
        "Reconciled Depreciation": NaN,
        "Reconciled Cost Of Revenue": NaN,
        "EBITDA": NaN,
        "EBIT": NaN,
        "Net Interest Income": NaN,
        "Interest Expense": 143000.0,
        "Interest Income": NaN,
        "Normalized Income": NaN,
        "Net Income From Continuing And Discontinued Operation": NaN,
        "Total Expenses": NaN,
        "Total Operating Income As Reported": NaN,
        "Diluted Average Shares": NaN,
        "Basic Average Shares": NaN,
        "Diluted EPS": NaN,
        "Basic EPS": NaN,
        "Diluted NI Availto Com Stockholders": NaN,
        "Net Income Common Stockholders": NaN,
        "Net Income": NaN,
        "Net Income Including Noncontrolling Interests": NaN,
        "Net Income Continuous Operations": NaN,
        "Tax Provision": NaN,
        "Pretax Income": NaN,
        "Other Income Expense": NaN,
        "Gain On Sale Of Security": NaN,
        "Net Non Operating Interest Income Expense": NaN,
        "Interest Expense Non Operating": 143000.0,
        "Interest Income Non Operating": NaN,
        "Operating Income": NaN,
        "Operating Expense": NaN,
        "Other Operating Expenses": NaN,
        "Research And Development": NaN,
        "Selling General And Administration": NaN,
        "Selling And Marketing Expense": NaN,
        "General And Administrative Expense": NaN,
        "Other Gand A": NaN,
        "Gross Profit": NaN,
        "Cost Of Revenue": NaN,
        "Total Revenue": NaN,
        "Operating Revenue": NaN
    },
    "2024-06-30": {
        "Tax Effect Of Unusual Items": NaN,
        "Tax Rate For Calcs": NaN,
        "Normalized EBITDA": NaN,
        "Total Unusual Items": NaN,
        "Total Unusual Items Excluding Goodwill": NaN,
        "Net Income From Continuing Operation Net Minority Interest": NaN,
        "Reconciled Depreciation": NaN,
        "Reconciled Cost Of Revenue": NaN,
        "EBITDA": NaN,
        "EBIT": NaN,
        "Net Interest Income": NaN,
        "Interest Expense": 501000.0,
        "Interest Income": NaN,
        "Normalized Income": NaN,
        "Net Income From Continuing And Discontinued Operation": NaN,
        "Total Expenses": NaN,
        "Total Operating Income As Reported": NaN,
        "Diluted Average Shares": NaN,
        "Basic Average Shares": NaN,
        "Diluted EPS": NaN,
        "Basic EPS": NaN,
        "Diluted NI Availto Com Stockholders": NaN,
        "Net Income Common Stockholders": NaN,
        "Net Income": NaN,
        "Net Income Including Noncontrolling Interests": NaN,
        "Net Income Continuous Operations": NaN,
        "Tax Provision": NaN,
        "Pretax Income": NaN,
        "Other Income Expense": NaN,
        "Gain On Sale Of Security": NaN,
        "Net Non Operating Interest Income Expense": NaN,
        "Interest Expense Non Operating": 501000.0,
        "Interest Income Non Operating": NaN,
        "Operating Income": NaN,
        "Operating Expense": NaN,
        "Other Operating Expenses": NaN,
        "Research And Development": NaN,
        "Selling General And Administration": NaN,
        "Selling And Marketing Expense": NaN,
        "General And Administrative Expense": NaN,
        "Other Gand A": NaN,
        "Gross Profit": NaN,
        "Cost Of Revenue": NaN,
        "Total Revenue": NaN,
        "Operating Revenue": NaN
    },
    "2024-09-30": {
        "Tax Effect Of Unusual Items": -803000.0,
        "Tax Rate For Calcs": 0.25,
        "Normalized EBITDA": -9938000.0,
        "Total Unusual Items": -3212000.0,
        "Total Unusual Items Excluding Goodwill": -3212000.0,
        "Net Income From Continuing Operation Net Minority Interest": -18438000.0,
        "Reconciled Depreciation": 2213000.0,
        "Reconciled Cost Of Revenue": 5199000.0,
        "EBITDA": -13150000.0,
        "EBIT": -15363000.0,
        "Net Interest Income": 267000.0,
        "Interest Expense": NaN,
        "Interest Income": 267000.0,
        "Normalized Income": -16029000.0,
        "Net Income From Continuing And Discontinued Operation": -18438000.0,
        "Total Expenses": 31216000.0,
        "Total Operating Income As Reported": -15363000.0,
        "Diluted Average Shares": 66383160.0,
        "Basic Average Shares": 66383160.0,
        "Diluted EPS": -0.28,
        "Basic EPS": -0.28,
        "Diluted NI Availto Com Stockholders": -18438000.0,
        "Net Income Common Stockholders": -18438000.0,
        "Net Income": -18438000.0,
        "Net Income Including Noncontrolling Interests": -18438000.0,
        "Net Income Continuous Operations": -18438000.0,
        "Tax Provision": 130000.0,
        "Pretax Income": -18308000.0,
        "Other Income Expense": -3212000.0,
        "Gain On Sale Of Security": -3212000.0,
        "Net Non Operating Interest Income Expense": 267000.0,
        "Interest Expense Non Operating": NaN,
        "Interest Income Non Operating": 267000.0,
        "Operating Income": -15363000.0,
        "Operating Expense": 26017000.0,
        "Other Operating Expenses": -43000.0,
        "Research And Development": 7874000.0,
        "Selling General And Administration": 18186000.0,
        "Selling And Marketing Expense": 7306000.0,
        "General And Administrative Expense": 10880000.0,
        "Other Gand A": 10880000.0,
        "Gross Profit": 10654000.0,
        "Cost Of Revenue": 5199000.0,
        "Total Revenue": 15853000.0,
        "Operating Revenue": 15853000.0
    },
    "2024-12-31": {
        "Tax Effect Of Unusual Items": 732000.0,
        "Tax Rate For Calcs": 0.25,
        "Normalized EBITDA": -10874000.0,
        "Total Unusual Items": 2928000.0,
        "Total Unusual Items Excluding Goodwill": 2928000.0,
        "Net Income From Continuing Operation Net Minority Interest": -15158000.0,
        "Reconciled Depreciation": 2287000.0,
        "Reconciled Cost Of Revenue": 5631000.0,
        "EBITDA": -7946000.0,
        "EBIT": -10233000.0,
        "Net Interest Income": -26000.0,
        "Interest Expense": NaN,
        "Interest Income": 1887000.0,
        "Normalized Income": -17354000.0,
        "Net Income From Continuing And Discontinued Operation": -15158000.0,
        "Total Expenses": 35177000.0,
        "Total Operating Income As Reported": -17444000.0,
        "Diluted Average Shares": 65904348.0,
        "Basic Average Shares": 65904348.0,
        "Diluted EPS": -0.23,
        "Basic EPS": -0.23,
        "Diluted NI Availto Com Stockholders": -15158000.0,
        "Net Income Common Stockholders": -15158000.0,
        "Net Income": -15158000.0,
        "Net Income Including Noncontrolling Interests": -15158000.0,
        "Net Income Continuous Operations": -15158000.0,
        "Tax Provision": 616000.0,
        "Pretax Income": -14542000.0,
        "Other Income Expense": 2928000.0,
        "Gain On Sale Of Security": 2928000.0,
        "Net Non Operating Interest Income Expense": -26000.0,
        "Interest Expense Non Operating": NaN,
        "Interest Income Non Operating": 1887000.0,
        "Operating Income": -17444000.0,
        "Operating Expense": 29546000.0,
        "Other Operating Expenses": -116000.0,
        "Research And Development": 9143000.0,
        "Selling General And Administration": 20519000.0,
        "Selling And Marketing Expense": 7854000.0,
        "General And Administrative Expense": 12665000.0,
        "Other Gand A": 12665000.0,
        "Gross Profit": 12102000.0,
        "Cost Of Revenue": 5631000.0,
        "Total Revenue": 17733000.0,
        "Operating Revenue": 17733000.0
    },
    "2025-03-31": {
        "Tax Effect Of Unusual Items": -159250.0,
        "Tax Rate For Calcs": 0.25,
        "Normalized EBITDA": -13289000.0,
        "Total Unusual Items": -637000.0,
        "Total Unusual Items Excluding Goodwill": -637000.0,
        "Net Income From Continuing Operation Net Minority Interest": -17385000.0,
        "Reconciled Depreciation": 2297000.0,
        "Reconciled Cost Of Revenue": 5571000.0,
        "EBITDA": -13926000.0,
        "EBIT": -16223000.0,
        "Net Interest Income": -209000.0,
        "Interest Expense": 659000.0,
        "Interest Income": 450000.0,
        "Normalized Income": -16907250.0,
        "Net Income From Continuing And Discontinued Operation": -17385000.0,
        "Total Expenses": 33815000.0,
        "Total Operating Income As Reported": -16036000.0,
        "Diluted Average Shares": 66844516.0,
        "Basic Average Shares": 66844516.0,
        "Diluted EPS": -0.26,
        "Basic EPS": -0.26,
        "Diluted NI Availto Com Stockholders": -17385000.0,
        "Net Income Common Stockholders": -17385000.0,
        "Net Income": -17385000.0,
        "Net Income Including Noncontrolling Interests": -17385000.0,
        "Net Income Continuous Operations": -17385000.0,
        "Tax Provision": 503000.0,
        "Pretax Income": -16882000.0,
        "Other Income Expense": -637000.0,
        "Gain On Sale Of Security": -637000.0,
        "Net Non Operating Interest Income Expense": -209000.0,
        "Interest Expense Non Operating": 659000.0,
        "Interest Income Non Operating": 450000.0,
        "Operating Income": -16036000.0,
        "Operating Expense": 28244000.0,
        "Other Operating Expenses": -8000.0,
        "Research And Development": 9118000.0,
        "Selling General And Administration": 19134000.0,
        "Selling And Marketing Expense": 7534000.0,
        "General And Administrative Expense": 11600000.0,
        "Other Gand A": 11600000.0,
        "Gross Profit": 12208000.0,
        "Cost Of Revenue": 5571000.0,
        "Total Revenue": 17779000.0,
        "Operating Revenue": 17779000.0
    },
    "2025-06-30": {
        "Tax Effect Of Unusual Items": -755000.0,
        "Tax Rate For Calcs": 0.25,
        "Normalized EBITDA": -15703000.0,
        "Total Unusual Items": -3020000.0,
        "Total Unusual Items Excluding Goodwill": -3020000.0,
        "Net Income From Continuing Operation Net Minority Interest": -22414000.0,
        "Reconciled Depreciation": 2370000.0,
        "Reconciled Cost Of Revenue": 6053000.0,
        "EBITDA": -18723000.0,
        "EBIT": -21093000.0,
        "Net Interest Income": -140000.0,
        "Interest Expense": 559000.0,
        "Interest Income": 419000.0,
        "Normalized Income": -20149000.0,
        "Net Income From Continuing And Discontinued Operation": -22414000.0,
        "Total Expenses": 36815000.0,
        "Total Operating Income As Reported": -18492000.0,
        "Diluted Average Shares": 67321079.0,
        "Basic Average Shares": 67321079.0,
        "Diluted EPS": -0.33,
        "Basic EPS": -0.33,
        "Diluted NI Availto Com Stockholders": -22414000.0,
        "Net Income Common Stockholders": -22414000.0,
        "Net Income": -22414000.0,
        "Net Income Including Noncontrolling Interests": -22414000.0,
        "Net Income Continuous Operations": -22414000.0,
        "Tax Provision": 762000.0,
        "Pretax Income": -21652000.0,
        "Other Income Expense": -3020000.0,
        "Gain On Sale Of Security": -3020000.0,
        "Net Non Operating Interest Income Expense": -140000.0,
        "Interest Expense Non Operating": 559000.0,
        "Interest Income Non Operating": 419000.0,
        "Operating Income": -18492000.0,
        "Operating Expense": 30762000.0,
        "Other Operating Expenses": -66000.0,
        "Research And Development": 8493000.0,
        "Selling General And Administration": 22335000.0,
        "Selling And Marketing Expense": 10034000.0,
        "General And Administrative Expense": 12301000.0,
        "Other Gand A": 12301000.0,
        "Gross Profit": 12270000.0,
        "Cost Of Revenue": 6053000.0,
        "Total Revenue": 18323000.0,
        "Operating Revenue": 18323000.0
    },
    "2025-09-30": {
        "Tax Effect Of Unusual Items": -119000.0,
        "Tax Rate For Calcs": 0.25,
        "Normalized EBITDA": -14816000.0,
        "Total Unusual Items": -476000.0,
        "Total Unusual Items Excluding Goodwill": -476000.0,
        "Net Income From Continuing Operation Net Minority Interest": -20021000.0,
        "Reconciled Depreciation": 2424000.0,
        "Reconciled Cost Of Revenue": 6555000.0,
        "EBITDA": -15292000.0,
        "EBIT": -17716000.0,
        "Net Interest Income": -1041000.0,
        "Interest Expense": 1663000.0,
        "Interest Income": 622000.0,
        "Normalized Income": -19664000.0,
        "Net Income From Continuing And Discontinued Operation": -20021000.0,
        "Total Expenses": 37324000.0,
        "Total Operating Income As Reported": -17862000.0,
        "Diluted Average Shares": 67787913.0,
        "Basic Average Shares": 67787913.0,
        "Diluted EPS": -0.3,
        "Basic EPS": -0.3,
        "Diluted NI Availto Com Stockholders": -20021000.0,
        "Net Income Common Stockholders": -20021000.0,
        "Net Income": -20021000.0,
        "Net Income Including Noncontrolling Interests": -20021000.0,
        "Net Income Continuous Operations": -20021000.0,
        "Tax Provision": 642000.0,
        "Pretax Income": -19379000.0,
        "Other Income Expense": -476000.0,
        "Gain On Sale Of Security": -476000.0,
        "Net Non Operating Interest Income Expense": -1041000.0,
        "Interest Expense Non Operating": 1663000.0,
        "Interest Income Non Operating": 622000.0,
        "Operating Income": -17862000.0,
        "Operating Expense": 30769000.0,
        "Other Operating Expenses": 143000.0,
        "Research And Development": 8067000.0,
        "Selling General And Administration": 22559000.0,
        "Selling And Marketing Expense": 8670000.0,
        "General And Administrative Expense": 13889000.0,
        "Other Gand A": 13889000.0,
        "Gross Profit": 12907000.0,
        "Cost Of Revenue": 6555000.0,
        "Total Revenue": 19462000.0,
        "Operating Revenue": 19462000.0
    }
}