{
    "2023-03-31": {
        "Tax Effect Of Unusual Items": NaN,
        "Tax Rate For Calcs": NaN,
        "Normalized EBITDA": NaN,
        "Total Unusual Items": NaN,
        "Total Unusual Items Excluding Goodwill": NaN,
        "Net Income From Continuing Operation Net Minority Interest": NaN,
        "Reconciled Depreciation": NaN,
        "Reconciled Cost Of Revenue": NaN,
        "EBITDA": NaN,
        "EBIT": NaN,
        "Net Interest Income": NaN,
        "Interest Expense": NaN,
        "Interest Income": NaN,
        "Normalized Income": NaN,
        "Net Income From Continuing And Discontinued Operation": NaN,
        "Total Expenses": NaN,
        "Total Operating Income As Reported": NaN,
        "Diluted Average Shares": NaN,
        "Basic Average Shares": NaN,
        "Diluted EPS": NaN,
        "Basic EPS": NaN,
        "Diluted NI Availto Com Stockholders": NaN,
        "Net Income Common Stockholders": NaN,
        "Preferred Stock Dividends": NaN,
        "Net Income": NaN,
        "Net Income Including Noncontrolling Interests": NaN,
        "Net Income Continuous Operations": NaN,
        "Tax Provision": NaN,
        "Pretax Income": NaN,
        "Other Income Expense": NaN,
        "Other Non Operating Income Expenses": NaN,
        "Special Income Charges": NaN,
        "Other Special Charges": NaN,
        "Restructuring And Mergern Acquisition": NaN,
        "Gain On Sale Of Security": -571000.0,
        "Net Non Operating Interest Income Expense": NaN,
        "Interest Expense Non Operating": NaN,
        "Interest Income Non Operating": NaN,
        "Operating Income": NaN,
        "Operating Expense": NaN,
        "Depreciation Amortization Depletion Income Statement": NaN,
        "Depreciation And Amortization In Income Statement": NaN,
        "Amortization": NaN,
        "Amortization Of Intangibles Income Statement": NaN,
        "Research And Development": NaN,
        "Selling General And Administration": NaN,
        "Selling And Marketing Expense": NaN,
        "General And Administrative Expense": NaN,
        "Other Gand A": NaN,
        "Gross Profit": NaN,
        "Cost Of Revenue": NaN,
        "Total Revenue": NaN,
        "Operating Revenue": NaN
    },
    "2022-12-31": {
        "Tax Effect Of Unusual Items": NaN,
        "Tax Rate For Calcs": NaN,
        "Normalized EBITDA": NaN,
        "Total Unusual Items": NaN,
        "Total Unusual Items Excluding Goodwill": NaN,
        "Net Income From Continuing Operation Net Minority Interest": NaN,
        "Reconciled Depreciation": NaN,
        "Reconciled Cost Of Revenue": NaN,
        "EBITDA": NaN,
        "EBIT": NaN,
        "Net Interest Income": NaN,
        "Interest Expense": NaN,
        "Interest Income": NaN,
        "Normalized Income": NaN,
        "Net Income From Continuing And Discontinued Operation": NaN,
        "Total Expenses": NaN,
        "Total Operating Income As Reported": NaN,
        "Diluted Average Shares": NaN,
        "Basic Average Shares": NaN,
        "Diluted EPS": NaN,
        "Basic EPS": NaN,
        "Diluted NI Availto Com Stockholders": NaN,
        "Net Income Common Stockholders": NaN,
        "Preferred Stock Dividends": NaN,
        "Net Income": NaN,
        "Net Income Including Noncontrolling Interests": NaN,
        "Net Income Continuous Operations": NaN,
        "Tax Provision": NaN,
        "Pretax Income": NaN,
        "Other Income Expense": NaN,
        "Other Non Operating Income Expenses": NaN,
        "Special Income Charges": NaN,
        "Other Special Charges": NaN,
        "Restructuring And Mergern Acquisition": NaN,
        "Gain On Sale Of Security": 0.0,
        "Net Non Operating Interest Income Expense": NaN,
        "Interest Expense Non Operating": NaN,
        "Interest Income Non Operating": NaN,
        "Operating Income": NaN,
        "Operating Expense": NaN,
        "Depreciation Amortization Depletion Income Statement": NaN,
        "Depreciation And Amortization In Income Statement": NaN,
        "Amortization": NaN,
        "Amortization Of Intangibles Income Statement": NaN,
        "Research And Development": NaN,
        "Selling General And Administration": NaN,
        "Selling And Marketing Expense": NaN,
        "General And Administrative Expense": NaN,
        "Other Gand A": NaN,
        "Gross Profit": NaN,
        "Cost Of Revenue": NaN,
        "Total Revenue": NaN,
        "Operating Revenue": NaN
    },
    "2022-09-30": {
        "Tax Effect Of Unusual Items": NaN,
        "Tax Rate For Calcs": NaN,
        "Normalized EBITDA": NaN,
        "Total Unusual Items": NaN,
        "Total Unusual Items Excluding Goodwill": NaN,
        "Net Income From Continuing Operation Net Minority Interest": NaN,
        "Reconciled Depreciation": NaN,
        "Reconciled Cost Of Revenue": NaN,
        "EBITDA": NaN,
        "EBIT": NaN,
        "Net Interest Income": NaN,
        "Interest Expense": NaN,
        "Interest Income": NaN,
        "Normalized Income": NaN,
        "Net Income From Continuing And Discontinued Operation": NaN,
        "Total Expenses": NaN,
        "Total Operating Income As Reported": NaN,
        "Diluted Average Shares": 197006980.0,
        "Basic Average Shares": 197006980.0,
        "Diluted EPS": -0.15,
        "Basic EPS": -0.15,
        "Diluted NI Availto Com Stockholders": NaN,
        "Net Income Common Stockholders": NaN,
        "Preferred Stock Dividends": NaN,
        "Net Income": NaN,
        "Net Income Including Noncontrolling Interests": NaN,
        "Net Income Continuous Operations": NaN,
        "Tax Provision": NaN,
        "Pretax Income": NaN,
        "Other Income Expense": NaN,
        "Other Non Operating Income Expenses": NaN,
        "Special Income Charges": NaN,
        "Restructuring And Mergern Acquisition": NaN,
        "Gain On Sale Of Security": -1075000.0,
        "Net Non Operating Interest Income Expense": NaN,
        "Interest Expense Non Operating": NaN,
        "Interest Income Non Operating": NaN,
        "Operating Income": NaN,
        "Operating Expense": NaN,
        "Depreciation Amortization Depletion Income Statement": NaN,
        "Depreciation And Amortization In Income Statement": NaN,
        "Amortization": NaN,
        "Amortization Of Intangibles Income Statement": NaN,
        "Research And Development": NaN,
        "Selling General And Administration": NaN,
        "Selling And Marketing Expense": NaN,
        "General And Administrative Expense": NaN,
        "Other Gand A": NaN,
        "Gross Profit": NaN,
        "Cost Of Revenue": NaN,
        "Total Revenue": NaN,
        "Operating Revenue": NaN
    },
    "2022-06-30": {
        "Tax Effect Of Unusual Items": -5600.0,
        "Tax Rate For Calcs": 0.4,
        "Normalized EBITDA": -28693000.0,
        "Total Unusual Items": -14000.0,
        "Total Unusual Items Excluding Goodwill": -14000.0,
        "Net Income From Continuing Operation Net Minority Interest": -30668000.0,
        "Reconciled Depreciation": 1676000.0,
        "Reconciled Cost Of Revenue": 2488000.0,
        "EBITDA": -28707000.0,
        "EBIT": -28707000.0,
        "Net Interest Income": -1535000.0,
        "Interest Expense": 1572000.0,
        "Interest Income": 37000.0,
        "Normalized Income": -30659600.0,
        "Net Income From Continuing And Discontinued Operation": -30668000.0,
        "Total Expenses": 35082000.0,
        "Total Operating Income As Reported": -28930000.0,
        "Diluted Average Shares": 162004172.0,
        "Basic Average Shares": 162004172.0,
        "Diluted EPS": -0.19,
        "Basic EPS": -0.19,
        "Diluted NI Availto Com Stockholders": -30668000.0,
        "Net Income Common Stockholders": -30668000.0,
        "Net Income": -30668000.0,
        "Net Income Including Noncontrolling Interests": -30668000.0,
        "Net Income Continuous Operations": -30668000.0,
        "Tax Provision": 389000.0,
        "Pretax Income": -30279000.0,
        "Other Income Expense": 186000.0,
        "Other Non Operating Income Expenses": 200000.0,
        "Special Income Charges": NaN,
        "Restructuring And Mergern Acquisition": NaN,
        "Gain On Sale Of Security": -14000.0,
        "Net Non Operating Interest Income Expense": -1535000.0,
        "Interest Expense Non Operating": 1572000.0,
        "Interest Income Non Operating": 37000.0,
        "Operating Income": -28930000.0,
        "Operating Expense": 32594000.0,
        "Research And Development": 18862000.0,
        "Selling General And Administration": 13732000.0,
        "Selling And Marketing Expense": 4370000.0,
        "General And Administrative Expense": 9362000.0,
        "Other Gand A": 9362000.0,
        "Gross Profit": 3664000.0,
        "Cost Of Revenue": 2488000.0,
        "Total Revenue": 6152000.0,
        "Operating Revenue": 6152000.0
    },
    "2022-03-31": {
        "Diluted EPS": -0.36,
        "Total Revenue": 4,
        "Gross Profit": 3,
        "Operating Income": -21,
        "EBIT": -17,
        "Net Income": -25
    },
    "2021-12-31": {
        "Diluted EPS": 1.77,
        "Total Revenue": 9,
        "Gross Profit": 6,
        "Operating Income": -36,
        "EBIT": -31,
        "Net Income": -41
    },
    "2021-09-30": {
        "Diluted EPS": -0.35,
        "Total Revenue": 4,
        "Gross Profit": 2,
        "Operating Income": -17,
        "EBIT": -14,
        "Net Income": -24
    },
    "2021-06-30": {
        "Diluted EPS": -0.22,
        "Total Revenue": 8,
        "Gross Profit": 7,
        "Operating Income": -12,
        "EBIT": -12,
        "Net Income": -15
    },
    "2021-03-31": {
        "Diluted EPS": -2.38,
        "Total Revenue": NaN,
        "Gross Profit": NaN,
        "Operating Income": 0,
        "EBIT": 0,
        "Net Income": 0
    },
    "2020-12-31": {
        "Diluted EPS": 0.0,
        "Total Revenue": NaN,
        "Gross Profit": NaN,
        "Operating Income": NaN,
        "EBIT": NaN,
        "Net Income": NaN
    },
    "2023-06-30": {
        "Tax Effect Of Unusual Items": NaN,
        "Tax Rate For Calcs": NaN,
        "Normalized EBITDA": NaN,
        "Total Unusual Items": NaN,
        "Total Unusual Items Excluding Goodwill": NaN,
        "Net Income From Continuing Operation Net Minority Interest": NaN,
        "Reconciled Depreciation": NaN,
        "Reconciled Cost Of Revenue": NaN,
        "EBITDA": NaN,
        "EBIT": NaN,
        "Net Interest Income": NaN,
        "Interest Expense": NaN,
        "Interest Income": NaN,
        "Normalized Income": NaN,
        "Net Income From Continuing And Discontinued Operation": NaN,
        "Total Expenses": NaN,
        "Total Operating Income As Reported": NaN,
        "Diluted Average Shares": 220772111.0,
        "Basic Average Shares": 220772111.0,
        "Diluted EPS": -0.11,
        "Basic EPS": -0.11,
        "Diluted NI Availto Com Stockholders": NaN,
        "Net Income Common Stockholders": NaN,
        "Preferred Stock Dividends": NaN,
        "Net Income": NaN,
        "Net Income Including Noncontrolling Interests": NaN,
        "Net Income Continuous Operations": NaN,
        "Tax Provision": NaN,
        "Pretax Income": NaN,
        "Other Income Expense": NaN,
        "Other Non Operating Income Expenses": NaN,
        "Special Income Charges": NaN,
        "Other Special Charges": 837000.0,
        "Restructuring And Mergern Acquisition": NaN,
        "Gain On Sale Of Security": -1328000.0,
        "Net Non Operating Interest Income Expense": NaN,
        "Interest Expense Non Operating": NaN,
        "Interest Income Non Operating": NaN,
        "Operating Income": NaN,
        "Operating Expense": NaN,
        "Depreciation Amortization Depletion Income Statement": NaN,
        "Depreciation And Amortization In Income Statement": NaN,
        "Amortization": NaN,
        "Amortization Of Intangibles Income Statement": NaN,
        "Research And Development": NaN,
        "Selling General And Administration": NaN,
        "Selling And Marketing Expense": NaN,
        "General And Administrative Expense": NaN,
        "Other Gand A": NaN,
        "Gross Profit": NaN,
        "Cost Of Revenue": NaN,
        "Total Revenue": NaN,
        "Operating Revenue": NaN
    },
    "2023-09-30": {
        "Tax Effect Of Unusual Items": NaN,
        "Tax Rate For Calcs": NaN,
        "Normalized EBITDA": NaN,
        "Total Unusual Items": NaN,
        "Total Unusual Items Excluding Goodwill": NaN,
        "Net Income From Continuing Operation Net Minority Interest": NaN,
        "Reconciled Depreciation": NaN,
        "Reconciled Cost Of Revenue": NaN,
        "EBITDA": NaN,
        "EBIT": NaN,
        "Net Interest Income": NaN,
        "Interest Expense": NaN,
        "Interest Income": NaN,
        "Normalized Income": NaN,
        "Net Income From Continuing And Discontinued Operation": NaN,
        "Total Expenses": NaN,
        "Total Operating Income As Reported": NaN,
        "Diluted Average Shares": NaN,
        "Basic Average Shares": NaN,
        "Diluted EPS": NaN,
        "Basic EPS": NaN,
        "Diluted NI Availto Com Stockholders": NaN,
        "Average Dilution Earnings": NaN,
        "Net Income Common Stockholders": NaN,
        "Otherunder Preferred Stock Dividend": NaN,
        "Preferred Stock Dividends": 647000.0,
        "Net Income": NaN,
        "Net Income Including Noncontrolling Interests": NaN,
        "Net Income Continuous Operations": NaN,
        "Tax Provision": NaN,
        "Pretax Income": NaN,
        "Other Income Expense": NaN,
        "Other Non Operating Income Expenses": NaN,
        "Special Income Charges": NaN,
        "Other Special Charges": NaN,
        "Restructuring And Mergern Acquisition": NaN,
        "Gain On Sale Of Security": NaN,
        "Net Non Operating Interest Income Expense": NaN,
        "Interest Expense Non Operating": NaN,
        "Interest Income Non Operating": NaN,
        "Operating Income": NaN,
        "Operating Expense": NaN,
        "Depreciation Amortization Depletion Income Statement": NaN,
        "Depreciation And Amortization In Income Statement": NaN,
        "Amortization": NaN,
        "Amortization Of Intangibles Income Statement": NaN,
        "Research And Development": NaN,
        "Selling General And Administration": NaN,
        "Selling And Marketing Expense": NaN,
        "General And Administrative Expense": NaN,
        "Other Gand A": NaN,
        "Gross Profit": NaN,
        "Cost Of Revenue": NaN,
        "Total Revenue": NaN,
        "Operating Revenue": NaN
    },
    "2023-12-31": {
        "Tax Effect Of Unusual Items": NaN,
        "Tax Rate For Calcs": NaN,
        "Normalized EBITDA": NaN,
        "Total Unusual Items": NaN,
        "Total Unusual Items Excluding Goodwill": NaN,
        "Net Income From Continuing Operation Net Minority Interest": NaN,
        "Reconciled Depreciation": NaN,
        "Reconciled Cost Of Revenue": NaN,
        "EBITDA": NaN,
        "EBIT": NaN,
        "Net Interest Income": NaN,
        "Interest Expense": NaN,
        "Interest Income": NaN,
        "Normalized Income": NaN,
        "Net Income From Continuing And Discontinued Operation": NaN,
        "Total Expenses": NaN,
        "Total Operating Income As Reported": NaN,
        "Diluted Average Shares": NaN,
        "Basic Average Shares": NaN,
        "Diluted EPS": NaN,
        "Basic EPS": NaN,
        "Diluted NI Availto Com Stockholders": NaN,
        "Average Dilution Earnings": NaN,
        "Net Income Common Stockholders": NaN,
        "Otherunder Preferred Stock Dividend": NaN,
        "Preferred Stock Dividends": 568000.0,
        "Net Income": NaN,
        "Net Income Including Noncontrolling Interests": NaN,
        "Net Income Continuous Operations": NaN,
        "Tax Provision": NaN,
        "Pretax Income": NaN,
        "Other Income Expense": NaN,
        "Other Non Operating Income Expenses": NaN,
        "Special Income Charges": NaN,
        "Other Special Charges": NaN,
        "Restructuring And Mergern Acquisition": NaN,
        "Gain On Sale Of Security": 0.0,
        "Net Non Operating Interest Income Expense": NaN,
        "Interest Expense Non Operating": NaN,
        "Interest Income Non Operating": NaN,
        "Operating Income": NaN,
        "Operating Expense": NaN,
        "Depreciation Amortization Depletion Income Statement": NaN,
        "Depreciation And Amortization In Income Statement": NaN,
        "Amortization": NaN,
        "Amortization Of Intangibles Income Statement": NaN,
        "Research And Development": NaN,
        "Selling General And Administration": NaN,
        "Selling And Marketing Expense": NaN,
        "General And Administrative Expense": NaN,
        "Other Gand A": NaN,
        "Gross Profit": NaN,
        "Cost Of Revenue": NaN,
        "Total Revenue": NaN,
        "Operating Revenue": NaN
    },
    "2024-03-31": {
        "Tax Effect Of Unusual Items": -874020.0,
        "Tax Rate For Calcs": 0.21,
        "Normalized EBITDA": -20675000.0,
        "Total Unusual Items": -4162000.0,
        "Total Unusual Items Excluding Goodwill": -4162000.0,
        "Net Income From Continuing Operation Net Minority Interest": -33009000.0,
        "Reconciled Depreciation": 2213000.0,
        "Reconciled Cost Of Revenue": 3061000.0,
        "EBITDA": -24837000.0,
        "EBIT": -27050000.0,
        "Net Interest Income": -3849000.0,
        "Interest Expense": 5664000.0,
        "Interest Income": 1815000.0,
        "Normalized Income": -29721020.0,
        "Net Income From Continuing And Discontinued Operation": -33009000.0,
        "Total Expenses": 35961000.0,
        "Total Operating Income As Reported": -28529000.0,
        "Diluted Average Shares": 286596559.0,
        "Basic Average Shares": 286596559.0,
        "Diluted EPS": -0.12,
        "Basic EPS": -0.12,
        "Diluted NI Availto Com Stockholders": -33352000.0,
        "Average Dilution Earnings": 0.0,
        "Net Income Common Stockholders": -33352000.0,
        "Otherunder Preferred Stock Dividend": 0.0,
        "Preferred Stock Dividends": 343000.0,
        "Net Income": -33009000.0,
        "Net Income Including Noncontrolling Interests": -33009000.0,
        "Net Income Continuous Operations": -33009000.0,
        "Tax Provision": 295000.0,
        "Pretax Income": -32714000.0,
        "Other Income Expense": -4498000.0,
        "Other Non Operating Income Expenses": -336000.0,
        "Special Income Charges": -4162000.0,
        "Other Special Charges": NaN,
        "Restructuring And Mergern Acquisition": 4162000.0,
        "Gain On Sale Of Security": NaN,
        "Net Non Operating Interest Income Expense": -3849000.0,
        "Interest Expense Non Operating": 5664000.0,
        "Interest Income Non Operating": 1815000.0,
        "Operating Income": -24367000.0,
        "Operating Expense": 31292000.0,
        "Depreciation Amortization Depletion Income Statement": 605000.0,
        "Depreciation And Amortization In Income Statement": 605000.0,
        "Amortization": 605000.0,
        "Amortization Of Intangibles Income Statement": 605000.0,
        "Research And Development": 14878000.0,
        "Selling General And Administration": 15809000.0,
        "Selling And Marketing Expense": 5542000.0,
        "General And Administrative Expense": 10267000.0,
        "Other Gand A": 10267000.0,
        "Gross Profit": 6925000.0,
        "Cost Of Revenue": 4669000.0,
        "Total Revenue": 11594000.0,
        "Operating Revenue": 11594000.0
    },
    "2024-06-30": {
        "Tax Effect Of Unusual Items": -2789220.0,
        "Tax Rate For Calcs": 0.21,
        "Normalized EBITDA": -17334000.0,
        "Total Unusual Items": -13282000.0,
        "Total Unusual Items Excluding Goodwill": -13282000.0,
        "Net Income From Continuing Operation Net Minority Interest": -37322000.0,
        "Reconciled Depreciation": 1982000.0,
        "Reconciled Cost Of Revenue": 3619000.0,
        "EBITDA": -30616000.0,
        "EBIT": -32598000.0,
        "Net Interest Income": -1266000.0,
        "Interest Expense": 4086000.0,
        "Interest Income": 2820000.0,
        "Normalized Income": -26829220.0,
        "Net Income From Continuing And Discontinued Operation": -37322000.0,
        "Total Expenses": 36529000.0,
        "Total Operating Income As Reported": -21985000.0,
        "Diluted Average Shares": 331830608.0,
        "Basic Average Shares": 331830608.0,
        "Diluted EPS": -0.11,
        "Basic EPS": -0.11,
        "Diluted NI Availto Com Stockholders": -37395000.0,
        "Average Dilution Earnings": NaN,
        "Net Income Common Stockholders": -37395000.0,
        "Otherunder Preferred Stock Dividend": NaN,
        "Preferred Stock Dividends": 73000.0,
        "Net Income": -37322000.0,
        "Net Income Including Noncontrolling Interests": -37322000.0,
        "Net Income Continuous Operations": -37322000.0,
        "Tax Provision": 638000.0,
        "Pretax Income": -36684000.0,
        "Other Income Expense": -12351000.0,
        "Other Non Operating Income Expenses": 931000.0,
        "Special Income Charges": -13282000.0,
        "Other Special Charges": 15587000.0,
        "Restructuring And Mergern Acquisition": -2305000.0,
        "Gain On Sale Of Security": NaN,
        "Net Non Operating Interest Income Expense": -1266000.0,
        "Interest Expense Non Operating": 4086000.0,
        "Interest Income Non Operating": 2820000.0,
        "Operating Income": -23067000.0,
        "Operating Expense": 31549000.0,
        "Depreciation Amortization Depletion Income Statement": 621000.0,
        "Depreciation And Amortization In Income Statement": 621000.0,
        "Amortization": 621000.0,
        "Amortization Of Intangibles Income Statement": 621000.0,
        "Research And Development": 15738000.0,
        "Selling General And Administration": 15190000.0,
        "Selling And Marketing Expense": 5655000.0,
        "General And Administrative Expense": 9535000.0,
        "Other Gand A": 9535000.0,
        "Gross Profit": 8482000.0,
        "Cost Of Revenue": 4980000.0,
        "Total Revenue": 13462000.0,
        "Operating Revenue": 13462000.0
    },
    "2024-09-30": {
        "Tax Effect Of Unusual Items": 441242.4,
        "Tax Rate For Calcs": 0.3254,
        "Normalized EBITDA": -28569000.0,
        "Total Unusual Items": 1356000.0,
        "Total Unusual Items Excluding Goodwill": 1356000.0,
        "Net Income From Continuing Operation Net Minority Interest": -21751000.0,
        "Reconciled Depreciation": 3920000.0,
        "Reconciled Cost Of Revenue": 11358000.0,
        "EBITDA": -27213000.0,
        "EBIT": -31133000.0,
        "Net Interest Income": 1154000.0,
        "Interest Expense": 1109000.0,
        "Interest Income": 2263000.0,
        "Normalized Income": -22665757.6,
        "Net Income From Continuing And Discontinued Operation": -21751000.0,
        "Total Expenses": 60217000.0,
        "Total Operating Income As Reported": -33767000.0,
        "Diluted Average Shares": 360385812.0,
        "Basic Average Shares": 360385812.0,
        "Diluted EPS": -0.06,
        "Basic EPS": -0.06,
        "Diluted NI Availto Com Stockholders": -21751000.0,
        "Average Dilution Earnings": NaN,
        "Net Income Common Stockholders": -21751000.0,
        "Otherunder Preferred Stock Dividend": NaN,
        "Preferred Stock Dividends": NaN,
        "Net Income": -21751000.0,
        "Net Income Including Noncontrolling Interests": -21751000.0,
        "Net Income Continuous Operations": -21751000.0,
        "Tax Provision": -10491000.0,
        "Pretax Income": -32242000.0,
        "Other Income Expense": 1727000.0,
        "Other Non Operating Income Expenses": 371000.0,
        "Special Income Charges": 1356000.0,
        "Other Special Charges": NaN,
        "Restructuring And Mergern Acquisition": -1356000.0,
        "Gain On Sale Of Security": NaN,
        "Net Non Operating Interest Income Expense": 1154000.0,
        "Interest Expense Non Operating": 1109000.0,
        "Interest Income Non Operating": 2263000.0,
        "Operating Income": -35123000.0,
        "Operating Expense": 47316000.0,
        "Depreciation Amortization Depletion Income Statement": 2377000.0,
        "Depreciation And Amortization In Income Statement": 2377000.0,
        "Amortization": 2377000.0,
        "Amortization Of Intangibles Income Statement": 2377000.0,
        "Research And Development": 19545000.0,
        "Selling General And Administration": 25394000.0,
        "Selling And Marketing Expense": 8363000.0,
        "General And Administrative Expense": 17031000.0,
        "Other Gand A": 17031000.0,
        "Gross Profit": 12193000.0,
        "Cost Of Revenue": 12901000.0,
        "Total Revenue": 25094000.0,
        "Operating Revenue": 25094000.0
    },
    "2024-12-31": {
        "Tax Effect Of Unusual Items": -46407480.0,
        "Tax Rate For Calcs": 0.21,
        "Normalized EBITDA": -25439000.0,
        "Total Unusual Items": -220988000.0,
        "Total Unusual Items Excluding Goodwill": -220988000.0,
        "Net Income From Continuing Operation Net Minority Interest": -258599000.0,
        "Reconciled Depreciation": 10552000.0,
        "Reconciled Cost Of Revenue": 13720000.0,
        "EBITDA": -246427000.0,
        "EBIT": -256979000.0,
        "Net Interest Income": 163000.0,
        "Interest Expense": 1309000.0,
        "Interest Income": 1472000.0,
        "Normalized Income": -84018480.0,
        "Net Income From Continuing And Discontinued Operation": -258599000.0,
        "Total Expenses": 70669000.0,
        "Total Operating Income As Reported": -257072000.0,
        "Diluted Average Shares": 375102329.0,
        "Basic Average Shares": 375102329.0,
        "Diluted EPS": -0.69,
        "Basic EPS": -0.69,
        "Diluted NI Availto Com Stockholders": -258599000.0,
        "Average Dilution Earnings": NaN,
        "Net Income Common Stockholders": -258599000.0,
        "Otherunder Preferred Stock Dividend": NaN,
        "Preferred Stock Dividends": 0.0,
        "Net Income": -258599000.0,
        "Net Income Including Noncontrolling Interests": -258599000.0,
        "Net Income Continuous Operations": -258599000.0,
        "Tax Provision": 311000.0,
        "Pretax Income": -258288000.0,
        "Other Income Expense": -222325000.0,
        "Other Non Operating Income Expenses": -1337000.0,
        "Special Income Charges": -220988000.0,
        "Other Special Charges": 42000.0,
        "Restructuring And Mergern Acquisition": 220946000.0,
        "Gain On Sale Of Security": NaN,
        "Net Non Operating Interest Income Expense": 163000.0,
        "Interest Expense Non Operating": 1309000.0,
        "Interest Income Non Operating": 1472000.0,
        "Operating Income": -36126000.0,
        "Operating Expense": 49910000.0,
        "Depreciation Amortization Depletion Income Statement": 3513000.0,
        "Depreciation And Amortization In Income Statement": 3513000.0,
        "Amortization": 3513000.0,
        "Amortization Of Intangibles Income Statement": 3513000.0,
        "Research And Development": 20394000.0,
        "Selling General And Administration": 26003000.0,
        "Selling And Marketing Expense": 9566000.0,
        "General And Administrative Expense": 16437000.0,
        "Other Gand A": 16437000.0,
        "Gross Profit": 13784000.0,
        "Cost Of Revenue": 20759000.0,
        "Total Revenue": 34543000.0,
        "Operating Revenue": 34543000.0
    },
    "2025-03-31": {
        "Tax Effect Of Unusual Items": 1111131.777195,
        "Tax Rate For Calcs": 0.006264,
        "Normalized EBITDA": -37984000.0,
        "Total Unusual Items": 177389000.0,
        "Total Unusual Items Excluding Goodwill": 177389000.0,
        "Net Income From Continuing Operation Net Minority Interest": 129932000.0,
        "Reconciled Depreciation": 8419000.0,
        "Reconciled Cost Of Revenue": 13543000.0,
        "EBITDA": 139405000.0,
        "EBIT": 130986000.0,
        "Net Interest Income": 1972000.0,
        "Interest Expense": 235000.0,
        "Interest Income": 2207000.0,
        "Normalized Income": -46345868.222805,
        "Net Income From Continuing And Discontinued Operation": 129932000.0,
        "Total Expenses": 77132000.0,
        "Total Operating Income As Reported": 128097000.0,
        "Diluted Average Shares": 414156455.0,
        "Basic Average Shares": 414156455.0,
        "Diluted EPS": 0.31,
        "Basic EPS": 0.33,
        "Diluted NI Availto Com Stockholders": 126806000.0,
        "Average Dilution Earnings": -3126000.0,
        "Net Income Common Stockholders": 129227000.0,
        "Otherunder Preferred Stock Dividend": 705000.0,
        "Preferred Stock Dividends": NaN,
        "Net Income": 129932000.0,
        "Net Income Including Noncontrolling Interests": 129932000.0,
        "Net Income Continuous Operations": 129932000.0,
        "Tax Provision": 819000.0,
        "Pretax Income": 130751000.0,
        "Other Income Expense": 176782000.0,
        "Other Non Operating Income Expenses": -607000.0,
        "Special Income Charges": 176100000.0,
        "Other Special Charges": NaN,
        "Restructuring And Mergern Acquisition": -176100000.0,
        "Gain On Sale Of Security": 1289000.0,
        "Net Non Operating Interest Income Expense": 1972000.0,
        "Interest Expense Non Operating": 235000.0,
        "Interest Income Non Operating": 2207000.0,
        "Operating Income": -48003000.0,
        "Operating Expense": 58621000.0,
        "Depreciation Amortization Depletion Income Statement": 3451000.0,
        "Depreciation And Amortization In Income Statement": 3451000.0,
        "Amortization": 3451000.0,
        "Amortization Of Intangibles Income Statement": 3451000.0,
        "Research And Development": 24756000.0,
        "Selling General And Administration": 30414000.0,
        "Selling And Marketing Expense": 12007000.0,
        "General And Administrative Expense": 18407000.0,
        "Other Gand A": 18407000.0,
        "Gross Profit": 10618000.0,
        "Cost Of Revenue": 18511000.0,
        "Total Revenue": 29129000.0,
        "Operating Revenue": 29129000.0
    }
}