{
    "2023-03-31": {
        "Tax Effect Of Unusual Items": 0.0,
        "Tax Rate For Calcs": 0.262,
        "Normalized EBITDA": 27800000.0,
        "Net Income From Continuing Operation Net Minority Interest": 8400000.0,
        "Reconciled Depreciation": 8400000.0,
        "Reconciled Cost Of Revenue": 367000000.0,
        "EBITDA": 27800000.0,
        "EBIT": 19400000.0,
        "Net Interest Income": -6700000.0,
        "Interest Expense": 6800000.0,
        "Interest Income": 100000.0,
        "Normalized Income": 8400000.0,
        "Net Income From Continuing And Discontinued Operation": 8400000.0,
        "Total Expenses": 406000000.0,
        "Total Operating Income As Reported": 19300000.0,
        "Diluted Average Shares": 19867300.0,
        "Basic Average Shares": 19701426.0,
        "Diluted EPS": 0.42,
        "Basic EPS": 0.43,
        "Diluted NI Availto Com Stockholders": 8400000.0,
        "Net Income Common Stockholders": 8400000.0,
        "Net Income": 8400000.0,
        "Minority Interests": -900000.0,
        "Net Income Including Noncontrolling Interests": 9300000.0,
        "Net Income Continuous Operations": 9300000.0,
        "Tax Provision": 3300000.0,
        "Pretax Income": 12600000.0,
        "Net Non Operating Interest Income Expense": -6700000.0,
        "Interest Expense Non Operating": 6800000.0,
        "Interest Income Non Operating": 100000.0,
        "Operating Income": 19300000.0,
        "Operating Expense": 39000000.0,
        "Depreciation Amortization Depletion Income Statement": 8400000.0,
        "Depreciation And Amortization In Income Statement": 8400000.0,
        "Selling General And Administration": 30600000.0,
        "General And Administrative Expense": 30600000.0,
        "Other Gand A": 30600000.0,
        "Gross Profit": 58300000.0,
        "Cost Of Revenue": 367000000.0,
        "Total Revenue": 425300000.0,
        "Operating Revenue": 216300000.0
    },
    "2022-12-31": {
        "Tax Effect Of Unusual Items": 0.0,
        "Tax Rate For Calcs": 0.316456,
        "Normalized EBITDA": 22600000.0,
        "Net Income From Continuing Operation Net Minority Interest": 4800000.0,
        "Reconciled Depreciation": 9200000.0,
        "Reconciled Cost Of Revenue": 365000000.0,
        "EBITDA": 22600000.0,
        "EBIT": 13400000.0,
        "Net Interest Income": -5500000.0,
        "Interest Expense": 5500000.0,
        "Interest Income": 0.0,
        "Normalized Income": 4800000.0,
        "Net Income From Continuing And Discontinued Operation": 4800000.0,
        "Total Expenses": 404900000.0,
        "Total Operating Income As Reported": 13400000.0,
        "Diluted Average Shares": 20364402.0,
        "Basic Average Shares": 20083147.0,
        "Diluted EPS": 0.24,
        "Basic EPS": 0.24,
        "Diluted NI Availto Com Stockholders": 4800000.0,
        "Net Income Common Stockholders": 4800000.0,
        "Net Income": 4800000.0,
        "Minority Interests": -600000.0,
        "Net Income Including Noncontrolling Interests": 5400000.0,
        "Net Income Continuous Operations": 5400000.0,
        "Tax Provision": 2500000.0,
        "Pretax Income": 7900000.0,
        "Net Non Operating Interest Income Expense": -5500000.0,
        "Interest Expense Non Operating": 5500000.0,
        "Interest Income Non Operating": 0.0,
        "Operating Income": 13400000.0,
        "Operating Expense": 39900000.0,
        "Depreciation Amortization Depletion Income Statement": 9200000.0,
        "Depreciation And Amortization In Income Statement": 9200000.0,
        "Selling General And Administration": 30700000.0,
        "General And Administrative Expense": 30700000.0,
        "Other Gand A": 30700000.0,
        "Gross Profit": 53300000.0,
        "Cost Of Revenue": 365000000.0,
        "Total Revenue": 418300000.0,
        "Operating Revenue": 206400000.0
    },
    "2022-09-30": {
        "Tax Effect Of Unusual Items": 0.0,
        "Tax Rate For Calcs": 0.245,
        "Normalized EBITDA": 31000000.0,
        "Net Income From Continuing Operation Net Minority Interest": 14300000.0,
        "Reconciled Depreciation": 7200000.0,
        "Reconciled Cost Of Revenue": 346200000.0,
        "EBITDA": 31000000.0,
        "EBIT": 23800000.0,
        "Net Interest Income": -3800000.0,
        "Interest Expense": 3900000.0,
        "Interest Income": 100000.0,
        "Normalized Income": 14300000.0,
        "Net Income From Continuing And Discontinued Operation": 14300000.0,
        "Total Expenses": 380600000.0,
        "Total Operating Income As Reported": 23800000.0,
        "Diluted Average Shares": 20977667.0,
        "Basic Average Shares": 20744813.0,
        "Diluted EPS": 0.68,
        "Basic EPS": 0.69,
        "Diluted NI Availto Com Stockholders": 14300000.0,
        "Net Income Common Stockholders": 14300000.0,
        "Net Income": 14300000.0,
        "Minority Interests": -800000.0,
        "Net Income Including Noncontrolling Interests": 15100000.0,
        "Net Income Continuous Operations": 15100000.0,
        "Tax Provision": 4900000.0,
        "Pretax Income": 20000000.0,
        "Other Income Expense": -3800000.0,
        "Other Non Operating Income Expenses": -3800000.0,
        "Net Non Operating Interest Income Expense": -3800000.0,
        "Interest Expense Non Operating": 3900000.0,
        "Interest Income Non Operating": 100000.0,
        "Operating Income": 23800000.0,
        "Operating Expense": 34400000.0,
        "Depreciation Amortization Depletion Income Statement": 7200000.0,
        "Depreciation And Amortization In Income Statement": 7200000.0,
        "Selling General And Administration": 27200000.0,
        "General And Administrative Expense": 27200000.0,
        "Other Gand A": 27200000.0,
        "Gross Profit": 58200000.0,
        "Cost Of Revenue": 346200000.0,
        "Total Revenue": 404400000.0,
        "Operating Revenue": 404400000.0
    },
    "2022-06-30": {
        "Tax Effect Of Unusual Items": 0.0,
        "Tax Rate For Calcs": 0.265766,
        "Normalized EBITDA": 32100000.0,
        "Net Income From Continuing Operation Net Minority Interest": 15400000.0,
        "Reconciled Depreciation": 6500000.0,
        "Reconciled Cost Of Revenue": 322200000.0,
        "EBITDA": 32100000.0,
        "EBIT": 25600000.0,
        "Net Interest Income": -3400000.0,
        "Interest Expense": 3500000.0,
        "Interest Income": 100000.0,
        "Normalized Income": 15400000.0,
        "Net Income From Continuing And Discontinued Operation": 15400000.0,
        "Total Expenses": 355400000.0,
        "Total Operating Income As Reported": 25600000.0,
        "Diluted Average Shares": 21356464.0,
        "Basic Average Shares": 21195819.0,
        "Diluted EPS": 0.72,
        "Basic EPS": 0.73,
        "Diluted NI Availto Com Stockholders": 15400000.0,
        "Net Income Common Stockholders": 15400000.0,
        "Net Income": 15400000.0,
        "Minority Interests": -900000.0,
        "Net Income Including Noncontrolling Interests": 16300000.0,
        "Net Income Continuous Operations": 16300000.0,
        "Tax Provision": 5900000.0,
        "Pretax Income": 22200000.0,
        "Other Income Expense": -3400000.0,
        "Other Non Operating Income Expenses": -3400000.0,
        "Net Non Operating Interest Income Expense": -3400000.0,
        "Interest Expense Non Operating": 3500000.0,
        "Interest Income Non Operating": 100000.0,
        "Operating Income": 25600000.0,
        "Operating Expense": 33200000.0,
        "Depreciation Amortization Depletion Income Statement": 6500000.0,
        "Depreciation And Amortization In Income Statement": 6500000.0,
        "Selling General And Administration": 26700000.0,
        "General And Administrative Expense": 26700000.0,
        "Other Gand A": 26700000.0,
        "Gross Profit": 58800000.0,
        "Cost Of Revenue": 322200000.0,
        "Total Revenue": 381000000.0,
        "Operating Revenue": 381000000.0
    },
    "2023-06-30": {
        "Tax Effect Of Unusual Items": 0.0,
        "Tax Rate For Calcs": 0.265,
        "Normalized EBITDA": 34200000.0,
        "Net Income From Continuing Operation Net Minority Interest": 12300000.0,
        "Reconciled Depreciation": 8800000.0,
        "Reconciled Cost Of Revenue": 376300000.0,
        "EBITDA": 34200000.0,
        "EBIT": 25400000.0,
        "Net Interest Income": -7200000.0,
        "Interest Expense": 7300000.0,
        "Interest Income": 100000.0,
        "Normalized Income": 12300000.0,
        "Net Income From Continuing And Discontinued Operation": 12300000.0,
        "Total Expenses": 416900000.0,
        "Total Operating Income As Reported": 25300000.0,
        "Diluted Average Shares": 19839953.0,
        "Basic Average Shares": 19631772.0,
        "Diluted EPS": 0.62,
        "Basic EPS": 0.63,
        "Diluted NI Availto Com Stockholders": 12300000.0,
        "Net Income Common Stockholders": 12300000.0,
        "Net Income": 12300000.0,
        "Minority Interests": -1000000.0,
        "Net Income Including Noncontrolling Interests": 13300000.0,
        "Net Income Continuous Operations": 13300000.0,
        "Tax Provision": 4800000.0,
        "Pretax Income": 18100000.0,
        "Net Non Operating Interest Income Expense": -7200000.0,
        "Interest Expense Non Operating": 7300000.0,
        "Interest Income Non Operating": 100000.0,
        "Operating Income": 25300000.0,
        "Operating Expense": 40600000.0,
        "Depreciation Amortization Depletion Income Statement": 8800000.0,
        "Depreciation And Amortization In Income Statement": 8800000.0,
        "Selling General And Administration": 31800000.0,
        "General And Administrative Expense": 31800000.0,
        "Other Gand A": 31800000.0,
        "Gross Profit": 65900000.0,
        "Cost Of Revenue": 376300000.0,
        "Total Revenue": 442200000.0,
        "Operating Revenue": 221300000.0
    },
    "2023-09-30": {
        "Tax Effect Of Unusual Items": 0.0,
        "Tax Rate For Calcs": 0.257,
        "Normalized EBITDA": 30000000.0,
        "Net Income From Continuing Operation Net Minority Interest": 9200000.0,
        "Reconciled Depreciation": 9000000.0,
        "Reconciled Cost Of Revenue": 393100000.0,
        "EBITDA": 30000000.0,
        "EBIT": 21000000.0,
        "Net Interest Income": -7400000.0,
        "Interest Expense": 7400000.0,
        "Interest Income": 0.0,
        "Normalized Income": 9200000.0,
        "Net Income From Continuing And Discontinued Operation": 9200000.0,
        "Total Expenses": 439700000.0,
        "Total Operating Income As Reported": 21000000.0,
        "Diluted Average Shares": 19910308.0,
        "Basic Average Shares": 19649611.0,
        "Diluted EPS": 0.46,
        "Basic EPS": 0.47,
        "Diluted NI Availto Com Stockholders": 9200000.0,
        "Net Income Common Stockholders": 9200000.0,
        "Net Income": 9200000.0,
        "Minority Interests": -900000.0,
        "Net Income Including Noncontrolling Interests": 10100000.0,
        "Net Income Continuous Operations": 10100000.0,
        "Tax Provision": 3500000.0,
        "Pretax Income": 13600000.0,
        "Net Non Operating Interest Income Expense": -7400000.0,
        "Interest Expense Non Operating": 7400000.0,
        "Interest Income Non Operating": 0.0,
        "Operating Income": 21000000.0,
        "Operating Expense": 46600000.0,
        "Depreciation Amortization Depletion Income Statement": 9000000.0,
        "Depreciation And Amortization In Income Statement": 9000000.0,
        "Selling General And Administration": 37600000.0,
        "General And Administrative Expense": 37600000.0,
        "Other Gand A": 37600000.0,
        "Gross Profit": 67600000.0,
        "Cost Of Revenue": 393100000.0,
        "Total Revenue": 460700000.0,
        "Operating Revenue": 228400000.0
    },
    "2023-12-31": {
        "Tax Effect Of Unusual Items": 0.0,
        "Tax Rate For Calcs": 0.21,
        "Normalized EBITDA": 21900000.0,
        "Net Income From Continuing Operation Net Minority Interest": 1200000.0,
        "Reconciled Depreciation": 9900000.0,
        "Reconciled Cost Of Revenue": 391900000.0,
        "EBITDA": 21900000.0,
        "EBIT": 12000000.0,
        "Net Interest Income": -7500000.0,
        "Interest Expense": 7600000.0,
        "Interest Income": 100000.0,
        "Normalized Income": 1200000.0,
        "Net Income From Continuing And Discontinued Operation": 1200000.0,
        "Total Expenses": 442200000.0,
        "Total Operating Income As Reported": 11900000.0,
        "Diluted Average Shares": NaN,
        "Basic Average Shares": NaN,
        "Diluted EPS": NaN,
        "Basic EPS": NaN,
        "Diluted NI Availto Com Stockholders": 1200000.0,
        "Net Income Common Stockholders": 1200000.0,
        "Net Income": 1200000.0,
        "Minority Interests": -800000.0,
        "Net Income Including Noncontrolling Interests": 2000000.0,
        "Net Income Continuous Operations": 2000000.0,
        "Tax Provision": 2400000.0,
        "Pretax Income": 4400000.0,
        "Net Non Operating Interest Income Expense": -7500000.0,
        "Interest Expense Non Operating": 7600000.0,
        "Interest Income Non Operating": 100000.0,
        "Operating Income": 11900000.0,
        "Operating Expense": 50300000.0,
        "Depreciation Amortization Depletion Income Statement": 9900000.0,
        "Depreciation And Amortization In Income Statement": 9900000.0,
        "Selling General And Administration": 40400000.0,
        "General And Administrative Expense": 40400000.0,
        "Other Gand A": 40400000.0,
        "Gross Profit": 62200000.0,
        "Cost Of Revenue": 391900000.0,
        "Total Revenue": 454100000.0,
        "Operating Revenue": 217200000.0
    },
    "2024-03-31": {
        "Tax Effect Of Unusual Items": 0.0,
        "Tax Rate For Calcs": 0.267,
        "Normalized EBITDA": 28000000.0,
        "Net Income From Continuing Operation Net Minority Interest": 7600000.0,
        "Reconciled Depreciation": 9000000.0,
        "Reconciled Cost Of Revenue": 389200000.0,
        "EBITDA": 28000000.0,
        "EBIT": 19000000.0,
        "Net Interest Income": -7300000.0,
        "Interest Expense": 7400000.0,
        "Interest Income": 100000.0,
        "Normalized Income": 7600000.0,
        "Net Income From Continuing And Discontinued Operation": 7600000.0,
        "Total Expenses": 433000000.0,
        "Total Operating Income As Reported": 18900000.0,
        "Diluted Average Shares": 19992969.0,
        "Basic Average Shares": 19803578.0,
        "Diluted EPS": 0.38,
        "Basic EPS": 0.38,
        "Diluted NI Availto Com Stockholders": 7600000.0,
        "Net Income Common Stockholders": 7600000.0,
        "Net Income": 7600000.0,
        "Minority Interests": -900000.0,
        "Net Income Including Noncontrolling Interests": 8500000.0,
        "Net Income Continuous Operations": 8500000.0,
        "Tax Provision": 3100000.0,
        "Pretax Income": 11600000.0,
        "Net Non Operating Interest Income Expense": -7300000.0,
        "Interest Expense Non Operating": 7400000.0,
        "Interest Income Non Operating": 100000.0,
        "Operating Income": 18900000.0,
        "Operating Expense": 43800000.0,
        "Depreciation Amortization Depletion Income Statement": 9000000.0,
        "Depreciation And Amortization In Income Statement": 9000000.0,
        "Selling General And Administration": 34800000.0,
        "General And Administrative Expense": 34800000.0,
        "Other Gand A": 34800000.0,
        "Gross Profit": 62700000.0,
        "Cost Of Revenue": 389200000.0,
        "Total Revenue": 451900000.0,
        "Operating Revenue": 222100000.0
    }
}