{
    "2022-06-30": {
        "Tax Effect Of Unusual Items": 0.0,
        "Tax Rate For Calcs": 0.0,
        "Normalized EBITDA": -1759000.0,
        "Net Income From Continuing Operation Net Minority Interest": -2814000.0,
        "Reconciled Cost Of Revenue": 1936000.0,
        "EBITDA": -1759000.0,
        "EBIT": -1759000.0,
        "Net Interest Income": -1055000.0,
        "Normalized Income": -2814000.0,
        "Net Income From Continuing And Discontinued Operation": -2814000.0,
        "Total Expenses": 4977000.0,
        "Total Operating Income As Reported": -1759000.0,
        "Diluted Average Shares": 3631481.0,
        "Basic Average Shares": 3631481.0,
        "Diluted EPS": -0.77489,
        "Basic EPS": -0.77489,
        "Diluted NI Availto Com Stockholders": -2814000.0,
        "Net Income Common Stockholders": -2814000.0,
        "Net Income": -2814000.0,
        "Net Income Including Noncontrolling Interests": -2814000.0,
        "Net Income Continuous Operations": -2814000.0,
        "Tax Provision": 0.0,
        "Pretax Income": -2814000.0,
        "Net Non Operating Interest Income Expense": -1055000.0,
        "Total Other Finance Cost": 1055000.0,
        "Operating Income": -1759000.0,
        "Operating Expense": 3041000.0,
        "Research And Development": 933000.0,
        "Selling General And Administration": 2108000.0,
        "Selling And Marketing Expense": 762000.0,
        "General And Administrative Expense": 1346000.0,
        "Other Gand A": 1346000.0,
        "Gross Profit": 1282000.0,
        "Cost Of Revenue": 1936000.0,
        "Total Revenue": 3218000.0,
        "Operating Revenue": 3218000.0
    },
    "2023-03-31": {
        "Diluted EPS": -0.3,
        "Total Revenue": 6,
        "Gross Profit": 2,
        "Operating Income": -1,
        "EBIT": -1,
        "Net Income": -2
    },
    "2022-12-31": {
        "Tax Effect Of Unusual Items": 0.0,
        "Tax Rate For Calcs": 0.23,
        "Normalized EBITDA": -2010000.0,
        "Net Income From Continuing Operation Net Minority Interest": -196000.0,
        "Reconciled Cost Of Revenue": 3481000.0,
        "EBITDA": -2010000.0,
        "EBIT": -2010000.0,
        "Net Interest Income": 1515000.0,
        "Interest Expense": -1515000.0,
        "Normalized Income": -196000.0,
        "Net Income From Continuing And Discontinued Operation": -196000.0,
        "Total Expenses": 7151000.0,
        "Total Operating Income As Reported": -2029000.0,
        "Diluted Average Shares": NaN,
        "Basic Average Shares": NaN,
        "Diluted EPS": NaN,
        "Basic EPS": NaN,
        "Diluted NI Availto Com Stockholders": -196000.0,
        "Net Income Common Stockholders": -196000.0,
        "Net Income": -196000.0,
        "Net Income Including Noncontrolling Interests": -196000.0,
        "Net Income Continuous Operations": -196000.0,
        "Tax Provision": -299000.0,
        "Pretax Income": -495000.0,
        "Net Non Operating Interest Income Expense": 1515000.0,
        "Total Other Finance Cost": NaN,
        "Interest Expense Non Operating": -1515000.0,
        "Operating Income": -2029000.0,
        "Operating Expense": 3670000.0,
        "Other Operating Expenses": NaN,
        "Research And Development": 662000.0,
        "Selling General And Administration": 1870000.0,
        "Selling And Marketing Expense": 542000.0,
        "General And Administrative Expense": 1328000.0,
        "Other Gand A": 1328000.0,
        "Gross Profit": 1641000.0,
        "Cost Of Revenue": 3481000.0,
        "Total Revenue": 5122000.0,
        "Operating Revenue": 5122000.0
    },
    "2022-09-30": {
        "Tax Effect Of Unusual Items": 0.0,
        "Tax Rate For Calcs": 0.0,
        "Normalized EBITDA": -849000.0,
        "Net Income From Continuing Operation Net Minority Interest": -2102000.0,
        "Reconciled Cost Of Revenue": 4132000.0,
        "EBITDA": -849000.0,
        "EBIT": -849000.0,
        "Net Interest Income": -1253000.0,
        "Interest Expense": 1253000.0,
        "Normalized Income": -2102000.0,
        "Net Income From Continuing And Discontinued Operation": -2102000.0,
        "Total Expenses": 7112000.0,
        "Total Operating Income As Reported": -849000.0,
        "Diluted Average Shares": 4198010.0,
        "Basic Average Shares": 4198010.0,
        "Diluted EPS": -0.500713,
        "Basic EPS": -0.500713,
        "Diluted NI Availto Com Stockholders": -2102000.0,
        "Net Income Common Stockholders": -2102000.0,
        "Net Income": -2102000.0,
        "Net Income Including Noncontrolling Interests": -2102000.0,
        "Net Income Continuous Operations": -2102000.0,
        "Tax Provision": 0.0,
        "Pretax Income": -2102000.0,
        "Net Non Operating Interest Income Expense": -1253000.0,
        "Interest Expense Non Operating": 1253000.0,
        "Operating Income": -849000.0,
        "Operating Expense": 2980000.0,
        "Other Operating Expenses": NaN,
        "Research And Development": 958000.0,
        "Selling General And Administration": 2022000.0,
        "Selling And Marketing Expense": 652000.0,
        "General And Administrative Expense": 1370000.0,
        "Other Gand A": 1370000.0,
        "Gross Profit": 2131000.0,
        "Cost Of Revenue": 4132000.0,
        "Total Revenue": 6263000.0,
        "Operating Revenue": 6263000.0
    },
    "2022-03-31": {
        "Diluted EPS": -0.6,
        "Total Revenue": 3,
        "Gross Profit": 1,
        "Operating Income": -1,
        "EBIT": -1,
        "Net Income": -2
    },
    "2021-12-31": {
        "Diluted EPS": -2.17,
        "Total Revenue": 3,
        "Gross Profit": 2,
        "Operating Income": -5,
        "EBIT": -5,
        "Net Income": -5
    },
    "2021-09-30": {
        "Diluted EPS": -0.88,
        "Total Revenue": 3,
        "Gross Profit": 1,
        "Operating Income": -2,
        "EBIT": -2,
        "Net Income": -2
    },
    "2021-06-30": {
        "Diluted EPS": -0.4,
        "Total Revenue": 3,
        "Gross Profit": 2,
        "Operating Income": 0,
        "EBIT": 0,
        "Net Income": -1
    },
    "2021-03-31": {
        "Diluted EPS": -0.45,
        "Total Revenue": 3,
        "Gross Profit": 2,
        "Operating Income": 0,
        "EBIT": 0,
        "Net Income": -1
    },
    "2020-06-30": {
        "Diluted EPS": 0.0,
        "Total Revenue": NaN,
        "Gross Profit": NaN,
        "Operating Income": NaN,
        "EBIT": NaN,
        "Net Income": NaN
    },
    "2019-06-30": {
        "Diluted EPS": 0.07,
        "Total Revenue": 6,
        "Gross Profit": 3,
        "Operating Income": 1,
        "EBIT": 1,
        "Net Income": 0
    },
    "2018-12-31": {
        "Diluted EPS": -10.22,
        "Total Revenue": 2,
        "Gross Profit": -3,
        "Operating Income": -9,
        "EBIT": -9,
        "Net Income": -16
    },
    "2018-09-30": {
        "Diluted EPS": 0.1,
        "Total Revenue": 6,
        "Gross Profit": 3,
        "Operating Income": 0,
        "EBIT": 0,
        "Net Income": 0
    },
    "2018-06-30": {
        "Diluted EPS": 0.02,
        "Total Revenue": 7,
        "Gross Profit": 4,
        "Operating Income": 0,
        "EBIT": 0,
        "Net Income": 0
    },
    "2018-03-31": {
        "Diluted EPS": -0.2,
        "Total Revenue": 7,
        "Gross Profit": 4,
        "Operating Income": -1,
        "EBIT": -1,
        "Net Income": 0
    },
    "2017-12-31": {
        "Diluted EPS": -3.2,
        "Total Revenue": 8,
        "Gross Profit": 1,
        "Operating Income": -5,
        "EBIT": -5,
        "Net Income": -5
    },
    "2017-09-30": {
        "Diluted EPS": 0.4,
        "Total Revenue": 10,
        "Gross Profit": 5,
        "Operating Income": 1,
        "EBIT": 1,
        "Net Income": 1
    },
    "2017-06-30": {
        "Diluted EPS": -0.4,
        "Total Revenue": 8,
        "Gross Profit": 3,
        "Operating Income": 0,
        "EBIT": 0,
        "Net Income": -1
    },
    "2017-03-31": {
        "Diluted EPS": -1.3,
        "Total Revenue": 8,
        "Gross Profit": 3,
        "Operating Income": -2,
        "EBIT": -2,
        "Net Income": -2
    },
    "2016-12-31": {
        "Diluted EPS": -6.3,
        "Total Revenue": 4,
        "Gross Profit": -1,
        "Operating Income": -6,
        "EBIT": -6,
        "Net Income": -9
    },
    "2016-09-30": {
        "Diluted EPS": -2.1,
        "Total Revenue": 5,
        "Gross Profit": 2,
        "Operating Income": -3,
        "EBIT": -3,
        "Net Income": -3
    },
    "2016-06-30": {
        "Diluted EPS": -1.0,
        "Total Revenue": 5,
        "Gross Profit": 1,
        "Operating Income": -2,
        "EBIT": -2,
        "Net Income": -2
    },
    "2016-03-31": {
        "Diluted EPS": 0.1,
        "Total Revenue": 6,
        "Gross Profit": 1,
        "Operating Income": -1,
        "EBIT": -1,
        "Net Income": 0
    },
    "2015-12-31": {
        "Diluted EPS": -1.6,
        "Total Revenue": 7,
        "Gross Profit": 4,
        "Operating Income": -2,
        "EBIT": -2,
        "Net Income": -2
    },
    "2015-09-30": {
        "Diluted EPS": 0.0,
        "Total Revenue": 6,
        "Gross Profit": 3,
        "Operating Income": 0,
        "EBIT": 0,
        "Net Income": 0
    },
    "2015-06-30": {
        "Diluted EPS": 0.8,
        "Total Revenue": 8,
        "Gross Profit": 5,
        "Operating Income": 1,
        "EBIT": 1,
        "Net Income": 1
    },
    "2015-03-31": {
        "Diluted EPS": 1.5,
        "Total Revenue": 8,
        "Gross Profit": 5,
        "Operating Income": 3,
        "EBIT": 3,
        "Net Income": 2
    },
    "2014-12-31": {
        "Diluted EPS": -0.7,
        "Total Revenue": 8,
        "Gross Profit": 6,
        "Operating Income": 1,
        "EBIT": 2,
        "Net Income": -1
    },
    "2014-09-30": {
        "Diluted EPS": 2.7,
        "Total Revenue": 9,
        "Gross Profit": 7,
        "Operating Income": 4,
        "EBIT": 3,
        "Net Income": 4
    },
    "2014-06-30": {
        "Diluted EPS": 1.6,
        "Total Revenue": 7,
        "Gross Profit": 5,
        "Operating Income": 2,
        "EBIT": 3,
        "Net Income": 2
    },
    "2014-03-31": {
        "Diluted EPS": 1.0,
        "Total Revenue": 5,
        "Gross Profit": 4,
        "Operating Income": 1,
        "EBIT": 1,
        "Net Income": 1
    },
    "2013-12-31": {
        "Diluted EPS": 0.9,
        "Total Revenue": 3,
        "Gross Profit": 2,
        "Operating Income": 0,
        "EBIT": 0,
        "Net Income": 1
    },
    "2013-09-30": {
        "Diluted EPS": 1.5,
        "Total Revenue": 2,
        "Gross Profit": 2,
        "Operating Income": 0,
        "EBIT": 0,
        "Net Income": 1
    },
    "2013-06-30": {
        "Diluted EPS": 2.8,
        "Total Revenue": 2,
        "Gross Profit": 2,
        "Operating Income": 1,
        "EBIT": 1,
        "Net Income": 3
    },
    "2013-03-31": {
        "Diluted EPS": 1.28,
        "Total Revenue": 2,
        "Gross Profit": 2,
        "Operating Income": 1,
        "EBIT": 1,
        "Net Income": 1
    },
    "2012-12-31": {
        "Diluted EPS": 1.7,
        "Total Revenue": 3,
        "Gross Profit": 3,
        "Operating Income": 1,
        "EBIT": 1,
        "Net Income": 2
    },
    "2012-09-30": {
        "Diluted EPS": 0.43,
        "Total Revenue": 2,
        "Gross Profit": 1,
        "Operating Income": 1,
        "EBIT": 1,
        "Net Income": 1
    },
    "2012-06-30": {
        "Diluted EPS": 3.83,
        "Total Revenue": 2,
        "Gross Profit": 1,
        "Operating Income": 1,
        "EBIT": 1,
        "Net Income": 3
    },
    "2012-03-31": {
        "Diluted EPS": 0.43,
        "Total Revenue": 2,
        "Gross Profit": 1,
        "Operating Income": 0,
        "EBIT": 0,
        "Net Income": 0
    },
    "2011-12-31": {
        "Diluted EPS": 2.98,
        "Total Revenue": 2,
        "Gross Profit": 1,
        "Operating Income": 0,
        "EBIT": 0,
        "Net Income": 1
    },
    "2011-09-30": {
        "Diluted EPS": -0.85,
        "Total Revenue": 2,
        "Gross Profit": 1,
        "Operating Income": 0,
        "EBIT": 0,
        "Net Income": 0
    },
    "2011-06-30": {
        "Diluted EPS": 1.7,
        "Total Revenue": 2,
        "Gross Profit": 1,
        "Operating Income": 0,
        "EBIT": 0,
        "Net Income": 0
    },
    "2011-03-31": {
        "Diluted EPS": -0.85,
        "Total Revenue": 2,
        "Gross Profit": 1,
        "Operating Income": 0,
        "EBIT": 0,
        "Net Income": 0
    },
    "2010-12-31": {
        "Diluted EPS": 0.43,
        "Total Revenue": 2,
        "Gross Profit": 1,
        "Operating Income": 0,
        "EBIT": 0,
        "Net Income": 0
    },
    "2010-09-30": {
        "Diluted EPS": -3.83,
        "Total Revenue": 2,
        "Gross Profit": 1,
        "Operating Income": -1,
        "EBIT": -1,
        "Net Income": -1
    },
    "2010-06-30": {
        "Diluted EPS": 0.0,
        "Total Revenue": 2,
        "Gross Profit": 1,
        "Operating Income": 0,
        "EBIT": 0,
        "Net Income": -1
    },
    "2010-03-31": {
        "Diluted EPS": -6.38,
        "Total Revenue": 1,
        "Gross Profit": 1,
        "Operating Income": -1,
        "EBIT": -1,
        "Net Income": -1
    },
    "2009-12-31": {
        "Diluted EPS": 0.0,
        "Total Revenue": -3,
        "Gross Profit": -1,
        "Operating Income": 0,
        "EBIT": 0,
        "Net Income": -3
    },
    "2009-09-30": {
        "Diluted EPS": -3.83,
        "Total Revenue": 4,
        "Gross Profit": 3,
        "Operating Income": 0,
        "EBIT": 0,
        "Net Income": 0
    },
    "2009-06-30": {
        "Diluted EPS": -6.38,
        "Total Revenue": 4,
        "Gross Profit": 2,
        "Operating Income": -1,
        "EBIT": -1,
        "Net Income": -1
    },
    "2009-03-31": {
        "Diluted EPS": -7.65,
        "Total Revenue": 4,
        "Gross Profit": 2,
        "Operating Income": -1,
        "EBIT": -1,
        "Net Income": -1
    },
    "2023-12-31": {
        "Tax Effect Of Unusual Items": 0.0,
        "Tax Rate For Calcs": 0.0,
        "Normalized EBITDA": -625000.0,
        "Net Income From Continuing Operation Net Minority Interest": -1578000.0,
        "Reconciled Cost Of Revenue": 3320000.0,
        "EBITDA": -625000.0,
        "EBIT": -625000.0,
        "Net Interest Income": -953000.0,
        "Interest Expense": 953000.0,
        "Normalized Income": -1578000.0,
        "Net Income From Continuing And Discontinued Operation": -1578000.0,
        "Total Expenses": 8142000.0,
        "Total Operating Income As Reported": -2474000.0,
        "Diluted Average Shares": NaN,
        "Basic Average Shares": NaN,
        "Diluted EPS": NaN,
        "Basic EPS": NaN,
        "Diluted NI Availto Com Stockholders": -1578000.0,
        "Net Income Common Stockholders": -1578000.0,
        "Net Income": -1578000.0,
        "Net Income Including Noncontrolling Interests": -1578000.0,
        "Net Income Continuous Operations": -1578000.0,
        "Tax Provision": 0.0,
        "Pretax Income": -1578000.0,
        "Net Non Operating Interest Income Expense": -953000.0,
        "Total Other Finance Cost": NaN,
        "Interest Expense Non Operating": 953000.0,
        "Operating Income": -2474000.0,
        "Operating Expense": 4822000.0,
        "Other Operating Expenses": 157000.0,
        "Research And Development": 674000.0,
        "Selling General And Administration": 2534000.0,
        "Selling And Marketing Expense": 541000.0,
        "General And Administrative Expense": 1993000.0,
        "Other Gand A": 1993000.0,
        "Gross Profit": 2348000.0,
        "Cost Of Revenue": 3320000.0,
        "Total Revenue": 5668000.0,
        "Operating Revenue": 5668000.0
    },
    "2023-09-30": {
        "Tax Effect Of Unusual Items": 0.0,
        "Tax Rate For Calcs": 0.0,
        "Normalized EBITDA": 836000.0,
        "Net Income From Continuing Operation Net Minority Interest": 146000.0,
        "Reconciled Cost Of Revenue": 2751000.0,
        "EBITDA": 836000.0,
        "EBIT": 836000.0,
        "Net Interest Income": -690000.0,
        "Interest Expense": 690000.0,
        "Normalized Income": 146000.0,
        "Net Income From Continuing And Discontinued Operation": 146000.0,
        "Total Expenses": 5942000.0,
        "Total Operating Income As Reported": 836000.0,
        "Diluted Average Shares": 333552.0,
        "Basic Average Shares": 333552.0,
        "Diluted EPS": 0.437713,
        "Basic EPS": 0.437713,
        "Diluted NI Availto Com Stockholders": 146000.0,
        "Net Income Common Stockholders": 146000.0,
        "Net Income": 146000.0,
        "Net Income Including Noncontrolling Interests": 146000.0,
        "Net Income Continuous Operations": 146000.0,
        "Tax Provision": 0.0,
        "Pretax Income": 146000.0,
        "Net Non Operating Interest Income Expense": -690000.0,
        "Total Other Finance Cost": NaN,
        "Interest Expense Non Operating": 690000.0,
        "Operating Income": 836000.0,
        "Operating Expense": 3191000.0,
        "Other Operating Expenses": 793000.0,
        "Research And Development": 774000.0,
        "Selling General And Administration": 1624000.0,
        "Selling And Marketing Expense": 531000.0,
        "General And Administrative Expense": 1093000.0,
        "Other Gand A": 1093000.0,
        "Gross Profit": 4027000.0,
        "Cost Of Revenue": 2751000.0,
        "Total Revenue": 6778000.0,
        "Operating Revenue": 6778000.0
    },
    "2024-06-30": {
        "Tax Effect Of Unusual Items": 0.0,
        "Tax Rate For Calcs": 0.0,
        "Normalized EBITDA": 384000.0,
        "Net Income From Continuing Operation Net Minority Interest": 2188000.0,
        "Reconciled Cost Of Revenue": 3802000.0,
        "EBITDA": 384000.0,
        "EBIT": 384000.0,
        "Net Interest Income": 1804000.0,
        "Interest Expense": NaN,
        "Normalized Income": 2188000.0,
        "Net Income From Continuing And Discontinued Operation": 2188000.0,
        "Total Expenses": 7161000.0,
        "Total Operating Income As Reported": 384000.0,
        "Diluted Average Shares": 1971446.0,
        "Basic Average Shares": 1971446.0,
        "Diluted EPS": 1.2,
        "Basic EPS": 1.2,
        "Diluted NI Availto Com Stockholders": 2188000.0,
        "Net Income Common Stockholders": 2188000.0,
        "Net Income": 2188000.0,
        "Net Income Including Noncontrolling Interests": 2188000.0,
        "Net Income Continuous Operations": 2188000.0,
        "Tax Provision": 0.0,
        "Pretax Income": 2188000.0,
        "Net Non Operating Interest Income Expense": 1804000.0,
        "Total Other Finance Cost": -1804000.0,
        "Interest Expense Non Operating": NaN,
        "Operating Income": 384000.0,
        "Operating Expense": 3359000.0,
        "Other Operating Expenses": 315000.0,
        "Research And Development": 999000.0,
        "Selling General And Administration": 2045000.0,
        "Selling And Marketing Expense": 686000.0,
        "General And Administrative Expense": 1359000.0,
        "Other Gand A": 1359000.0,
        "Gross Profit": 3743000.0,
        "Cost Of Revenue": 3802000.0,
        "Total Revenue": 7545000.0,
        "Operating Revenue": 7545000.0
    },
    "2023-06-30": {
        "Tax Effect Of Unusual Items": 0.0,
        "Tax Rate For Calcs": 0.0,
        "Normalized EBITDA": -658000.0,
        "Net Income From Continuing Operation Net Minority Interest": -1055000.0,
        "Reconciled Cost Of Revenue": 5482000.0,
        "EBITDA": -658000.0,
        "EBIT": -658000.0,
        "Net Interest Income": -397000.0,
        "Interest Expense": NaN,
        "Normalized Income": -1055000.0,
        "Net Income From Continuing And Discontinued Operation": -1055000.0,
        "Total Expenses": 8406000.0,
        "Total Operating Income As Reported": -658000.0,
        "Diluted Average Shares": 251190.0,
        "Basic Average Shares": 251190.0,
        "Diluted EPS": -4.2,
        "Basic EPS": -4.2,
        "Diluted NI Availto Com Stockholders": -1055000.0,
        "Net Income Common Stockholders": -1055000.0,
        "Net Income": -1055000.0,
        "Net Income Including Noncontrolling Interests": -1055000.0,
        "Net Income Continuous Operations": -1055000.0,
        "Tax Provision": 0.0,
        "Pretax Income": -1055000.0,
        "Net Non Operating Interest Income Expense": -397000.0,
        "Total Other Finance Cost": 397000.0,
        "Interest Expense Non Operating": NaN,
        "Operating Income": -658000.0,
        "Operating Expense": 2924000.0,
        "Other Operating Expenses": 229000.0,
        "Research And Development": 849000.0,
        "Selling General And Administration": 1846000.0,
        "Selling And Marketing Expense": 556000.0,
        "General And Administrative Expense": 1290000.0,
        "Other Gand A": 1290000.0,
        "Gross Profit": 2266000.0,
        "Cost Of Revenue": 5482000.0,
        "Total Revenue": 7748000.0,
        "Operating Revenue": 7748000.0
    },
    "2025-03-31": {
        "Tax Effect Of Unusual Items": NaN,
        "Tax Rate For Calcs": NaN,
        "Normalized EBITDA": NaN,
        "Net Income From Continuing Operation Net Minority Interest": NaN,
        "Reconciled Cost Of Revenue": NaN,
        "EBITDA": NaN,
        "EBIT": NaN,
        "Net Interest Income": NaN,
        "Interest Expense": NaN,
        "Normalized Income": NaN,
        "Net Income From Continuing And Discontinued Operation": NaN,
        "Total Expenses": NaN,
        "Total Operating Income As Reported": NaN,
        "Diluted Average Shares": NaN,
        "Basic Average Shares": NaN,
        "Diluted EPS": NaN,
        "Basic EPS": 1.2,
        "Diluted NI Availto Com Stockholders": NaN,
        "Net Income Common Stockholders": NaN,
        "Net Income": NaN,
        "Net Income Including Noncontrolling Interests": NaN,
        "Net Income Continuous Operations": NaN,
        "Tax Provision": NaN,
        "Pretax Income": NaN,
        "Net Non Operating Interest Income Expense": NaN,
        "Total Other Finance Cost": NaN,
        "Interest Expense Non Operating": NaN,
        "Operating Income": NaN,
        "Operating Expense": NaN,
        "Other Operating Expenses": NaN,
        "Research And Development": NaN,
        "Selling General And Administration": 2272000.0,
        "Selling And Marketing Expense": NaN,
        "General And Administrative Expense": NaN,
        "Other Gand A": NaN,
        "Gross Profit": NaN,
        "Cost Of Revenue": NaN,
        "Total Revenue": NaN,
        "Operating Revenue": NaN
    },
    "2024-03-31": {
        "Tax Effect Of Unusual Items": NaN,
        "Tax Rate For Calcs": NaN,
        "Normalized EBITDA": NaN,
        "Net Income From Continuing Operation Net Minority Interest": NaN,
        "Reconciled Cost Of Revenue": NaN,
        "EBITDA": NaN,
        "EBIT": NaN,
        "Net Interest Income": NaN,
        "Interest Expense": NaN,
        "Normalized Income": NaN,
        "Net Income From Continuing And Discontinued Operation": NaN,
        "Total Expenses": NaN,
        "Total Operating Income As Reported": NaN,
        "Diluted Average Shares": NaN,
        "Basic Average Shares": NaN,
        "Diluted EPS": NaN,
        "Basic EPS": NaN,
        "Diluted NI Availto Com Stockholders": NaN,
        "Net Income Common Stockholders": NaN,
        "Net Income": NaN,
        "Net Income Including Noncontrolling Interests": NaN,
        "Net Income Continuous Operations": NaN,
        "Tax Provision": NaN,
        "Pretax Income": NaN,
        "Net Non Operating Interest Income Expense": NaN,
        "Total Other Finance Cost": NaN,
        "Interest Expense Non Operating": NaN,
        "Operating Income": NaN,
        "Operating Expense": NaN,
        "Other Operating Expenses": NaN,
        "Research And Development": 901000.0,
        "Selling General And Administration": NaN,
        "Selling And Marketing Expense": 524000.0,
        "General And Administrative Expense": NaN,
        "Other Gand A": NaN,
        "Gross Profit": NaN,
        "Cost Of Revenue": NaN,
        "Total Revenue": NaN,
        "Operating Revenue": 6852000.0
    }
}