{
    "2023-03-31": {
        "Tax Effect Of Unusual Items": 0.0,
        "Tax Rate For Calcs": 0.21,
        "Normalized EBITDA": -152801000.0,
        "Net Income From Continuing Operation Net Minority Interest": -159385000.0,
        "Reconciled Depreciation": 3245000.0,
        "Reconciled Cost Of Revenue": 318000.0,
        "EBITDA": -152801000.0,
        "EBIT": -156046000.0,
        "Net Interest Income": 4119000.0,
        "Interest Expense": 3211000.0,
        "Interest Income": 7330000.0,
        "Normalized Income": -159385000.0,
        "Net Income From Continuing And Discontinued Operation": -159385000.0,
        "Total Expenses": 163798000.0,
        "Total Operating Income As Reported": -163406000.0,
        "Diluted Average Shares": 278450000.0,
        "Basic Average Shares": 278450000.0,
        "Diluted EPS": -0.57,
        "Basic EPS": -0.57,
        "Diluted NI Availto Com Stockholders": -159385000.0,
        "Net Income Common Stockholders": -159385000.0,
        "Net Income": -159385000.0,
        "Net Income Including Noncontrolling Interests": -159385000.0,
        "Net Income Continuous Operations": -159385000.0,
        "Tax Provision": 128000.0,
        "Pretax Income": -159257000.0,
        "Other Income Expense": 30000.0,
        "Other Non Operating Income Expenses": 30000.0,
        "Net Non Operating Interest Income Expense": 4119000.0,
        "Interest Expense Non Operating": 3211000.0,
        "Interest Income Non Operating": 7330000.0,
        "Operating Income": -163406000.0,
        "Operating Expense": 163480000.0,
        "Depreciation Amortization Depletion Income Statement": 3245000.0,
        "Depreciation And Amortization In Income Statement": 3245000.0,
        "Research And Development": 109870000.0,
        "Selling General And Administration": 50365000.0,
        "Gross Profit": 74000.0,
        "Cost Of Revenue": 318000.0,
        "Total Revenue": 392000.0,
        "Operating Revenue": 392000.0
    },
    "2022-12-31": {
        "Tax Effect Of Unusual Items": 0.0,
        "Tax Rate For Calcs": 0.21,
        "Normalized EBITDA": -143968000.0,
        "Net Income From Continuing Operation Net Minority Interest": -150820000.0,
        "Reconciled Depreciation": -1076000.0,
        "Reconciled Cost Of Revenue": 5362000.0,
        "EBITDA": -143968000.0,
        "EBIT": -147085000.0,
        "Net Interest Income": 2969000.0,
        "Interest Expense": 3206000.0,
        "Interest Income": 6175000.0,
        "Normalized Income": -150820000.0,
        "Net Income From Continuing And Discontinued Operation": -150820000.0,
        "Total Expenses": 154180000.0,
        "Total Operating Income As Reported": -153311000.0,
        "Diluted Average Shares": 274902000.0,
        "Basic Average Shares": 274902000.0,
        "Diluted EPS": -0.55,
        "Basic EPS": -0.55,
        "Diluted NI Availto Com Stockholders": -150820000.0,
        "Net Income Common Stockholders": -150820000.0,
        "Net Income": -150820000.0,
        "Net Income Including Noncontrolling Interests": -150820000.0,
        "Net Income Continuous Operations": -150820000.0,
        "Tax Provision": 529000.0,
        "Pretax Income": -150291000.0,
        "Other Income Expense": 51000.0,
        "Other Non Operating Income Expenses": 51000.0,
        "Net Non Operating Interest Income Expense": 2969000.0,
        "Interest Expense Non Operating": 3206000.0,
        "Interest Income Non Operating": 6175000.0,
        "Operating Income": -153311000.0,
        "Operating Expense": 153011000.0,
        "Depreciation Amortization Depletion Income Statement": 3117000.0,
        "Depreciation And Amortization In Income Statement": 3117000.0,
        "Research And Development": 102596000.0,
        "Selling General And Administration": 47298000.0,
        "Gross Profit": -300000.0,
        "Cost Of Revenue": 1169000.0,
        "Total Revenue": 869000.0,
        "Operating Revenue": 869000.0
    },
    "2022-09-30": {
        "Tax Effect Of Unusual Items": NaN,
        "Tax Rate For Calcs": NaN,
        "Normalized EBITDA": NaN,
        "Net Income From Continuing Operation Net Minority Interest": NaN,
        "Reconciled Depreciation": NaN,
        "Reconciled Cost Of Revenue": NaN,
        "EBITDA": NaN,
        "EBIT": NaN,
        "Net Interest Income": NaN,
        "Interest Expense": NaN,
        "Interest Income": NaN,
        "Normalized Income": NaN,
        "Net Income From Continuing And Discontinued Operation": NaN,
        "Total Expenses": NaN,
        "Total Operating Income As Reported": NaN,
        "Diluted Average Shares": NaN,
        "Basic Average Shares": NaN,
        "Diluted EPS": NaN,
        "Basic EPS": NaN,
        "Diluted NI Availto Com Stockholders": NaN,
        "Net Income Common Stockholders": NaN,
        "Otherunder Preferred Stock Dividend": 0.0,
        "Net Income": NaN,
        "Net Income Including Noncontrolling Interests": NaN,
        "Net Income Continuous Operations": NaN,
        "Tax Provision": NaN,
        "Pretax Income": NaN,
        "Other Income Expense": NaN,
        "Other Non Operating Income Expenses": NaN,
        "Net Non Operating Interest Income Expense": NaN,
        "Interest Expense Non Operating": NaN,
        "Interest Income Non Operating": NaN,
        "Operating Income": NaN,
        "Operating Expense": NaN,
        "Depreciation Amortization Depletion Income Statement": NaN,
        "Depreciation And Amortization In Income Statement": NaN,
        "Research And Development": NaN,
        "Selling General And Administration": NaN,
        "Gross Profit": NaN,
        "Cost Of Revenue": NaN,
        "Total Revenue": NaN,
        "Operating Revenue": NaN
    },
    "2022-06-30": {
        "Tax Effect Of Unusual Items": 0.0,
        "Tax Rate For Calcs": 0.4,
        "Normalized EBITDA": -104626000.0,
        "Net Income From Continuing Operation Net Minority Interest": -110721000.0,
        "Reconciled Depreciation": 2915000.0,
        "Reconciled Cost Of Revenue": 122000.0,
        "EBITDA": -104626000.0,
        "EBIT": -107541000.0,
        "Net Interest Income": -1172000.0,
        "Interest Expense": 3157000.0,
        "Interest Income": 1985000.0,
        "Normalized Income": -110721000.0,
        "Net Income From Continuing And Discontinued Operation": -110721000.0,
        "Total Expenses": 110077000.0,
        "Total Operating Income As Reported": -109720000.0,
        "Diluted Average Shares": 258589000.0,
        "Basic Average Shares": 258589000.0,
        "Diluted EPS": -0.43,
        "Basic EPS": -0.43,
        "Diluted NI Availto Com Stockholders": -110721000.0,
        "Net Income Common Stockholders": -110721000.0,
        "Otherunder Preferred Stock Dividend": NaN,
        "Net Income": -110721000.0,
        "Net Income Including Noncontrolling Interests": -110721000.0,
        "Net Income Continuous Operations": -110721000.0,
        "Tax Provision": 23000.0,
        "Pretax Income": -110698000.0,
        "Other Income Expense": 194000.0,
        "Other Non Operating Income Expenses": 194000.0,
        "Net Non Operating Interest Income Expense": -1172000.0,
        "Interest Expense Non Operating": 3157000.0,
        "Interest Income Non Operating": 1985000.0,
        "Operating Income": -109720000.0,
        "Operating Expense": 109955000.0,
        "Depreciation Amortization Depletion Income Statement": 2915000.0,
        "Depreciation And Amortization In Income Statement": 2915000.0,
        "Research And Development": 62340000.0,
        "Selling General And Administration": 44700000.0,
        "Gross Profit": 235000.0,
        "Cost Of Revenue": 122000.0,
        "Total Revenue": 357000.0,
        "Operating Revenue": 357000.0
    },
    "2023-06-30": {
        "Tax Effect Of Unusual Items": 0.0,
        "Tax Rate For Calcs": 0.21,
        "Normalized EBITDA": -127922000.0,
        "Net Income From Continuing Operation Net Minority Interest": -134364000.0,
        "Reconciled Depreciation": 3192000.0,
        "Reconciled Cost Of Revenue": 234000.0,
        "EBITDA": -127922000.0,
        "EBIT": -131114000.0,
        "Net Interest Income": 5188000.0,
        "Interest Expense": 3216000.0,
        "Interest Income": 8404000.0,
        "Normalized Income": -134364000.0,
        "Net Income From Continuing And Discontinued Operation": -134364000.0,
        "Total Expenses": 141437000.0,
        "Total Operating Income As Reported": -139566000.0,
        "Diluted Average Shares": 14661000.0,
        "Basic Average Shares": 14661000.0,
        "Diluted EPS": -9.16,
        "Basic EPS": -9.16,
        "Diluted NI Availto Com Stockholders": -134364000.0,
        "Net Income Common Stockholders": -134364000.0,
        "Net Income": -134364000.0,
        "Net Income Including Noncontrolling Interests": -134364000.0,
        "Net Income Continuous Operations": -134364000.0,
        "Tax Provision": 34000.0,
        "Pretax Income": -134330000.0,
        "Other Income Expense": 48000.0,
        "Other Non Operating Income Expenses": 48000.0,
        "Net Non Operating Interest Income Expense": 5188000.0,
        "Interest Expense Non Operating": 3216000.0,
        "Interest Income Non Operating": 8404000.0,
        "Operating Income": -139566000.0,
        "Operating Expense": 141203000.0,
        "Depreciation Amortization Depletion Income Statement": 3192000.0,
        "Depreciation And Amortization In Income Statement": 3192000.0,
        "Research And Development": 86574000.0,
        "Selling General And Administration": 51437000.0,
        "Gross Profit": 1637000.0,
        "Cost Of Revenue": 234000.0,
        "Total Revenue": 1871000.0,
        "Operating Revenue": 1871000.0
    },
    "2022-03-31": {
        "Diluted EPS": -0.36,
        "Total Revenue": 0,
        "Gross Profit": 0,
        "Operating Income": -91,
        "EBIT": -88,
        "Net Income": -93
    },
    "2021-12-31": {
        "Diluted EPS": -0.17,
        "Total Revenue": 0,
        "Gross Profit": 0,
        "Operating Income": -81,
        "EBIT": -78,
        "Net Income": -81
    },
    "2021-09-30": {
        "Diluted EPS": -0.32,
        "Total Revenue": 3,
        "Gross Profit": 3,
        "Operating Income": -83,
        "EBIT": -80,
        "Net Income": -48
    },
    "2021-06-30": {
        "Diluted EPS": -0.39,
        "Total Revenue": 1,
        "Gross Profit": 1,
        "Operating Income": -74,
        "EBIT": -71,
        "Net Income": -94
    },
    "2021-03-31": {
        "Diluted EPS": -0.55,
        "Total Revenue": NaN,
        "Gross Profit": NaN,
        "Operating Income": -81,
        "EBIT": -78,
        "Net Income": -130
    },
    "2020-12-31": {
        "Diluted EPS": -0.33,
        "Total Revenue": NaN,
        "Gross Profit": NaN,
        "Operating Income": -74,
        "EBIT": -71,
        "Net Income": -104
    },
    "2020-09-30": {
        "Diluted EPS": -0.41,
        "Total Revenue": NaN,
        "Gross Profit": NaN,
        "Operating Income": -77,
        "EBIT": -75,
        "Net Income": -92
    },
    "2020-06-30": {
        "Diluted EPS": -0.34,
        "Total Revenue": NaN,
        "Gross Profit": NaN,
        "Operating Income": -63,
        "EBIT": -61,
        "Net Income": -72
    },
    "2020-03-31": {
        "Diluted EPS": -1.86,
        "Total Revenue": 0,
        "Gross Profit": 0,
        "Operating Income": -61,
        "EBIT": -59,
        "Net Income": -377
    },
    "2019-12-31": {
        "Diluted EPS": -0.39,
        "Total Revenue": 1,
        "Gross Profit": 0,
        "Operating Income": -74,
        "EBIT": -72,
        "Net Income": -77
    },
    "2019-09-30": {
        "Diluted EPS": -0.27,
        "Total Revenue": 1,
        "Gross Profit": 0,
        "Operating Income": -52,
        "EBIT": -50,
        "Net Income": -51
    },
    "2019-06-30": {
        "Diluted EPS": -0.23,
        "Total Revenue": 1,
        "Gross Profit": 0,
        "Operating Income": -44,
        "EBIT": -43,
        "Net Income": -44
    },
    "2019-03-31": {
        "Diluted EPS": -0.22,
        "Total Revenue": 2,
        "Gross Profit": 1,
        "Operating Income": -43,
        "EBIT": -41,
        "Net Income": -43
    },
    "2018-12-31": {
        "Diluted EPS": -0.67,
        "Total Revenue": NaN,
        "Gross Profit": NaN,
        "Operating Income": -169,
        "EBIT": -169,
        "Net Income": -143
    },
    "2018-09-30": {
        "Diluted EPS": 0.0,
        "Total Revenue": NaN,
        "Gross Profit": NaN,
        "Operating Income": 0,
        "EBIT": 0,
        "Net Income": 3
    },
    "2018-06-30": {
        "Diluted EPS": -0.02,
        "Total Revenue": NaN,
        "Gross Profit": NaN,
        "Operating Income": -1,
        "EBIT": -1,
        "Net Income": 0
    },
    "2018-03-31": {
        "Diluted EPS": -0.02,
        "Total Revenue": NaN,
        "Gross Profit": NaN,
        "Operating Income": 0,
        "EBIT": 0,
        "Net Income": 2
    },
    "2017-12-31": {
        "Diluted EPS": 0.0,
        "Total Revenue": NaN,
        "Gross Profit": NaN,
        "Operating Income": NaN,
        "EBIT": NaN,
        "Net Income": NaN
    },
    "2017-09-30": {
        "Diluted EPS": -0.02,
        "Total Revenue": NaN,
        "Gross Profit": NaN,
        "Operating Income": 0,
        "EBIT": 0,
        "Net Income": 0
    },
    "2023-09-30": {
        "Tax Effect Of Unusual Items": NaN,
        "Tax Rate For Calcs": NaN,
        "Normalized EBITDA": NaN,
        "Net Income From Continuing Operation Net Minority Interest": NaN,
        "Reconciled Depreciation": NaN,
        "Reconciled Cost Of Revenue": NaN,
        "EBITDA": NaN,
        "EBIT": NaN,
        "Net Interest Income": NaN,
        "Interest Expense": NaN,
        "Interest Income": NaN,
        "Normalized Income": NaN,
        "Net Income From Continuing And Discontinued Operation": NaN,
        "Total Expenses": NaN,
        "Total Operating Income As Reported": NaN,
        "Diluted Average Shares": 18792000.0,
        "Basic Average Shares": 18792000.0,
        "Diluted EPS": -5.57,
        "Basic EPS": -5.57,
        "Diluted NI Availto Com Stockholders": NaN,
        "Net Income Common Stockholders": NaN,
        "Net Income": NaN,
        "Net Income Including Noncontrolling Interests": NaN,
        "Net Income Continuous Operations": NaN,
        "Tax Provision": NaN,
        "Pretax Income": NaN,
        "Other Income Expense": NaN,
        "Other Non Operating Income Expenses": NaN,
        "Net Non Operating Interest Income Expense": NaN,
        "Interest Expense Non Operating": NaN,
        "Interest Income Non Operating": NaN,
        "Operating Income": NaN,
        "Operating Expense": NaN,
        "Depreciation Amortization Depletion Income Statement": NaN,
        "Depreciation And Amortization In Income Statement": NaN,
        "Research And Development": NaN,
        "Selling General And Administration": NaN,
        "Gross Profit": NaN,
        "Cost Of Revenue": NaN,
        "Total Revenue": NaN,
        "Operating Revenue": NaN
    },
    "2023-12-31": {
        "Tax Effect Of Unusual Items": 0.0,
        "Tax Rate For Calcs": 0.21,
        "Normalized EBITDA": -96876000.0,
        "Net Income From Continuing Operation Net Minority Interest": -103984000.0,
        "Reconciled Depreciation": 3646000.0,
        "Reconciled Cost Of Revenue": 24338000.0,
        "EBITDA": -96876000.0,
        "EBIT": -100522000.0,
        "Net Interest Income": 10420000.0,
        "Interest Expense": 3224000.0,
        "Interest Income": 13644000.0,
        "Normalized Income": -103984000.0,
        "Net Income From Continuing And Discontinued Operation": -103984000.0,
        "Total Expenses": 112676000.0,
        "Total Operating Income As Reported": -114265000.0,
        "Diluted Average Shares": 19988300.0,
        "Basic Average Shares": 19988300.0,
        "Diluted EPS": -5.2,
        "Basic EPS": -5.2,
        "Diluted NI Availto Com Stockholders": -103984000.0,
        "Net Income Common Stockholders": -103984000.0,
        "Net Income": -103984000.0,
        "Net Income Including Noncontrolling Interests": -103984000.0,
        "Net Income Continuous Operations": -103984000.0,
        "Tax Provision": 238000.0,
        "Pretax Income": -103746000.0,
        "Other Income Expense": -4299000.0,
        "Other Non Operating Income Expenses": 99000.0,
        "Net Non Operating Interest Income Expense": 10420000.0,
        "Interest Expense Non Operating": 3224000.0,
        "Interest Income Non Operating": 13644000.0,
        "Operating Income": -109867000.0,
        "Operating Expense": 88338000.0,
        "Depreciation Amortization Depletion Income Statement": 3646000.0,
        "Depreciation And Amortization In Income Statement": 3646000.0,
        "Research And Development": 53848000.0,
        "Selling General And Administration": 30844000.0,
        "Gross Profit": -21529000.0,
        "Cost Of Revenue": 24338000.0,
        "Total Revenue": 2809000.0,
        "Operating Revenue": 2809000.0
    },
    "2024-03-31": {
        "Tax Effect Of Unusual Items": 0.0,
        "Tax Rate For Calcs": 0.21,
        "Normalized EBITDA": -95006000.0,
        "Net Income From Continuing Operation Net Minority Interest": -102012000.0,
        "Reconciled Depreciation": 3699000.0,
        "Reconciled Cost Of Revenue": 22591000.0,
        "EBITDA": -95006000.0,
        "EBIT": -98705000.0,
        "Net Interest Income": 9081000.0,
        "Interest Expense": 3227000.0,
        "Interest Income": 12308000.0,
        "Normalized Income": -102012000.0,
        "Net Income From Continuing And Discontinued Operation": -102012000.0,
        "Total Expenses": 113143000.0,
        "Total Operating Income As Reported": -111158000.0,
        "Diluted Average Shares": 20019350.0,
        "Basic Average Shares": 20019350.0,
        "Diluted EPS": -5.0,
        "Basic EPS": -5.0,
        "Diluted NI Availto Com Stockholders": -102012000.0,
        "Net Income Common Stockholders": -102012000.0,
        "Net Income": -102012000.0,
        "Net Income Including Noncontrolling Interests": -102012000.0,
        "Net Income Continuous Operations": -102012000.0,
        "Tax Provision": 80000.0,
        "Pretax Income": -101932000.0,
        "Other Income Expense": 145000.0,
        "Other Non Operating Income Expenses": 145000.0,
        "Net Non Operating Interest Income Expense": 9081000.0,
        "Interest Expense Non Operating": 3227000.0,
        "Interest Income Non Operating": 12308000.0,
        "Operating Income": -111158000.0,
        "Operating Expense": 90552000.0,
        "Depreciation Amortization Depletion Income Statement": 3699000.0,
        "Depreciation And Amortization In Income Statement": 3699000.0,
        "Research And Development": 58969000.0,
        "Selling General And Administration": 27884000.0,
        "Gross Profit": -20606000.0,
        "Cost Of Revenue": 22591000.0,
        "Total Revenue": 1985000.0,
        "Operating Revenue": 1985000.0
    },
    "2024-06-30": {
        "Tax Effect Of Unusual Items": 0.0,
        "Tax Rate For Calcs": 0.21,
        "Normalized EBITDA": -87255000.0,
        "Net Income From Continuing Operation Net Minority Interest": -93775000.0,
        "Reconciled Depreciation": 3256000.0,
        "Reconciled Cost Of Revenue": 27288000.0,
        "EBITDA": -87255000.0,
        "EBIT": -90511000.0,
        "Net Interest Income": 7878000.0,
        "Interest Expense": 3230000.0,
        "Interest Income": 11108000.0,
        "Normalized Income": -93775000.0,
        "Net Income From Continuing And Discontinued Operation": -93775000.0,
        "Total Expenses": 106010000.0,
        "Total Operating Income As Reported": -101790000.0,
        "Diluted Average Shares": 21484000.0,
        "Basic Average Shares": 21484000.0,
        "Diluted EPS": -4.36,
        "Basic EPS": -4.36,
        "Diluted NI Availto Com Stockholders": -93775000.0,
        "Net Income Common Stockholders": -93775000.0,
        "Net Income": -93775000.0,
        "Net Income Including Noncontrolling Interests": -93775000.0,
        "Net Income Continuous Operations": -93775000.0,
        "Tax Provision": 34000.0,
        "Pretax Income": -93741000.0,
        "Other Income Expense": 171000.0,
        "Other Non Operating Income Expenses": 171000.0,
        "Net Non Operating Interest Income Expense": 7878000.0,
        "Interest Expense Non Operating": 3230000.0,
        "Interest Income Non Operating": 11108000.0,
        "Operating Income": -101790000.0,
        "Operating Expense": 78722000.0,
        "Depreciation Amortization Depletion Income Statement": 3256000.0,
        "Depreciation And Amortization In Income Statement": 3256000.0,
        "Research And Development": 41535000.0,
        "Selling General And Administration": 33931000.0,
        "Gross Profit": -23068000.0,
        "Cost Of Revenue": 27288000.0,
        "Total Revenue": 4220000.0,
        "Operating Revenue": 4220000.0
    },
    "2024-09-30": {
        "Tax Effect Of Unusual Items": 0.0,
        "Tax Rate For Calcs": 0.21,
        "Normalized EBITDA": -66861000.0,
        "Net Income From Continuing Operation Net Minority Interest": -74540000.0,
        "Reconciled Depreciation": 4341000.0,
        "Reconciled Cost Of Revenue": 19874000.0,
        "EBITDA": -66861000.0,
        "EBIT": -71202000.0,
        "Net Interest Income": 7130000.0,
        "Interest Expense": 3233000.0,
        "Interest Income": 10363000.0,
        "Normalized Income": -74540000.0,
        "Net Income From Continuing And Discontinued Operation": -74540000.0,
        "Total Expenses": 82130000.0,
        "Total Operating Income As Reported": -81728000.0,
        "Diluted Average Shares": 27973000.0,
        "Basic Average Shares": 27973000.0,
        "Diluted EPS": -2.66,
        "Basic EPS": -2.66,
        "Diluted NI Availto Com Stockholders": -74540000.0,
        "Net Income Common Stockholders": -74540000.0,
        "Net Income": -74540000.0,
        "Net Income Including Noncontrolling Interests": -74540000.0,
        "Net Income Continuous Operations": -74540000.0,
        "Tax Provision": 105000.0,
        "Pretax Income": -74435000.0,
        "Other Income Expense": 163000.0,
        "Other Non Operating Income Expenses": 163000.0,
        "Net Non Operating Interest Income Expense": 7130000.0,
        "Interest Expense Non Operating": 3233000.0,
        "Interest Income Non Operating": 10363000.0,
        "Operating Income": -81728000.0,
        "Operating Expense": 62256000.0,
        "Depreciation Amortization Depletion Income Statement": 4341000.0,
        "Depreciation And Amortization In Income Statement": 4341000.0,
        "Research And Development": 23937000.0,
        "Selling General And Administration": 33978000.0,
        "Gross Profit": -19472000.0,
        "Cost Of Revenue": 19874000.0,
        "Total Revenue": 402000.0,
        "Operating Revenue": 402000.0
    },
    "2024-12-31": {
        "Tax Effect Of Unusual Items": 0.0,
        "Tax Rate For Calcs": 0.001894,
        "Normalized EBITDA": -69150000.0,
        "Net Income From Continuing Operation Net Minority Interest": -76413000.0,
        "Reconciled Depreciation": 4171000.0,
        "Reconciled Cost Of Revenue": 20271000.0,
        "EBITDA": -69150000.0,
        "EBIT": -73321000.0,
        "Net Interest Income": 5336000.0,
        "Interest Expense": 3237000.0,
        "Interest Income": 8573000.0,
        "Normalized Income": -76413000.0,
        "Net Income From Continuing And Discontinued Operation": -76413000.0,
        "Total Expenses": 82382000.0,
        "Total Operating Income As Reported": -81953000.0,
        "Diluted Average Shares": NaN,
        "Basic Average Shares": NaN,
        "Diluted EPS": NaN,
        "Basic EPS": NaN,
        "Diluted NI Availto Com Stockholders": -76413000.0,
        "Net Income Common Stockholders": -76413000.0,
        "Net Income": -76413000.0,
        "Net Income Including Noncontrolling Interests": -76413000.0,
        "Net Income Continuous Operations": -76413000.0,
        "Tax Provision": -145000.0,
        "Pretax Income": -76558000.0,
        "Other Income Expense": 59000.0,
        "Other Non Operating Income Expenses": 59000.0,
        "Net Non Operating Interest Income Expense": 5336000.0,
        "Interest Expense Non Operating": 3237000.0,
        "Interest Income Non Operating": 8573000.0,
        "Operating Income": -81953000.0,
        "Operating Expense": 62111000.0,
        "Depreciation Amortization Depletion Income Statement": 4171000.0,
        "Depreciation And Amortization In Income Statement": 4171000.0,
        "Research And Development": 28237000.0,
        "Selling General And Administration": 29703000.0,
        "Gross Profit": -19842000.0,
        "Cost Of Revenue": 20271000.0,
        "Total Revenue": 429000.0,
        "Operating Revenue": 429000.0
    }
}