{
    "2023-06-30": {
        "Tax Effect Of Unusual Items": NaN,
        "Tax Rate For Calcs": NaN,
        "Normalized EBITDA": NaN,
        "Total Unusual Items": NaN,
        "Total Unusual Items Excluding Goodwill": NaN,
        "Net Income From Continuing Operation Net Minority Interest": NaN,
        "Reconciled Depreciation": NaN,
        "Reconciled Cost Of Revenue": NaN,
        "EBITDA": NaN,
        "EBIT": NaN,
        "Net Interest Income": NaN,
        "Interest Expense": NaN,
        "Normalized Income": NaN,
        "Net Income From Continuing And Discontinued Operation": NaN,
        "Total Expenses": NaN,
        "Total Operating Income As Reported": NaN,
        "Diluted Average Shares": NaN,
        "Basic Average Shares": NaN,
        "Diluted EPS": NaN,
        "Basic EPS": NaN,
        "Diluted NI Availto Com Stockholders": NaN,
        "Net Income Common Stockholders": NaN,
        "Net Income": NaN,
        "Minority Interests": NaN,
        "Net Income Including Noncontrolling Interests": NaN,
        "Net Income Continuous Operations": NaN,
        "Tax Provision": NaN,
        "Pretax Income": NaN,
        "Other Income Expense": NaN,
        "Other Non Operating Income Expenses": 6000000.0,
        "Special Income Charges": NaN,
        "Gain On Sale Of Business": NaN,
        "Earnings From Equity Interest": NaN,
        "Gain On Sale Of Security": NaN,
        "Net Non Operating Interest Income Expense": NaN,
        "Interest Expense Non Operating": NaN,
        "Operating Income": NaN,
        "Operating Expense": NaN,
        "Depreciation Amortization Depletion Income Statement": NaN,
        "Depreciation And Amortization In Income Statement": NaN,
        "Amortization": NaN,
        "Amortization Of Intangibles Income Statement": NaN,
        "Depreciation Income Statement": NaN,
        "Selling General And Administration": NaN,
        "Gross Profit": NaN,
        "Cost Of Revenue": NaN,
        "Total Revenue": NaN,
        "Operating Revenue": NaN
    },
    "2023-03-31": {
        "Tax Effect Of Unusual Items": NaN,
        "Tax Rate For Calcs": NaN,
        "Normalized EBITDA": NaN,
        "Total Unusual Items": NaN,
        "Total Unusual Items Excluding Goodwill": NaN,
        "Net Income From Continuing Operation Net Minority Interest": NaN,
        "Reconciled Depreciation": NaN,
        "Reconciled Cost Of Revenue": NaN,
        "EBITDA": NaN,
        "EBIT": NaN,
        "Net Interest Income": NaN,
        "Interest Expense": NaN,
        "Normalized Income": NaN,
        "Net Income From Continuing And Discontinued Operation": NaN,
        "Total Expenses": NaN,
        "Total Operating Income As Reported": NaN,
        "Diluted Average Shares": NaN,
        "Basic Average Shares": NaN,
        "Diluted EPS": NaN,
        "Basic EPS": NaN,
        "Diluted NI Availto Com Stockholders": NaN,
        "Net Income Common Stockholders": NaN,
        "Net Income": NaN,
        "Minority Interests": NaN,
        "Net Income Including Noncontrolling Interests": NaN,
        "Net Income Continuous Operations": NaN,
        "Tax Provision": NaN,
        "Pretax Income": NaN,
        "Other Income Expense": NaN,
        "Other Non Operating Income Expenses": 6000000.0,
        "Special Income Charges": NaN,
        "Gain On Sale Of Business": NaN,
        "Earnings From Equity Interest": NaN,
        "Gain On Sale Of Security": NaN,
        "Net Non Operating Interest Income Expense": NaN,
        "Interest Expense Non Operating": NaN,
        "Operating Income": NaN,
        "Operating Expense": NaN,
        "Depreciation Amortization Depletion Income Statement": NaN,
        "Depreciation And Amortization In Income Statement": NaN,
        "Amortization": NaN,
        "Amortization Of Intangibles Income Statement": NaN,
        "Depreciation Income Statement": NaN,
        "Selling General And Administration": NaN,
        "Gross Profit": NaN,
        "Cost Of Revenue": NaN,
        "Total Revenue": NaN,
        "Operating Revenue": NaN
    },
    "2022-12-31": {
        "Tax Effect Of Unusual Items": NaN,
        "Tax Rate For Calcs": NaN,
        "Normalized EBITDA": NaN,
        "Total Unusual Items": NaN,
        "Total Unusual Items Excluding Goodwill": NaN,
        "Net Income From Continuing Operation Net Minority Interest": NaN,
        "Reconciled Depreciation": NaN,
        "Reconciled Cost Of Revenue": NaN,
        "EBITDA": NaN,
        "EBIT": NaN,
        "Net Interest Income": NaN,
        "Interest Expense": NaN,
        "Normalized Income": NaN,
        "Net Income From Continuing And Discontinued Operation": NaN,
        "Total Expenses": NaN,
        "Total Operating Income As Reported": NaN,
        "Diluted Average Shares": NaN,
        "Basic Average Shares": NaN,
        "Diluted EPS": NaN,
        "Basic EPS": NaN,
        "Diluted NI Availto Com Stockholders": NaN,
        "Net Income Common Stockholders": NaN,
        "Net Income": NaN,
        "Minority Interests": NaN,
        "Net Income Including Noncontrolling Interests": NaN,
        "Net Income Continuous Operations": NaN,
        "Tax Provision": NaN,
        "Pretax Income": NaN,
        "Other Income Expense": NaN,
        "Other Non Operating Income Expenses": NaN,
        "Special Income Charges": NaN,
        "Gain On Sale Of Business": NaN,
        "Other Special Charges": -7000000.0,
        "Earnings From Equity Interest": NaN,
        "Gain On Sale Of Security": NaN,
        "Net Non Operating Interest Income Expense": NaN,
        "Interest Expense Non Operating": NaN,
        "Operating Income": NaN,
        "Operating Expense": NaN,
        "Depreciation Amortization Depletion Income Statement": NaN,
        "Depreciation And Amortization In Income Statement": NaN,
        "Amortization": NaN,
        "Amortization Of Intangibles Income Statement": NaN,
        "Depreciation Income Statement": NaN,
        "Selling General And Administration": NaN,
        "Gross Profit": NaN,
        "Cost Of Revenue": NaN,
        "Total Revenue": NaN,
        "Operating Revenue": NaN
    },
    "2022-09-30": {
        "Tax Effect Of Unusual Items": NaN,
        "Tax Rate For Calcs": NaN,
        "Normalized EBITDA": NaN,
        "Total Unusual Items": NaN,
        "Total Unusual Items Excluding Goodwill": NaN,
        "Net Income From Continuing Operation Net Minority Interest": NaN,
        "Reconciled Depreciation": NaN,
        "Reconciled Cost Of Revenue": NaN,
        "EBITDA": NaN,
        "EBIT": NaN,
        "Net Interest Income": NaN,
        "Interest Expense": NaN,
        "Normalized Income": NaN,
        "Net Income From Continuing And Discontinued Operation": NaN,
        "Total Expenses": NaN,
        "Total Operating Income As Reported": NaN,
        "Diluted Average Shares": NaN,
        "Basic Average Shares": NaN,
        "Diluted EPS": NaN,
        "Basic EPS": NaN,
        "Diluted NI Availto Com Stockholders": NaN,
        "Net Income Common Stockholders": NaN,
        "Net Income": NaN,
        "Minority Interests": NaN,
        "Net Income Including Noncontrolling Interests": NaN,
        "Net Income Continuous Operations": NaN,
        "Tax Provision": NaN,
        "Pretax Income": NaN,
        "Other Income Expense": NaN,
        "Other Non Operating Income Expenses": NaN,
        "Special Income Charges": NaN,
        "Gain On Sale Of Business": NaN,
        "Other Special Charges": -4000000.0,
        "Earnings From Equity Interest": NaN,
        "Gain On Sale Of Security": NaN,
        "Net Non Operating Interest Income Expense": NaN,
        "Interest Expense Non Operating": NaN,
        "Operating Income": NaN,
        "Operating Expense": NaN,
        "Depreciation Amortization Depletion Income Statement": NaN,
        "Depreciation And Amortization In Income Statement": NaN,
        "Amortization": NaN,
        "Amortization Of Intangibles Income Statement": NaN,
        "Depreciation Income Statement": NaN,
        "Selling General And Administration": NaN,
        "Gross Profit": NaN,
        "Cost Of Revenue": NaN,
        "Total Revenue": NaN,
        "Operating Revenue": NaN
    },
    "2022-06-30": {
        "Tax Effect Of Unusual Items": 135730000.0,
        "Tax Rate For Calcs": 0.245,
        "Normalized EBITDA": 1231000000.0,
        "Total Unusual Items": 554000000.0,
        "Total Unusual Items Excluding Goodwill": 554000000.0,
        "Net Income From Continuing Operation Net Minority Interest": 972000000.0,
        "Reconciled Depreciation": 304000000.0,
        "Reconciled Cost Of Revenue": 1010000000.0,
        "EBITDA": 1785000000.0,
        "EBIT": 1481000000.0,
        "Net Interest Income": -90000000.0,
        "Interest Expense": 90000000.0,
        "Normalized Income": 553730000.0,
        "Net Income From Continuing And Discontinued Operation": 972000000.0,
        "Total Expenses": 2078000000.0,
        "Total Operating Income As Reported": 1482000000.0,
        "Diluted Average Shares": 339300000.0,
        "Basic Average Shares": 338000000.0,
        "Diluted EPS": 2.86,
        "Basic EPS": 2.87,
        "Diluted NI Availto Com Stockholders": 972000000.0,
        "Net Income Common Stockholders": 972000000.0,
        "Net Income": 972000000.0,
        "Minority Interests": -79000000.0,
        "Net Income Including Noncontrolling Interests": 1051000000.0,
        "Net Income Continuous Operations": 1051000000.0,
        "Tax Provision": 340000000.0,
        "Pretax Income": 1391000000.0,
        "Other Income Expense": 566000000.0,
        "Other Non Operating Income Expenses": 1000000.0,
        "Special Income Charges": 554000000.0,
        "Gain On Sale Of Business": 556000000.0,
        "Other Special Charges": 2000000.0,
        "Earnings From Equity Interest": 11000000.0,
        "Gain On Sale Of Security": -6000000.0,
        "Net Non Operating Interest Income Expense": -90000000.0,
        "Interest Expense Non Operating": 90000000.0,
        "Operating Income": 915000000.0,
        "Operating Expense": 2078000000.0,
        "Other Operating Expenses": 2078000000.0,
        "Depreciation Amortization Depletion Income Statement": 303000000.0,
        "Depreciation And Amortization In Income Statement": 303000000.0,
        "Amortization": 267000000.0,
        "Amortization Of Intangibles Income Statement": 267000000.0,
        "Depreciation Income Statement": 36000000.0,
        "Selling General And Administration": 764000000.0,
        "Gross Profit": 1982000000.0,
        "Cost Of Revenue": 1011000000.0,
        "Total Revenue": 2993000000.0,
        "Operating Revenue": 2993000000.0
    },
    "2022-03-31": {
        "Diluted EPS": 4.47,
        "Total Revenue": NaN,
        "Gross Profit": NaN,
        "Operating Income": NaN,
        "EBIT": NaN,
        "Net Income": NaN
    },
    "2021-12-31": {
        "Diluted EPS": 2.79,
        "Total Revenue": NaN,
        "Gross Profit": NaN,
        "Operating Income": 903,
        "EBIT": 944,
        "Net Income": 674
    },
    "2021-09-30": {
        "Diluted EPS": 3.3,
        "Total Revenue": NaN,
        "Gross Profit": NaN,
        "Operating Income": NaN,
        "EBIT": NaN,
        "Net Income": 797
    },
    "2021-06-30": {
        "Diluted EPS": 3.3,
        "Total Revenue": NaN,
        "Gross Profit": NaN,
        "Operating Income": NaN,
        "EBIT": NaN,
        "Net Income": 798
    },
    "2021-03-31": {
        "Diluted EPS": 3.12,
        "Total Revenue": NaN,
        "Gross Profit": NaN,
        "Operating Income": NaN,
        "EBIT": NaN,
        "Net Income": 755
    },
    "2020-12-31": {
        "Diluted EPS": 1.88,
        "Total Revenue": NaN,
        "Gross Profit": NaN,
        "Operating Income": 656,
        "EBIT": 708,
        "Net Income": 453
    },
    "2020-09-30": {
        "Diluted EPS": 1.88,
        "Total Revenue": NaN,
        "Gross Profit": NaN,
        "Operating Income": 944,
        "EBIT": 998,
        "Net Income": 455
    },
    "2020-06-30": {
        "Diluted EPS": 3.28,
        "Total Revenue": NaN,
        "Gross Profit": NaN,
        "Operating Income": NaN,
        "EBIT": NaN,
        "Net Income": 792
    },
    "2020-03-31": {
        "Diluted EPS": 2.62,
        "Total Revenue": NaN,
        "Gross Profit": NaN,
        "Operating Income": 912,
        "EBIT": 961,
        "Net Income": 639
    },
    "2019-12-31": {
        "Diluted EPS": 2.21,
        "Total Revenue": NaN,
        "Gross Profit": NaN,
        "Operating Income": 817,
        "EBIT": 868,
        "Net Income": 541
    },
    "2019-09-30": {
        "Diluted EPS": 2.5,
        "Total Revenue": NaN,
        "Gross Profit": NaN,
        "Operating Income": 891,
        "EBIT": 940,
        "Net Income": 617
    },
    "2019-06-30": {
        "Diluted EPS": 2.24,
        "Total Revenue": NaN,
        "Gross Profit": NaN,
        "Operating Income": 813,
        "EBIT": 865,
        "Net Income": 555
    },
    "2019-03-31": {
        "Diluted EPS": 1.65,
        "Total Revenue": NaN,
        "Gross Profit": NaN,
        "Operating Income": 705,
        "EBIT": 757,
        "Net Income": 410
    },
    "2018-12-31": {
        "Diluted EPS": 2.03,
        "Total Revenue": NaN,
        "Gross Profit": 979,
        "Operating Income": 703,
        "EBIT": 758,
        "Net Income": 511
    },
    "2018-09-30": {
        "Diluted EPS": 1.95,
        "Total Revenue": NaN,
        "Gross Profit": NaN,
        "Operating Income": 704,
        "EBIT": 758,
        "Net Income": 495
    },
    "2018-06-30": {
        "Diluted EPS": 1.82,
        "Total Revenue": NaN,
        "Gross Profit": NaN,
        "Operating Income": 672,
        "EBIT": 724,
        "Net Income": 461
    },
    "2018-03-31": {
        "Diluted EPS": 1.93,
        "Total Revenue": NaN,
        "Gross Profit": NaN,
        "Operating Income": 711,
        "EBIT": 756,
        "Net Income": 491
    },
    "2017-12-31": {
        "Diluted EPS": 1.02,
        "Total Revenue": NaN,
        "Gross Profit": NaN,
        "Operating Income": 627,
        "EBIT": 673,
        "Net Income": 262
    },
    "2017-09-30": {
        "Diluted EPS": 1.61,
        "Total Revenue": NaN,
        "Gross Profit": NaN,
        "Operating Income": 649,
        "EBIT": 695,
        "Net Income": 414
    },
    "2017-06-30": {
        "Diluted EPS": 1.62,
        "Total Revenue": NaN,
        "Gross Profit": NaN,
        "Operating Income": 668,
        "EBIT": 713,
        "Net Income": 421
    },
    "2017-03-31": {
        "Diluted EPS": 1.53,
        "Total Revenue": NaN,
        "Gross Profit": NaN,
        "Operating Income": 639,
        "EBIT": 682,
        "Net Income": 399
    },
    "2016-12-31": {
        "Diluted EPS": 2.04,
        "Total Revenue": NaN,
        "Gross Profit": 979,
        "Operating Income": 830,
        "EBIT": 877,
        "Net Income": 537
    },
    "2016-09-30": {
        "Diluted EPS": 3.36,
        "Total Revenue": NaN,
        "Gross Profit": NaN,
        "Operating Income": NaN,
        "EBIT": NaN,
        "Net Income": 892
    },
    "2016-06-30": {
        "Diluted EPS": 1.44,
        "Total Revenue": NaN,
        "Gross Profit": NaN,
        "Operating Income": 651,
        "EBIT": 696,
        "Net Income": 383
    },
    "2016-03-31": {
        "Diluted EPS": 1.1,
        "Total Revenue": NaN,
        "Gross Profit": 888,
        "Operating Income": 512,
        "EBIT": 554,
        "Net Income": 294
    },
    "2015-12-31": {
        "Diluted EPS": 0.91,
        "Total Revenue": NaN,
        "Gross Profit": 897,
        "Operating Income": 424,
        "EBIT": 477,
        "Net Income": 248
    },
    "2015-09-30": {
        "Diluted EPS": 0.92,
        "Total Revenue": NaN,
        "Gross Profit": 905,
        "Operating Income": 410,
        "EBIT": 448,
        "Net Income": 252
    },
    "2015-06-30": {
        "Diluted EPS": 1.28,
        "Total Revenue": NaN,
        "Gross Profit": 930,
        "Operating Income": 582,
        "EBIT": 615,
        "Net Income": 353
    },
    "2015-03-31": {
        "Diluted EPS": 1.1,
        "Total Revenue": NaN,
        "Gross Profit": 863,
        "Operating Income": 501,
        "EBIT": 534,
        "Net Income": 303
    },
    "2014-12-31": {
        "Diluted EPS": -3.06,
        "Total Revenue": NaN,
        "Gross Profit": 844,
        "Operating Income": NaN,
        "EBIT": NaN,
        "Net Income": -845
    },
    "2014-09-30": {
        "Diluted EPS": 0.69,
        "Total Revenue": NaN,
        "Gross Profit": 861,
        "Operating Income": 366,
        "EBIT": 400,
        "Net Income": 190
    },
    "2014-06-30": {
        "Diluted EPS": 1.06,
        "Total Revenue": NaN,
        "Gross Profit": 895,
        "Operating Income": 476,
        "EBIT": 509,
        "Net Income": 292
    },
    "2014-03-31": {
        "Diluted EPS": 0.89,
        "Total Revenue": NaN,
        "Gross Profit": 800,
        "Operating Income": 420,
        "EBIT": 453,
        "Net Income": 248
    },
    "2013-12-31": {
        "Diluted EPS": 0.64,
        "Total Revenue": NaN,
        "Gross Profit": 695,
        "Operating Income": 249,
        "EBIT": 283,
        "Net Income": 172
    },
    "2013-09-30": {
        "Diluted EPS": 0.77,
        "Total Revenue": NaN,
        "Gross Profit": 781,
        "Operating Income": 395,
        "EBIT": 428,
        "Net Income": 215
    },
    "2013-06-30": {
        "Diluted EPS": 0.91,
        "Total Revenue": NaN,
        "Gross Profit": 855,
        "Operating Income": 436,
        "EBIT": 471,
        "Net Income": 254
    },
    "2013-03-31": {
        "Diluted EPS": 2.59,
        "Total Revenue": NaN,
        "Gross Profit": 807,
        "Operating Income": 278,
        "EBIT": 313,
        "Net Income": 735
    },
    "2012-12-31": {
        "Diluted EPS": -0.76,
        "Total Revenue": NaN,
        "Gross Profit": 693,
        "Operating Income": 305,
        "EBIT": 342,
        "Net Income": -216
    },
    "2012-09-30": {
        "Diluted EPS": 1.1,
        "Total Revenue": NaN,
        "Gross Profit": 749,
        "Operating Income": 275,
        "EBIT": 314,
        "Net Income": 314
    },
    "2012-06-30": {
        "Diluted EPS": 0.76,
        "Total Revenue": NaN,
        "Gross Profit": 721,
        "Operating Income": 308,
        "EBIT": 342,
        "Net Income": 216
    },
    "2012-03-31": {
        "Diluted EPS": 0.43,
        "Total Revenue": NaN,
        "Gross Profit": 674,
        "Operating Income": 282,
        "EBIT": 313,
        "Net Income": 123
    },
    "2011-12-31": {
        "Diluted EPS": 0.73,
        "Total Revenue": NaN,
        "Gross Profit": 200,
        "Operating Income": 200,
        "EBIT": 21,
        "Net Income": 214
    },
    "2011-09-30": {
        "Diluted EPS": 1.21,
        "Total Revenue": NaN,
        "Gross Profit": NaN,
        "Operating Income": 607,
        "EBIT": 742,
        "Net Income": 366
    },
    "2011-06-30": {
        "Diluted EPS": 0.68,
        "Total Revenue": NaN,
        "Gross Profit": 964,
        "Operating Income": 358,
        "EBIT": 458,
        "Net Income": 211
    },
    "2011-03-31": {
        "Diluted EPS": 0.39,
        "Total Revenue": NaN,
        "Gross Profit": 758,
        "Operating Income": 216,
        "EBIT": 286,
        "Net Income": 120
    },
    "2010-12-31": {
        "Diluted EPS": 0.5,
        "Total Revenue": NaN,
        "Gross Profit": 267,
        "Operating Income": 267,
        "EBIT": 45,
        "Net Income": 154
    },
    "2010-09-30": {
        "Diluted EPS": 1.23,
        "Total Revenue": NaN,
        "Gross Profit": NaN,
        "Operating Income": 630,
        "EBIT": 781,
        "Net Income": 380
    },
    "2010-06-30": {
        "Diluted EPS": 0.61,
        "Total Revenue": NaN,
        "Gross Profit": 913,
        "Operating Income": 326,
        "EBIT": 440,
        "Net Income": 191
    },
    "2010-03-31": {
        "Diluted EPS": 0.33,
        "Total Revenue": NaN,
        "Gross Profit": 714,
        "Operating Income": 190,
        "EBIT": 257,
        "Net Income": 103
    },
    "2009-12-31": {
        "Diluted EPS": 0.54,
        "Total Revenue": NaN,
        "Gross Profit": 849,
        "Operating Income": 282,
        "EBIT": 397,
        "Net Income": 168
    },
    "2009-09-30": {
        "Diluted EPS": 1.07,
        "Total Revenue": NaN,
        "Gross Profit": NaN,
        "Operating Income": 556,
        "EBIT": 720,
        "Net Income": 336
    },
    "2009-06-30": {
        "Diluted EPS": 0.52,
        "Total Revenue": NaN,
        "Gross Profit": 883,
        "Operating Income": 296,
        "EBIT": 408,
        "Net Income": 164
    },
    "2009-03-31": {
        "Diluted EPS": 0.2,
        "Total Revenue": NaN,
        "Gross Profit": 659,
        "Operating Income": 124,
        "EBIT": 195,
        "Net Income": 63
    },
    "2023-09-30": {
        "Tax Effect Of Unusual Items": NaN,
        "Tax Rate For Calcs": NaN,
        "Normalized EBITDA": NaN,
        "Total Unusual Items": NaN,
        "Total Unusual Items Excluding Goodwill": NaN,
        "Net Income From Continuing Operation Net Minority Interest": NaN,
        "Reconciled Depreciation": NaN,
        "Reconciled Cost Of Revenue": NaN,
        "EBITDA": NaN,
        "EBIT": NaN,
        "Net Interest Income": NaN,
        "Interest Expense": NaN,
        "Normalized Income": NaN,
        "Net Income From Continuing And Discontinued Operation": NaN,
        "Total Expenses": NaN,
        "Total Operating Income As Reported": NaN,
        "Diluted Average Shares": NaN,
        "Basic Average Shares": NaN,
        "Diluted EPS": NaN,
        "Basic EPS": NaN,
        "Diluted NI Availto Com Stockholders": NaN,
        "Net Income Common Stockholders": NaN,
        "Net Income": NaN,
        "Minority Interests": NaN,
        "Net Income Including Noncontrolling Interests": NaN,
        "Net Income Continuous Operations": NaN,
        "Tax Provision": NaN,
        "Pretax Income": NaN,
        "Other Income Expense": NaN,
        "Other Non Operating Income Expenses": 6000000.0,
        "Special Income Charges": NaN,
        "Gain On Sale Of Business": NaN,
        "Earnings From Equity Interest": NaN,
        "Gain On Sale Of Security": NaN,
        "Net Non Operating Interest Income Expense": NaN,
        "Interest Expense Non Operating": NaN,
        "Operating Income": NaN,
        "Operating Expense": NaN,
        "Depreciation Amortization Depletion Income Statement": NaN,
        "Depreciation And Amortization In Income Statement": NaN,
        "Amortization": NaN,
        "Amortization Of Intangibles Income Statement": NaN,
        "Depreciation Income Statement": NaN,
        "Selling General And Administration": NaN,
        "Gross Profit": NaN,
        "Cost Of Revenue": NaN,
        "Total Revenue": NaN,
        "Operating Revenue": NaN
    },
    "2023-12-31": {
        "Tax Effect Of Unusual Items": NaN,
        "Tax Rate For Calcs": NaN,
        "Normalized EBITDA": NaN,
        "Total Unusual Items": NaN,
        "Total Unusual Items Excluding Goodwill": NaN,
        "Net Income From Continuing Operation Net Minority Interest": NaN,
        "Reconciled Depreciation": NaN,
        "Reconciled Cost Of Revenue": NaN,
        "EBITDA": NaN,
        "EBIT": NaN,
        "Net Interest Income": NaN,
        "Interest Expense": NaN,
        "Normalized Income": NaN,
        "Net Income From Continuing And Discontinued Operation": NaN,
        "Total Expenses": NaN,
        "Total Operating Income As Reported": NaN,
        "Diluted Average Shares": NaN,
        "Basic Average Shares": NaN,
        "Diluted EPS": NaN,
        "Basic EPS": NaN,
        "Diluted NI Availto Com Stockholders": NaN,
        "Net Income Common Stockholders": NaN,
        "Net Income": NaN,
        "Minority Interests": NaN,
        "Net Income Including Noncontrolling Interests": NaN,
        "Net Income Continuous Operations": NaN,
        "Tax Provision": NaN,
        "Pretax Income": NaN,
        "Other Income Expense": NaN,
        "Other Non Operating Income Expenses": NaN,
        "Special Income Charges": -1000000.0,
        "Gain On Sale Of Business": -1000000.0,
        "Earnings From Equity Interest": NaN,
        "Gain On Sale Of Security": NaN,
        "Net Non Operating Interest Income Expense": NaN,
        "Interest Expense Non Operating": NaN,
        "Operating Income": NaN,
        "Operating Expense": NaN,
        "Depreciation Amortization Depletion Income Statement": NaN,
        "Depreciation And Amortization In Income Statement": NaN,
        "Amortization": NaN,
        "Amortization Of Intangibles Income Statement": NaN,
        "Depreciation Income Statement": NaN,
        "Selling General And Administration": NaN,
        "Gross Profit": NaN,
        "Cost Of Revenue": NaN,
        "Total Revenue": NaN,
        "Operating Revenue": NaN
    },
    "2024-03-31": {
        "Tax Effect Of Unusual Items": NaN,
        "Tax Rate For Calcs": NaN,
        "Normalized EBITDA": NaN,
        "Total Unusual Items": NaN,
        "Total Unusual Items Excluding Goodwill": NaN,
        "Net Income From Continuing Operation Net Minority Interest": NaN,
        "Reconciled Depreciation": NaN,
        "Reconciled Cost Of Revenue": NaN,
        "EBITDA": NaN,
        "EBIT": NaN,
        "Net Interest Income": NaN,
        "Interest Expense": NaN,
        "Normalized Income": NaN,
        "Net Income From Continuing And Discontinued Operation": NaN,
        "Total Expenses": NaN,
        "Total Operating Income As Reported": NaN,
        "Diluted Average Shares": NaN,
        "Basic Average Shares": NaN,
        "Diluted EPS": NaN,
        "Basic EPS": NaN,
        "Diluted NI Availto Com Stockholders": NaN,
        "Net Income Common Stockholders": NaN,
        "Net Income": NaN,
        "Minority Interests": NaN,
        "Net Income Including Noncontrolling Interests": NaN,
        "Net Income Continuous Operations": NaN,
        "Tax Provision": NaN,
        "Pretax Income": NaN,
        "Other Income Expense": NaN,
        "Other Non Operating Income Expenses": NaN,
        "Special Income Charges": 0.0,
        "Gain On Sale Of Business": 0.0,
        "Earnings From Equity Interest": NaN,
        "Gain On Sale Of Security": NaN,
        "Net Non Operating Interest Income Expense": NaN,
        "Interest Expense Non Operating": NaN,
        "Operating Income": NaN,
        "Operating Expense": NaN,
        "Depreciation Amortization Depletion Income Statement": NaN,
        "Depreciation And Amortization In Income Statement": NaN,
        "Amortization": NaN,
        "Amortization Of Intangibles Income Statement": NaN,
        "Depreciation Income Statement": NaN,
        "Selling General And Administration": NaN,
        "Gross Profit": NaN,
        "Cost Of Revenue": NaN,
        "Total Revenue": NaN,
        "Operating Revenue": NaN
    },
    "2024-06-30": {
        "Tax Effect Of Unusual Items": NaN,
        "Tax Rate For Calcs": NaN,
        "Normalized EBITDA": NaN,
        "Total Unusual Items": NaN,
        "Total Unusual Items Excluding Goodwill": NaN,
        "Net Income From Continuing Operation Net Minority Interest": NaN,
        "Reconciled Depreciation": NaN,
        "Reconciled Cost Of Revenue": NaN,
        "EBITDA": NaN,
        "EBIT": NaN,
        "Net Interest Income": NaN,
        "Interest Expense": NaN,
        "Normalized Income": NaN,
        "Net Income From Continuing And Discontinued Operation": NaN,
        "Total Expenses": NaN,
        "Total Operating Income As Reported": NaN,
        "Diluted Average Shares": NaN,
        "Basic Average Shares": NaN,
        "Diluted EPS": NaN,
        "Basic EPS": NaN,
        "Diluted NI Availto Com Stockholders": NaN,
        "Net Income Common Stockholders": NaN,
        "Net Income": NaN,
        "Minority Interests": NaN,
        "Net Income Including Noncontrolling Interests": NaN,
        "Net Income Continuous Operations": NaN,
        "Tax Provision": NaN,
        "Pretax Income": NaN,
        "Other Income Expense": NaN,
        "Other Non Operating Income Expenses": NaN,
        "Special Income Charges": 0.0,
        "Gain On Sale Of Business": 0.0,
        "Earnings From Equity Interest": NaN,
        "Gain On Sale Of Security": NaN,
        "Net Non Operating Interest Income Expense": NaN,
        "Interest Expense Non Operating": NaN,
        "Operating Income": NaN,
        "Operating Expense": NaN,
        "Depreciation Amortization Depletion Income Statement": NaN,
        "Depreciation And Amortization In Income Statement": NaN,
        "Amortization": NaN,
        "Amortization Of Intangibles Income Statement": NaN,
        "Depreciation Income Statement": NaN,
        "Selling General And Administration": NaN,
        "Gross Profit": NaN,
        "Cost Of Revenue": NaN,
        "Total Revenue": NaN,
        "Operating Revenue": NaN
    },
    "2024-09-30": {
        "Tax Effect Of Unusual Items": 3220000.0,
        "Tax Rate For Calcs": 0.23,
        "Normalized EBITDA": 1712000000.0,
        "Total Unusual Items": 14000000.0,
        "Total Unusual Items Excluding Goodwill": 14000000.0,
        "Net Income From Continuing Operation Net Minority Interest": 971000000.0,
        "Reconciled Depreciation": 294000000.0,
        "Reconciled Cost Of Revenue": 1064000000.0,
        "EBITDA": 1726000000.0,
        "EBIT": 1432000000.0,
        "Net Interest Income": -72000000.0,
        "Interest Expense": 72000000.0,
        "Normalized Income": 960220000.0,
        "Net Income From Continuing And Discontinued Operation": 971000000.0,
        "Total Expenses": 2173000000.0,
        "Total Operating Income As Reported": 1434000000.0,
        "Diluted Average Shares": 311500000.0,
        "Basic Average Shares": 311200000.0,
        "Diluted EPS": 3.11,
        "Basic EPS": 3.12,
        "Diluted NI Availto Com Stockholders": 971000000.0,
        "Net Income Common Stockholders": 971000000.0,
        "Net Income": 971000000.0,
        "Minority Interests": -76000000.0,
        "Net Income Including Noncontrolling Interests": 1047000000.0,
        "Net Income Continuous Operations": 1047000000.0,
        "Tax Provision": 313000000.0,
        "Pretax Income": 1360000000.0,
        "Other Income Expense": 30000000.0,
        "Other Non Operating Income Expenses": 5000000.0,
        "Special Income Charges": 21000000.0,
        "Gain On Sale Of Business": 21000000.0,
        "Earnings From Equity Interest": 11000000.0,
        "Gain On Sale Of Security": -7000000.0,
        "Net Non Operating Interest Income Expense": -72000000.0,
        "Interest Expense Non Operating": 72000000.0,
        "Operating Income": 1402000000.0,
        "Operating Expense": 1108000000.0,
        "Depreciation Amortization Depletion Income Statement": 293000000.0,
        "Depreciation And Amortization In Income Statement": 293000000.0,
        "Amortization": 271000000.0,
        "Amortization Of Intangibles Income Statement": 271000000.0,
        "Depreciation Income Statement": 22000000.0,
        "Selling General And Administration": 815000000.0,
        "Gross Profit": 2510000000.0,
        "Cost Of Revenue": 1065000000.0,
        "Total Revenue": 3575000000.0,
        "Operating Revenue": 3575000000.0
    },
    "2024-12-31": {
        "Tax Effect Of Unusual Items": 10527910.685805,
        "Tax Rate For Calcs": 0.228868,
        "Normalized EBITDA": 1578000000.0,
        "Total Unusual Items": 46000000.0,
        "Total Unusual Items Excluding Goodwill": 46000000.0,
        "Net Income From Continuing Operation Net Minority Interest": 880000000.0,
        "Reconciled Depreciation": 300000000.0,
        "Reconciled Cost Of Revenue": 1114000000.0,
        "EBITDA": 1624000000.0,
        "EBIT": 1324000000.0,
        "Net Interest Income": -70000000.0,
        "Interest Expense": 70000000.0,
        "Normalized Income": 844527910.685805,
        "Net Income From Continuing And Discontinued Operation": 880000000.0,
        "Total Expenses": 2333000000.0,
        "Total Operating Income As Reported": 1309000000.0,
        "Diluted Average Shares": 308900000.0,
        "Basic Average Shares": 308500000.0,
        "Diluted EPS": 2.85,
        "Basic EPS": 2.85,
        "Diluted NI Availto Com Stockholders": 880000000.0,
        "Net Income Common Stockholders": 880000000.0,
        "Net Income": 880000000.0,
        "Minority Interests": -87000000.0,
        "Net Income Including Noncontrolling Interests": 967000000.0,
        "Net Income Continuous Operations": 967000000.0,
        "Tax Provision": 287000000.0,
        "Pretax Income": 1254000000.0,
        "Other Income Expense": 65000000.0,
        "Other Non Operating Income Expenses": 7000000.0,
        "Special Income Charges": 38000000.0,
        "Gain On Sale Of Business": 38000000.0,
        "Earnings From Equity Interest": 12000000.0,
        "Gain On Sale Of Security": 8000000.0,
        "Net Non Operating Interest Income Expense": -70000000.0,
        "Interest Expense Non Operating": 70000000.0,
        "Operating Income": 1259000000.0,
        "Operating Expense": 1219000000.0,
        "Depreciation Amortization Depletion Income Statement": 300000000.0,
        "Depreciation And Amortization In Income Statement": 300000000.0,
        "Amortization": 274000000.0,
        "Amortization Of Intangibles Income Statement": 274000000.0,
        "Depreciation Income Statement": 26000000.0,
        "Selling General And Administration": 919000000.0,
        "Gross Profit": 2478000000.0,
        "Cost Of Revenue": 1114000000.0,
        "Total Revenue": 3592000000.0,
        "Operating Revenue": 3592000000.0
    },
    "2025-03-31": {
        "Tax Effect Of Unusual Items": -2170000.0,
        "Tax Rate For Calcs": 0.217,
        "Normalized EBITDA": 1877000000.0,
        "Total Unusual Items": -10000000.0,
        "Total Unusual Items Excluding Goodwill": -10000000.0,
        "Net Income From Continuing Operation Net Minority Interest": 1090000000.0,
        "Reconciled Depreciation": 293000000.0,
        "Reconciled Cost Of Revenue": 1153000000.0,
        "EBITDA": 1867000000.0,
        "EBIT": 1574000000.0,
        "Net Interest Income": -78000000.0,
        "Interest Expense": 78000000.0,
        "Normalized Income": 1097830000.0,
        "Net Income From Continuing And Discontinued Operation": 1090000000.0,
        "Total Expenses": 2210000000.0,
        "Total Operating Income As Reported": 1578000000.0,
        "Diluted Average Shares": 307700000.0,
        "Basic Average Shares": 307300000.0,
        "Diluted EPS": 3.54,
        "Basic EPS": 3.55,
        "Diluted NI Availto Com Stockholders": 1090000000.0,
        "Net Income Common Stockholders": 1090000000.0,
        "Net Income": 1090000000.0,
        "Minority Interests": -81000000.0,
        "Net Income Including Noncontrolling Interests": 1171000000.0,
        "Net Income Continuous Operations": 1171000000.0,
        "Tax Provision": 325000000.0,
        "Pretax Income": 1496000000.0,
        "Other Income Expense": 7000000.0,
        "Other Non Operating Income Expenses": 6000000.0,
        "Special Income Charges": NaN,
        "Gain On Sale Of Business": NaN,
        "Earnings From Equity Interest": 11000000.0,
        "Gain On Sale Of Security": -10000000.0,
        "Net Non Operating Interest Income Expense": -78000000.0,
        "Interest Expense Non Operating": 78000000.0,
        "Operating Income": 1567000000.0,
        "Operating Expense": 1057000000.0,
        "Depreciation Amortization Depletion Income Statement": 293000000.0,
        "Depreciation And Amortization In Income Statement": 293000000.0,
        "Amortization": 268000000.0,
        "Amortization Of Intangibles Income Statement": 268000000.0,
        "Depreciation Income Statement": 25000000.0,
        "Selling General And Administration": 764000000.0,
        "Gross Profit": 2624000000.0,
        "Cost Of Revenue": 1153000000.0,
        "Total Revenue": 3777000000.0,
        "Operating Revenue": 3777000000.0
    },
    "2025-06-30": {
        "Tax Effect Of Unusual Items": 5928000.0,
        "Tax Rate For Calcs": 0.228,
        "Normalized EBITDA": 1849000000.0,
        "Total Unusual Items": 26000000.0,
        "Total Unusual Items Excluding Goodwill": 26000000.0,
        "Net Income From Continuing Operation Net Minority Interest": 1072000000.0,
        "Reconciled Depreciation": 295000000.0,
        "Reconciled Cost Of Revenue": 1120000000.0,
        "EBITDA": 1875000000.0,
        "EBIT": 1579000000.0,
        "Net Interest Income": -77000000.0,
        "Interest Expense": 77000000.0,
        "Normalized Income": 1051928000.0,
        "Net Income From Continuing And Discontinued Operation": 1072000000.0,
        "Total Expenses": 2218000000.0,
        "Total Operating Income As Reported": 1551000000.0,
        "Diluted Average Shares": 306100000.0,
        "Basic Average Shares": 305900000.0,
        "Diluted EPS": 3.5,
        "Basic EPS": 3.5,
        "Diluted NI Availto Com Stockholders": 1072000000.0,
        "Net Income Common Stockholders": 1072000000.0,
        "Net Income": 1072000000.0,
        "Minority Interests": -88000000.0,
        "Net Income Including Noncontrolling Interests": 1160000000.0,
        "Net Income Continuous Operations": 1160000000.0,
        "Tax Provision": 342000000.0,
        "Pretax Income": 1502000000.0,
        "Other Income Expense": 42000000.0,
        "Other Non Operating Income Expenses": 5000000.0,
        "Special Income Charges": 3000000.0,
        "Gain On Sale Of Business": 3000000.0,
        "Earnings From Equity Interest": 11000000.0,
        "Gain On Sale Of Security": 23000000.0,
        "Net Non Operating Interest Income Expense": -77000000.0,
        "Interest Expense Non Operating": 77000000.0,
        "Operating Income": 1537000000.0,
        "Operating Expense": 1099000000.0,
        "Depreciation Amortization Depletion Income Statement": 296000000.0,
        "Depreciation And Amortization In Income Statement": 296000000.0,
        "Amortization": 270000000.0,
        "Amortization Of Intangibles Income Statement": 270000000.0,
        "Depreciation Income Statement": 26000000.0,
        "Selling General And Administration": 803000000.0,
        "Gross Profit": 2636000000.0,
        "Cost Of Revenue": 1119000000.0,
        "Total Revenue": 3755000000.0,
        "Operating Revenue": 3755000000.0
    },
    "2025-09-30": {
        "Tax Effect Of Unusual Items": -624000.0,
        "Tax Rate For Calcs": 0.208,
        "Normalized EBITDA": 1974000000.0,
        "Total Unusual Items": -3000000.0,
        "Total Unusual Items Excluding Goodwill": -3000000.0,
        "Net Income From Continuing Operation Net Minority Interest": 1176000000.0,
        "Reconciled Depreciation": 294000000.0,
        "Reconciled Cost Of Revenue": 1121000000.0,
        "EBITDA": 1971000000.0,
        "EBIT": 1677000000.0,
        "Net Interest Income": -79000000.0,
        "Interest Expense": 79000000.0,
        "Normalized Income": 1178376000.0,
        "Net Income From Continuing And Discontinued Operation": 1176000000.0,
        "Total Expenses": 2220000000.0,
        "Total Operating Income As Reported": 1675000000.0,
        "Diluted Average Shares": 304500000.0,
        "Basic Average Shares": 304300000.0,
        "Diluted EPS": 3.86,
        "Basic EPS": 3.86,
        "Diluted NI Availto Com Stockholders": 1176000000.0,
        "Net Income Common Stockholders": 1176000000.0,
        "Net Income": 1176000000.0,
        "Minority Interests": -89000000.0,
        "Net Income Including Noncontrolling Interests": 1265000000.0,
        "Net Income Continuous Operations": 1265000000.0,
        "Tax Provision": 333000000.0,
        "Pretax Income": 1598000000.0,
        "Other Income Expense": 9000000.0,
        "Other Non Operating Income Expenses": 5000000.0,
        "Special Income Charges": 0.0,
        "Gain On Sale Of Business": 0.0,
        "Earnings From Equity Interest": 7000000.0,
        "Gain On Sale Of Security": -3000000.0,
        "Net Non Operating Interest Income Expense": -79000000.0,
        "Interest Expense Non Operating": 79000000.0,
        "Operating Income": 1668000000.0,
        "Operating Expense": 1099000000.0,
        "Depreciation Amortization Depletion Income Statement": 294000000.0,
        "Depreciation And Amortization In Income Statement": 294000000.0,
        "Amortization": 266000000.0,
        "Amortization Of Intangibles Income Statement": 266000000.0,
        "Depreciation Income Statement": 28000000.0,
        "Selling General And Administration": 805000000.0,
        "Gross Profit": 2767000000.0,
        "Cost Of Revenue": 1121000000.0,
        "Total Revenue": 3888000000.0,
        "Operating Revenue": 3888000000.0
    }
}