{
    "2023-03-31": {
        "Tax Effect Of Unusual Items": 387660.0,
        "Tax Rate For Calcs": 0.21,
        "Normalized EBITDA": -10532000.0,
        "Total Unusual Items": 1846000.0,
        "Total Unusual Items Excluding Goodwill": 1846000.0,
        "Net Income From Continuing Operation Net Minority Interest": -17673000.0,
        "Reconciled Depreciation": 4140000.0,
        "Reconciled Cost Of Revenue": 10360000.0,
        "EBITDA": -8686000.0,
        "EBIT": -12826000.0,
        "Net Interest Income": -4013000.0,
        "Interest Expense": 4578000.0,
        "Interest Income": 565000.0,
        "Normalized Income": -19131340.0,
        "Net Income From Continuing And Discontinued Operation": -17673000.0,
        "Total Expenses": 38643000.0,
        "Total Operating Income As Reported": -14475000.0,
        "Diluted Average Shares": 18096363.0,
        "Basic Average Shares": 18096363.0,
        "Diluted EPS": -0.98,
        "Basic EPS": -0.98,
        "Diluted NI Availto Com Stockholders": -17673000.0,
        "Net Income Common Stockholders": -17673000.0,
        "Net Income": -17673000.0,
        "Net Income Including Noncontrolling Interests": -17673000.0,
        "Net Income Continuous Operations": -17673000.0,
        "Tax Provision": 269000.0,
        "Pretax Income": -17404000.0,
        "Other Income Expense": 1084000.0,
        "Other Non Operating Income Expenses": -762000.0,
        "Special Income Charges": 76000.0,
        "Other Special Charges": NaN,
        "Restructuring And Mergern Acquisition": -76000.0,
        "Gain On Sale Of Security": 1770000.0,
        "Net Non Operating Interest Income Expense": -4013000.0,
        "Interest Expense Non Operating": 4578000.0,
        "Interest Income Non Operating": 565000.0,
        "Operating Income": -14475000.0,
        "Operating Expense": 28283000.0,
        "Research And Development": 9663000.0,
        "Selling General And Administration": 18620000.0,
        "Selling And Marketing Expense": 6850000.0,
        "General And Administrative Expense": 11770000.0,
        "Other Gand A": 11770000.0,
        "Gross Profit": 13808000.0,
        "Cost Of Revenue": 10360000.0,
        "Total Revenue": 24168000.0,
        "Operating Revenue": 24168000.0
    },
    "2022-12-31": {
        "Tax Effect Of Unusual Items": NaN,
        "Tax Rate For Calcs": NaN,
        "Normalized EBITDA": NaN,
        "Total Unusual Items": NaN,
        "Total Unusual Items Excluding Goodwill": NaN,
        "Net Income From Continuing Operation Net Minority Interest": NaN,
        "Reconciled Depreciation": NaN,
        "Reconciled Cost Of Revenue": NaN,
        "EBITDA": NaN,
        "EBIT": NaN,
        "Net Interest Income": NaN,
        "Interest Expense": NaN,
        "Interest Income": NaN,
        "Normalized Income": NaN,
        "Net Income From Continuing And Discontinued Operation": NaN,
        "Total Expenses": NaN,
        "Total Operating Income As Reported": NaN,
        "Diluted Average Shares": NaN,
        "Basic Average Shares": NaN,
        "Diluted EPS": NaN,
        "Basic EPS": NaN,
        "Diluted NI Availto Com Stockholders": NaN,
        "Net Income Common Stockholders": NaN,
        "Net Income": NaN,
        "Net Income Including Noncontrolling Interests": NaN,
        "Net Income Continuous Operations": NaN,
        "Tax Provision": NaN,
        "Pretax Income": NaN,
        "Other Income Expense": NaN,
        "Other Non Operating Income Expenses": NaN,
        "Special Income Charges": NaN,
        "Other Special Charges": 549000.0,
        "Restructuring And Mergern Acquisition": NaN,
        "Gain On Sale Of Security": NaN,
        "Net Non Operating Interest Income Expense": NaN,
        "Interest Expense Non Operating": NaN,
        "Interest Income Non Operating": NaN,
        "Operating Income": NaN,
        "Operating Expense": NaN,
        "Research And Development": NaN,
        "Selling General And Administration": NaN,
        "Selling And Marketing Expense": NaN,
        "General And Administrative Expense": NaN,
        "Other Gand A": NaN,
        "Gross Profit": NaN,
        "Cost Of Revenue": NaN,
        "Total Revenue": NaN,
        "Operating Revenue": NaN
    },
    "2022-09-30": {
        "Tax Effect Of Unusual Items": NaN,
        "Tax Rate For Calcs": NaN,
        "Normalized EBITDA": NaN,
        "Total Unusual Items": NaN,
        "Total Unusual Items Excluding Goodwill": NaN,
        "Net Income From Continuing Operation Net Minority Interest": NaN,
        "Reconciled Depreciation": NaN,
        "Reconciled Cost Of Revenue": NaN,
        "EBITDA": NaN,
        "EBIT": NaN,
        "Net Interest Income": NaN,
        "Interest Expense": NaN,
        "Interest Income": NaN,
        "Normalized Income": NaN,
        "Net Income From Continuing And Discontinued Operation": NaN,
        "Total Expenses": NaN,
        "Total Operating Income As Reported": NaN,
        "Diluted Average Shares": 17492871.0,
        "Basic Average Shares": 17492871.0,
        "Diluted EPS": -1.25,
        "Basic EPS": -1.25,
        "Diluted NI Availto Com Stockholders": NaN,
        "Net Income Common Stockholders": NaN,
        "Net Income": NaN,
        "Net Income Including Noncontrolling Interests": NaN,
        "Net Income Continuous Operations": NaN,
        "Tax Provision": NaN,
        "Pretax Income": NaN,
        "Other Income Expense": NaN,
        "Other Non Operating Income Expenses": NaN,
        "Special Income Charges": NaN,
        "Other Special Charges": NaN,
        "Restructuring And Mergern Acquisition": NaN,
        "Gain On Sale Of Security": NaN,
        "Net Non Operating Interest Income Expense": NaN,
        "Interest Expense Non Operating": NaN,
        "Interest Income Non Operating": NaN,
        "Operating Income": NaN,
        "Operating Expense": NaN,
        "Research And Development": NaN,
        "Selling General And Administration": NaN,
        "Selling And Marketing Expense": NaN,
        "General And Administrative Expense": NaN,
        "Other Gand A": NaN,
        "Gross Profit": NaN,
        "Cost Of Revenue": NaN,
        "Total Revenue": NaN,
        "Operating Revenue": NaN
    },
    "2022-06-30": {
        "Tax Effect Of Unusual Items": -7373200.0,
        "Tax Rate For Calcs": 0.4,
        "Normalized EBITDA": -14102000.0,
        "Total Unusual Items": -18433000.0,
        "Total Unusual Items Excluding Goodwill": -18433000.0,
        "Net Income From Continuing Operation Net Minority Interest": -40455000.0,
        "Reconciled Depreciation": 5073000.0,
        "Reconciled Cost Of Revenue": 9573000.0,
        "EBITDA": -32535000.0,
        "EBIT": -37608000.0,
        "Net Interest Income": -2679000.0,
        "Interest Expense": 2785000.0,
        "Interest Income": 106000.0,
        "Normalized Income": -29395200.0,
        "Net Income From Continuing And Discontinued Operation": -40455000.0,
        "Total Expenses": 35800000.0,
        "Total Operating Income As Reported": -16405000.0,
        "Diluted Average Shares": 17460934.0,
        "Basic Average Shares": 17460934.0,
        "Diluted EPS": -2.16,
        "Basic EPS": -2.16,
        "Diluted NI Availto Com Stockholders": -40455000.0,
        "Net Income Common Stockholders": -40455000.0,
        "Net Income": -40455000.0,
        "Net Income Including Noncontrolling Interests": -40455000.0,
        "Net Income Continuous Operations": -40455000.0,
        "Tax Provision": 62000.0,
        "Pretax Income": -40393000.0,
        "Other Income Expense": -21309000.0,
        "Other Non Operating Income Expenses": -2876000.0,
        "Special Income Charges": -22330000.0,
        "Other Special Charges": 22510000.0,
        "Restructuring And Mergern Acquisition": -180000.0,
        "Gain On Sale Of Security": 3897000.0,
        "Net Non Operating Interest Income Expense": -2679000.0,
        "Interest Expense Non Operating": 2785000.0,
        "Interest Income Non Operating": 106000.0,
        "Operating Income": -16405000.0,
        "Operating Expense": 26227000.0,
        "Research And Development": 8225000.0,
        "Selling General And Administration": 18002000.0,
        "Selling And Marketing Expense": 6728000.0,
        "General And Administrative Expense": 11274000.0,
        "Other Gand A": 11274000.0,
        "Gross Profit": 9822000.0,
        "Cost Of Revenue": 9573000.0,
        "Total Revenue": 19395000.0,
        "Operating Revenue": 19395000.0
    },
    "2022-03-31": {
        "Diluted EPS": -0.08,
        "Total Revenue": 18,
        "Gross Profit": 8,
        "Operating Income": -20,
        "EBIT": -13,
        "Net Income": -12
    },
    "2021-12-31": {
        "Diluted EPS": 2.77,
        "Total Revenue": 15,
        "Gross Profit": 9,
        "Operating Income": -24,
        "EBIT": -20,
        "Net Income": 65
    },
    "2021-09-30": {
        "Diluted EPS": -0.83,
        "Total Revenue": 10,
        "Gross Profit": 4,
        "Operating Income": -17,
        "EBIT": -14,
        "Net Income": -56
    },
    "2021-06-30": {
        "Diluted EPS": -1.44,
        "Total Revenue": 9,
        "Gross Profit": 5,
        "Operating Income": -14,
        "EBIT": -11,
        "Net Income": -27
    },
    "2021-03-31": {
        "Diluted EPS": -1.11,
        "Total Revenue": 10,
        "Gross Profit": 6,
        "Operating Income": -13,
        "EBIT": -11,
        "Net Income": -20
    },
    "2020-12-31": {
        "Diluted EPS": 0.0,
        "Total Revenue": NaN,
        "Gross Profit": NaN,
        "Operating Income": NaN,
        "EBIT": NaN,
        "Net Income": NaN
    },
    "2020-09-30": {
        "Diluted EPS": -0.43,
        "Total Revenue": 7,
        "Gross Profit": 5,
        "Operating Income": -7,
        "EBIT": -7,
        "Net Income": -8
    },
    "2020-06-30": {
        "Diluted EPS": 0.0,
        "Total Revenue": NaN,
        "Gross Profit": NaN,
        "Operating Income": 0,
        "EBIT": 0,
        "Net Income": 0
    },
    "2023-06-30": {
        "Tax Effect Of Unusual Items": NaN,
        "Tax Rate For Calcs": NaN,
        "Normalized EBITDA": NaN,
        "Total Unusual Items": NaN,
        "Total Unusual Items Excluding Goodwill": NaN,
        "Net Income From Continuing Operation Net Minority Interest": NaN,
        "Reconciled Depreciation": NaN,
        "Reconciled Cost Of Revenue": NaN,
        "EBITDA": NaN,
        "EBIT": NaN,
        "Net Interest Income": NaN,
        "Interest Expense": NaN,
        "Interest Income": NaN,
        "Normalized Income": NaN,
        "Net Income From Continuing And Discontinued Operation": NaN,
        "Total Expenses": NaN,
        "Total Operating Income As Reported": NaN,
        "Diluted Average Shares": 18468949.0,
        "Basic Average Shares": 18468949.0,
        "Diluted EPS": -0.99,
        "Basic EPS": -0.99,
        "Diluted NI Availto Com Stockholders": NaN,
        "Net Income Common Stockholders": NaN,
        "Net Income": NaN,
        "Net Income Including Noncontrolling Interests": NaN,
        "Net Income Continuous Operations": NaN,
        "Tax Provision": NaN,
        "Pretax Income": NaN,
        "Other Income Expense": NaN,
        "Other Non Operating Income Expenses": NaN,
        "Special Income Charges": NaN,
        "Other Special Charges": NaN,
        "Restructuring And Mergern Acquisition": NaN,
        "Gain On Sale Of Security": NaN,
        "Net Non Operating Interest Income Expense": NaN,
        "Interest Expense Non Operating": NaN,
        "Interest Income Non Operating": NaN,
        "Operating Income": NaN,
        "Operating Expense": NaN,
        "Provision For Doubtful Accounts": 0.0,
        "Research And Development": NaN,
        "Selling General And Administration": NaN,
        "Selling And Marketing Expense": NaN,
        "General And Administrative Expense": NaN,
        "Other Gand A": NaN,
        "Gross Profit": NaN,
        "Cost Of Revenue": NaN,
        "Total Revenue": NaN,
        "Operating Revenue": NaN
    },
    "2023-09-30": {
        "Tax Effect Of Unusual Items": NaN,
        "Tax Rate For Calcs": NaN,
        "Normalized EBITDA": NaN,
        "Total Unusual Items": NaN,
        "Total Unusual Items Excluding Goodwill": NaN,
        "Net Income From Continuing Operation Net Minority Interest": NaN,
        "Reconciled Depreciation": NaN,
        "Reconciled Cost Of Revenue": NaN,
        "EBITDA": NaN,
        "EBIT": NaN,
        "Net Interest Income": NaN,
        "Interest Expense": NaN,
        "Interest Income": NaN,
        "Normalized Income": NaN,
        "Net Income From Continuing And Discontinued Operation": NaN,
        "Total Expenses": NaN,
        "Total Operating Income As Reported": NaN,
        "Diluted Average Shares": 20756394.0,
        "Basic Average Shares": 20756394.0,
        "Diluted EPS": -1.12,
        "Basic EPS": -1.12,
        "Diluted NI Availto Com Stockholders": NaN,
        "Net Income Common Stockholders": NaN,
        "Net Income": NaN,
        "Net Income Including Noncontrolling Interests": NaN,
        "Net Income Continuous Operations": NaN,
        "Tax Provision": NaN,
        "Pretax Income": NaN,
        "Other Income Expense": NaN,
        "Other Non Operating Income Expenses": NaN,
        "Special Income Charges": NaN,
        "Other Special Charges": NaN,
        "Restructuring And Mergern Acquisition": NaN,
        "Gain On Sale Of Security": NaN,
        "Net Non Operating Interest Income Expense": NaN,
        "Interest Expense Non Operating": NaN,
        "Interest Income Non Operating": NaN,
        "Operating Income": NaN,
        "Operating Expense": NaN,
        "Provision For Doubtful Accounts": NaN,
        "Research And Development": NaN,
        "Selling General And Administration": NaN,
        "Selling And Marketing Expense": NaN,
        "General And Administrative Expense": NaN,
        "Other Gand A": NaN,
        "Gross Profit": NaN,
        "Cost Of Revenue": NaN,
        "Total Revenue": NaN,
        "Operating Revenue": NaN
    },
    "2023-12-31": {
        "Tax Effect Of Unusual Items": -59435.405193,
        "Tax Rate For Calcs": 0.038395,
        "Normalized EBITDA": 1188000.0,
        "Total Unusual Items": -1548000.0,
        "Total Unusual Items Excluding Goodwill": -1548000.0,
        "Net Income From Continuing Operation Net Minority Interest": -12222000.0,
        "Reconciled Depreciation": 7329000.0,
        "Reconciled Cost Of Revenue": 12886000.0,
        "EBITDA": -360000.0,
        "EBIT": -7689000.0,
        "Net Interest Income": -4430000.0,
        "Interest Expense": 5021000.0,
        "Interest Income": 591000.0,
        "Normalized Income": -10733435.405193,
        "Net Income From Continuing And Discontinued Operation": -12222000.0,
        "Total Expenses": 35814000.0,
        "Total Operating Income As Reported": -8208000.0,
        "Diluted Average Shares": NaN,
        "Basic Average Shares": NaN,
        "Diluted EPS": NaN,
        "Basic EPS": NaN,
        "Diluted NI Availto Com Stockholders": -12222000.0,
        "Net Income Common Stockholders": -12222000.0,
        "Net Income": -12222000.0,
        "Net Income Including Noncontrolling Interests": -12222000.0,
        "Net Income Continuous Operations": -12222000.0,
        "Tax Provision": -488000.0,
        "Pretax Income": -12710000.0,
        "Other Income Expense": -191000.0,
        "Other Non Operating Income Expenses": 1357000.0,
        "Special Income Charges": -207000.0,
        "Other Special Charges": 119000.0,
        "Restructuring And Mergern Acquisition": 88000.0,
        "Gain On Sale Of Security": -1341000.0,
        "Net Non Operating Interest Income Expense": -4430000.0,
        "Interest Expense Non Operating": 5021000.0,
        "Interest Income Non Operating": 591000.0,
        "Operating Income": -8089000.0,
        "Operating Expense": 22928000.0,
        "Provision For Doubtful Accounts": NaN,
        "Research And Development": 8970000.0,
        "Selling General And Administration": 13958000.0,
        "Selling And Marketing Expense": 5182000.0,
        "General And Administrative Expense": 8776000.0,
        "Other Gand A": 8776000.0,
        "Gross Profit": 14839000.0,
        "Cost Of Revenue": 12886000.0,
        "Total Revenue": 27725000.0,
        "Operating Revenue": 27725000.0
    },
    "2024-03-31": {
        "Tax Effect Of Unusual Items": -3032.520643,
        "Tax Rate For Calcs": 0.000352,
        "Normalized EBITDA": -4244000.0,
        "Total Unusual Items": -8610000.0,
        "Total Unusual Items Excluding Goodwill": -8610000.0,
        "Net Income From Continuing Operation Net Minority Interest": -25544000.0,
        "Reconciled Depreciation": 7646000.0,
        "Reconciled Cost Of Revenue": 25596000.0,
        "EBITDA": -12854000.0,
        "EBIT": -20500000.0,
        "Net Interest Income": -4599000.0,
        "Interest Expense": 5053000.0,
        "Interest Income": 454000.0,
        "Normalized Income": -16937032.520643,
        "Net Income From Continuing And Discontinued Operation": -25544000.0,
        "Total Expenses": 46635000.0,
        "Total Operating Income As Reported": -11988000.0,
        "Diluted Average Shares": 21813045.0,
        "Basic Average Shares": 21813045.0,
        "Diluted EPS": -1.17,
        "Basic EPS": -1.17,
        "Diluted NI Availto Com Stockholders": -25544000.0,
        "Net Income Common Stockholders": -25544000.0,
        "Net Income": -25544000.0,
        "Net Income Including Noncontrolling Interests": -25544000.0,
        "Net Income Continuous Operations": -25544000.0,
        "Tax Provision": -9000.0,
        "Pretax Income": -25553000.0,
        "Other Income Expense": -9144000.0,
        "Other Non Operating Income Expenses": -534000.0,
        "Special Income Charges": -223000.0,
        "Other Special Charges": 178000.0,
        "Restructuring And Mergern Acquisition": 45000.0,
        "Gain On Sale Of Security": -8387000.0,
        "Net Non Operating Interest Income Expense": -4599000.0,
        "Interest Expense Non Operating": 5053000.0,
        "Interest Income Non Operating": 454000.0,
        "Operating Income": -11810000.0,
        "Operating Expense": 21039000.0,
        "Provision For Doubtful Accounts": 40000.0,
        "Research And Development": 6037000.0,
        "Selling General And Administration": 14962000.0,
        "Selling And Marketing Expense": 5118000.0,
        "General And Administrative Expense": 9844000.0,
        "Other Gand A": 9844000.0,
        "Gross Profit": 9229000.0,
        "Cost Of Revenue": 25596000.0,
        "Total Revenue": 34825000.0,
        "Operating Revenue": 34825000.0
    },
    "2024-09-30": {
        "Tax Effect Of Unusual Items": 1258950.0,
        "Tax Rate For Calcs": 0.21,
        "Normalized EBITDA": -7428000.0,
        "Total Unusual Items": 5995000.0,
        "Total Unusual Items Excluding Goodwill": 5995000.0,
        "Net Income From Continuing Operation Net Minority Interest": -12473000.0,
        "Reconciled Depreciation": 6168000.0,
        "Reconciled Cost Of Revenue": 15843000.0,
        "EBITDA": -1433000.0,
        "EBIT": -7601000.0,
        "Net Interest Income": -4421000.0,
        "Interest Expense": 4828000.0,
        "Interest Income": 407000.0,
        "Normalized Income": -17209050.0,
        "Net Income From Continuing And Discontinued Operation": -12473000.0,
        "Total Expenses": 42041000.0,
        "Total Operating Income As Reported": -13719000.0,
        "Diluted Average Shares": 24921585.0,
        "Basic Average Shares": 24921585.0,
        "Diluted EPS": -0.5,
        "Basic EPS": -0.5,
        "Diluted NI Availto Com Stockholders": -12473000.0,
        "Net Income Common Stockholders": -12473000.0,
        "Net Income": -12473000.0,
        "Net Income Including Noncontrolling Interests": -12473000.0,
        "Net Income Continuous Operations": -12473000.0,
        "Tax Provision": 44000.0,
        "Pretax Income": -12429000.0,
        "Other Income Expense": 5465000.0,
        "Other Non Operating Income Expenses": -530000.0,
        "Special Income Charges": 269000.0,
        "Other Special Charges": 246000.0,
        "Restructuring And Mergern Acquisition": -515000.0,
        "Gain On Sale Of Security": 5726000.0,
        "Net Non Operating Interest Income Expense": -4421000.0,
        "Interest Expense Non Operating": 4828000.0,
        "Interest Income Non Operating": 407000.0,
        "Operating Income": -13473000.0,
        "Operating Expense": 26198000.0,
        "Provision For Doubtful Accounts": 2609000.0,
        "Research And Development": 5631000.0,
        "Selling General And Administration": 17958000.0,
        "Selling And Marketing Expense": 5655000.0,
        "General And Administrative Expense": 12303000.0,
        "Other Gand A": 12303000.0,
        "Gross Profit": 12725000.0,
        "Cost Of Revenue": 15843000.0,
        "Total Revenue": 28568000.0,
        "Operating Revenue": 28568000.0
    },
    "2024-06-30": {
        "Tax Effect Of Unusual Items": 2100.0,
        "Tax Rate For Calcs": 0.21,
        "Normalized EBITDA": -5088000.0,
        "Total Unusual Items": 10000.0,
        "Total Unusual Items Excluding Goodwill": 10000.0,
        "Net Income From Continuing Operation Net Minority Interest": -16559000.0,
        "Reconciled Depreciation": 6641000.0,
        "Reconciled Cost Of Revenue": 14488000.0,
        "EBITDA": -5078000.0,
        "EBIT": -11719000.0,
        "Net Interest Income": -4202000.0,
        "Interest Expense": 4773000.0,
        "Interest Income": 571000.0,
        "Normalized Income": -16566900.0,
        "Net Income From Continuing And Discontinued Operation": -16559000.0,
        "Total Expenses": 37222000.0,
        "Total Operating Income As Reported": -12352000.0,
        "Diluted Average Shares": 24487484.0,
        "Basic Average Shares": 24487484.0,
        "Diluted EPS": -0.68,
        "Basic EPS": -0.68,
        "Diluted NI Availto Com Stockholders": -16559000.0,
        "Net Income Common Stockholders": -16559000.0,
        "Net Income": -16559000.0,
        "Net Income Including Noncontrolling Interests": -16559000.0,
        "Net Income Continuous Operations": -16559000.0,
        "Tax Provision": 67000.0,
        "Pretax Income": -16492000.0,
        "Other Income Expense": -467000.0,
        "Other Non Operating Income Expenses": -477000.0,
        "Special Income Charges": -1716000.0,
        "Other Special Charges": 529000.0,
        "Restructuring And Mergern Acquisition": 1187000.0,
        "Gain On Sale Of Security": 1726000.0,
        "Net Non Operating Interest Income Expense": -4202000.0,
        "Interest Expense Non Operating": 4773000.0,
        "Interest Income Non Operating": 571000.0,
        "Operating Income": -11823000.0,
        "Operating Expense": 22734000.0,
        "Provision For Doubtful Accounts": 40000.0,
        "Research And Development": 7517000.0,
        "Selling General And Administration": 15177000.0,
        "Selling And Marketing Expense": 5168000.0,
        "General And Administrative Expense": 10009000.0,
        "Other Gand A": 10009000.0,
        "Gross Profit": 10911000.0,
        "Cost Of Revenue": 14488000.0,
        "Total Revenue": 25399000.0,
        "Operating Revenue": 25399000.0
    },
    "2024-12-31": {
        "Tax Effect Of Unusual Items": -2949240.0,
        "Tax Rate For Calcs": 0.21,
        "Normalized EBITDA": -22320000.0,
        "Total Unusual Items": -14044000.0,
        "Total Unusual Items Excluding Goodwill": -14044000.0,
        "Net Income From Continuing Operation Net Minority Interest": -48242000.0,
        "Reconciled Depreciation": 6117000.0,
        "Reconciled Cost Of Revenue": 14633000.0,
        "EBITDA": -36364000.0,
        "EBIT": -42481000.0,
        "Net Interest Income": -5589000.0,
        "Interest Expense": 5704000.0,
        "Interest Income": 115000.0,
        "Normalized Income": -37147240.0,
        "Net Income From Continuing And Discontinued Operation": -48242000.0,
        "Total Expenses": 49840000.0,
        "Total Operating Income As Reported": -30675000.0,
        "Diluted Average Shares": NaN,
        "Basic Average Shares": NaN,
        "Diluted EPS": NaN,
        "Basic EPS": NaN,
        "Diluted NI Availto Com Stockholders": -48242000.0,
        "Net Income Common Stockholders": -48242000.0,
        "Net Income": -48242000.0,
        "Net Income Including Noncontrolling Interests": -48242000.0,
        "Net Income Continuous Operations": -48242000.0,
        "Tax Provision": 57000.0,
        "Pretax Income": -48185000.0,
        "Other Income Expense": -14415000.0,
        "Other Non Operating Income Expenses": -371000.0,
        "Special Income Charges": -3012000.0,
        "Other Special Charges": 2494000.0,
        "Restructuring And Mergern Acquisition": 518000.0,
        "Gain On Sale Of Security": -11032000.0,
        "Net Non Operating Interest Income Expense": -5589000.0,
        "Interest Expense Non Operating": 5704000.0,
        "Interest Income Non Operating": 115000.0,
        "Operating Income": -28181000.0,
        "Operating Expense": 35207000.0,
        "Provision For Doubtful Accounts": 1337000.0,
        "Research And Development": 10003000.0,
        "Selling General And Administration": 23867000.0,
        "Selling And Marketing Expense": 6279000.0,
        "General And Administrative Expense": 17588000.0,
        "Other Gand A": 17588000.0,
        "Gross Profit": 7026000.0,
        "Cost Of Revenue": 14633000.0,
        "Total Revenue": 21659000.0,
        "Operating Revenue": 21659000.0
    },
    "2025-03-31": {
        "Tax Effect Of Unusual Items": 1608.962881,
        "Tax Rate For Calcs": 0.00029,
        "Normalized EBITDA": -15315000.0,
        "Total Unusual Items": 5541000.0,
        "Total Unusual Items Excluding Goodwill": 5541000.0,
        "Net Income From Continuing Operation Net Minority Interest": -20657000.0,
        "Reconciled Depreciation": 5159000.0,
        "Reconciled Cost Of Revenue": 15092000.0,
        "EBITDA": -9774000.0,
        "EBIT": -14933000.0,
        "Net Interest Income": -5710000.0,
        "Interest Expense": 5730000.0,
        "Interest Income": 20000.0,
        "Normalized Income": -26196391.037119,
        "Net Income From Continuing And Discontinued Operation": -20657000.0,
        "Total Expenses": 44146000.0,
        "Total Operating Income As Reported": -25430000.0,
        "Diluted Average Shares": 26787097.0,
        "Basic Average Shares": 26787097.0,
        "Diluted EPS": -0.77,
        "Basic EPS": -0.77,
        "Diluted NI Availto Com Stockholders": -20657000.0,
        "Net Income Common Stockholders": -20657000.0,
        "Net Income": -20657000.0,
        "Net Income Including Noncontrolling Interests": -20657000.0,
        "Net Income Continuous Operations": -20657000.0,
        "Tax Provision": -6000.0,
        "Pretax Income": -20663000.0,
        "Other Income Expense": 5317000.0,
        "Other Non Operating Income Expenses": -224000.0,
        "Special Income Charges": -4122000.0,
        "Other Special Charges": 5160000.0,
        "Restructuring And Mergern Acquisition": -1038000.0,
        "Gain On Sale Of Security": 9663000.0,
        "Net Non Operating Interest Income Expense": -5710000.0,
        "Interest Expense Non Operating": 5730000.0,
        "Interest Income Non Operating": 20000.0,
        "Operating Income": -20270000.0,
        "Operating Expense": 29054000.0,
        "Provision For Doubtful Accounts": 0.0,
        "Research And Development": 8509000.0,
        "Selling General And Administration": 20545000.0,
        "Selling And Marketing Expense": 4735000.0,
        "General And Administrative Expense": 15810000.0,
        "Other Gand A": 15810000.0,
        "Gross Profit": 8784000.0,
        "Cost Of Revenue": 15092000.0,
        "Total Revenue": 23876000.0,
        "Operating Revenue": 23876000.0
    }
}