{
    "2023-03-31": {
        "Tax Effect Of Unusual Items": NaN,
        "Tax Rate For Calcs": NaN,
        "Normalized EBITDA": NaN,
        "Total Unusual Items": NaN,
        "Total Unusual Items Excluding Goodwill": NaN,
        "Net Income From Continuing Operation Net Minority Interest": NaN,
        "Reconciled Depreciation": NaN,
        "Reconciled Cost Of Revenue": NaN,
        "EBITDA": NaN,
        "EBIT": NaN,
        "Net Interest Income": NaN,
        "Interest Expense": NaN,
        "Interest Income": NaN,
        "Normalized Income": NaN,
        "Net Income From Continuing And Discontinued Operation": NaN,
        "Total Expenses": NaN,
        "Total Operating Income As Reported": NaN,
        "Diluted Average Shares": NaN,
        "Basic Average Shares": NaN,
        "Diluted EPS": NaN,
        "Basic EPS": NaN,
        "Diluted NI Availto Com Stockholders": NaN,
        "Average Dilution Earnings": 0.0,
        "Net Income Common Stockholders": NaN,
        "Net Income": NaN,
        "Net Income Including Noncontrolling Interests": NaN,
        "Net Income Continuous Operations": NaN,
        "Tax Provision": NaN,
        "Pretax Income": NaN,
        "Other Income Expense": NaN,
        "Other Non Operating Income Expenses": -43000000.0,
        "Gain On Sale Of Security": NaN,
        "Net Non Operating Interest Income Expense": NaN,
        "Total Other Finance Cost": NaN,
        "Interest Expense Non Operating": NaN,
        "Interest Income Non Operating": NaN,
        "Operating Income": NaN,
        "Operating Expense": NaN,
        "Research And Development": NaN,
        "Selling General And Administration": NaN,
        "Selling And Marketing Expense": NaN,
        "General And Administrative Expense": NaN,
        "Other Gand A": NaN,
        "Gross Profit": NaN,
        "Cost Of Revenue": NaN,
        "Total Revenue": NaN,
        "Operating Revenue": NaN
    },
    "2022-12-31": {
        "Tax Effect Of Unusual Items": NaN,
        "Tax Rate For Calcs": NaN,
        "Normalized EBITDA": NaN,
        "Total Unusual Items": NaN,
        "Total Unusual Items Excluding Goodwill": NaN,
        "Net Income From Continuing Operation Net Minority Interest": NaN,
        "Reconciled Depreciation": NaN,
        "Reconciled Cost Of Revenue": NaN,
        "EBITDA": NaN,
        "EBIT": NaN,
        "Net Interest Income": NaN,
        "Interest Expense": NaN,
        "Interest Income": NaN,
        "Normalized Income": NaN,
        "Net Income From Continuing And Discontinued Operation": NaN,
        "Total Expenses": NaN,
        "Total Operating Income As Reported": NaN,
        "Diluted Average Shares": NaN,
        "Basic Average Shares": NaN,
        "Diluted EPS": NaN,
        "Basic EPS": NaN,
        "Diluted NI Availto Com Stockholders": NaN,
        "Average Dilution Earnings": 15000000.0,
        "Net Income Common Stockholders": NaN,
        "Net Income": NaN,
        "Net Income Including Noncontrolling Interests": NaN,
        "Net Income Continuous Operations": NaN,
        "Tax Provision": NaN,
        "Pretax Income": NaN,
        "Other Income Expense": NaN,
        "Other Non Operating Income Expenses": -15000000.0,
        "Gain On Sale Of Security": NaN,
        "Net Non Operating Interest Income Expense": NaN,
        "Total Other Finance Cost": 118000000.0,
        "Interest Expense Non Operating": NaN,
        "Interest Income Non Operating": NaN,
        "Operating Income": NaN,
        "Operating Expense": NaN,
        "Research And Development": NaN,
        "Selling General And Administration": NaN,
        "Selling And Marketing Expense": NaN,
        "General And Administrative Expense": NaN,
        "Other Gand A": NaN,
        "Gross Profit": NaN,
        "Cost Of Revenue": NaN,
        "Total Revenue": NaN,
        "Operating Revenue": NaN
    },
    "2022-09-30": {
        "Tax Effect Of Unusual Items": NaN,
        "Tax Rate For Calcs": NaN,
        "Normalized EBITDA": NaN,
        "Total Unusual Items": NaN,
        "Total Unusual Items Excluding Goodwill": NaN,
        "Net Income From Continuing Operation Net Minority Interest": NaN,
        "Reconciled Depreciation": NaN,
        "Reconciled Cost Of Revenue": NaN,
        "EBITDA": NaN,
        "EBIT": NaN,
        "Net Interest Income": NaN,
        "Interest Expense": NaN,
        "Interest Income": NaN,
        "Normalized Income": NaN,
        "Net Income From Continuing And Discontinued Operation": NaN,
        "Total Expenses": NaN,
        "Total Operating Income As Reported": NaN,
        "Diluted Average Shares": NaN,
        "Basic Average Shares": NaN,
        "Diluted EPS": NaN,
        "Basic EPS": NaN,
        "Diluted NI Availto Com Stockholders": NaN,
        "Average Dilution Earnings": NaN,
        "Net Income Common Stockholders": NaN,
        "Net Income": NaN,
        "Net Income Including Noncontrolling Interests": NaN,
        "Net Income Continuous Operations": NaN,
        "Tax Provision": NaN,
        "Pretax Income": NaN,
        "Other Income Expense": NaN,
        "Other Non Operating Income Expenses": 28000000.0,
        "Gain On Sale Of Security": NaN,
        "Net Non Operating Interest Income Expense": NaN,
        "Total Other Finance Cost": 6000000.0,
        "Interest Expense Non Operating": NaN,
        "Interest Income Non Operating": NaN,
        "Operating Income": NaN,
        "Operating Expense": NaN,
        "Research And Development": NaN,
        "Selling General And Administration": NaN,
        "Selling And Marketing Expense": NaN,
        "General And Administrative Expense": NaN,
        "Other Gand A": NaN,
        "Gross Profit": NaN,
        "Cost Of Revenue": NaN,
        "Total Revenue": NaN,
        "Operating Revenue": NaN
    },
    "2022-06-30": {
        "Tax Effect Of Unusual Items": 28000000.0,
        "Tax Rate For Calcs": 0.4,
        "Normalized EBITDA": -110000000.0,
        "Total Unusual Items": 70000000.0,
        "Total Unusual Items Excluding Goodwill": 70000000.0,
        "Net Income From Continuing Operation Net Minority Interest": -125000000.0,
        "Reconciled Depreciation": 40000000.0,
        "Reconciled Cost Of Revenue": 2160000000.0,
        "EBITDA": -40000000.0,
        "EBIT": -80000000.0,
        "Net Interest Income": -7000000.0,
        "Interest Expense": 10000000.0,
        "Interest Income": 7000000.0,
        "Normalized Income": -167000000.0,
        "Net Income From Continuing And Discontinued Operation": -125000000.0,
        "Total Expenses": 3058000000.0,
        "Total Operating Income As Reported": -194000000.0,
        "Diluted Average Shares": 195859532.0,
        "Basic Average Shares": 192948032.0,
        "Diluted EPS": -0.85,
        "Basic EPS": -0.65,
        "Diluted NI Availto Com Stockholders": -166000000.0,
        "Average Dilution Earnings": -41000000.0,
        "Net Income Common Stockholders": -125000000.0,
        "Net Income": -125000000.0,
        "Net Income Including Noncontrolling Interests": -125000000.0,
        "Net Income Continuous Operations": -125000000.0,
        "Tax Provision": 35000000.0,
        "Pretax Income": -90000000.0,
        "Other Income Expense": 111000000.0,
        "Other Non Operating Income Expenses": 41000000.0,
        "Gain On Sale Of Security": 70000000.0,
        "Net Non Operating Interest Income Expense": -7000000.0,
        "Total Other Finance Cost": 4000000.0,
        "Interest Expense Non Operating": 10000000.0,
        "Interest Income Non Operating": 7000000.0,
        "Operating Income": -194000000.0,
        "Operating Expense": 898000000.0,
        "Research And Development": 336000000.0,
        "Selling General And Administration": 562000000.0,
        "Selling And Marketing Expense": 391000000.0,
        "General And Administrative Expense": 171000000.0,
        "Other Gand A": 171000000.0,
        "Gross Profit": 704000000.0,
        "Cost Of Revenue": 2160000000.0,
        "Total Revenue": 2864000000.0,
        "Operating Revenue": 2864000000.0
    },
    "2023-06-30": {
        "Tax Effect Of Unusual Items": NaN,
        "Tax Rate For Calcs": NaN,
        "Normalized EBITDA": NaN,
        "Total Unusual Items": NaN,
        "Total Unusual Items Excluding Goodwill": NaN,
        "Net Income From Continuing Operation Net Minority Interest": NaN,
        "Reconciled Depreciation": NaN,
        "Reconciled Cost Of Revenue": NaN,
        "EBITDA": NaN,
        "EBIT": NaN,
        "Net Interest Income": NaN,
        "Interest Expense": NaN,
        "Interest Income": NaN,
        "Normalized Income": NaN,
        "Net Income From Continuing And Discontinued Operation": NaN,
        "Total Expenses": NaN,
        "Total Operating Income As Reported": NaN,
        "Diluted Average Shares": NaN,
        "Basic Average Shares": NaN,
        "Diluted EPS": NaN,
        "Basic EPS": NaN,
        "Diluted NI Availto Com Stockholders": NaN,
        "Average Dilution Earnings": 0.0,
        "Net Income Common Stockholders": NaN,
        "Net Income": NaN,
        "Net Income Including Noncontrolling Interests": NaN,
        "Net Income Continuous Operations": NaN,
        "Tax Provision": NaN,
        "Pretax Income": NaN,
        "Other Income Expense": NaN,
        "Other Non Operating Income Expenses": -5000000.0,
        "Gain On Sale Of Security": NaN,
        "Net Non Operating Interest Income Expense": NaN,
        "Total Other Finance Cost": NaN,
        "Interest Expense Non Operating": NaN,
        "Interest Income Non Operating": NaN,
        "Operating Income": NaN,
        "Operating Expense": NaN,
        "Research And Development": NaN,
        "Selling General And Administration": NaN,
        "Selling And Marketing Expense": NaN,
        "General And Administrative Expense": NaN,
        "Other Gand A": NaN,
        "Gross Profit": NaN,
        "Cost Of Revenue": NaN,
        "Total Revenue": NaN,
        "Operating Revenue": NaN
    },
    "2022-03-31": {
        "Diluted EPS": 0.24,
        "Total Revenue": NaN,
        "Gross Profit": 753,
        "Operating Income": -7,
        "EBIT": 35,
        "Net Income": 147
    },
    "2021-12-31": {
        "Diluted EPS": -0.7,
        "Total Revenue": NaN,
        "Gross Profit": 818,
        "Operating Income": -9,
        "EBIT": 31,
        "Net Income": -46
    },
    "2021-09-30": {
        "Diluted EPS": 0.01,
        "Total Revenue": NaN,
        "Gross Profit": 788,
        "Operating Income": 88,
        "EBIT": 126,
        "Net Income": 2
    },
    "2021-06-30": {
        "Diluted EPS": -0.23,
        "Total Revenue": NaN,
        "Gross Profit": 799,
        "Operating Income": 14,
        "EBIT": 52,
        "Net Income": -24
    },
    "2021-03-31": {
        "Diluted EPS": -0.3,
        "Total Revenue": NaN,
        "Gross Profit": 661,
        "Operating Income": 17,
        "EBIT": 53,
        "Net Income": 28
    },
    "2020-12-31": {
        "Diluted EPS": -0.54,
        "Total Revenue": NaN,
        "Gross Profit": 682,
        "Operating Income": -85,
        "EBIT": -54,
        "Net Income": -155
    },
    "2020-09-30": {
        "Diluted EPS": -0.68,
        "Total Revenue": NaN,
        "Gross Profit": 572,
        "Operating Income": -47,
        "EBIT": -10,
        "Net Income": -118
    },
    "2020-06-30": {
        "Diluted EPS": -2.1,
        "Total Revenue": NaN,
        "Gross Profit": 527,
        "Operating Income": -184,
        "EBIT": -153,
        "Net Income": -392
    },
    "2020-03-31": {
        "Diluted EPS": -0.22,
        "Total Revenue": NaN,
        "Gross Profit": 521,
        "Operating Income": -19,
        "EBIT": 10,
        "Net Income": 1
    },
    "2019-12-31": {
        "Diluted EPS": -0.18,
        "Total Revenue": NaN,
        "Gross Profit": 527,
        "Operating Income": -85,
        "EBIT": -58,
        "Net Income": -230
    },
    "2019-09-30": {
        "Diluted EPS": 0.4,
        "Total Revenue": NaN,
        "Gross Profit": 490,
        "Operating Income": 60,
        "EBIT": 84,
        "Net Income": 268
    },
    "2019-06-30": {
        "Diluted EPS": -0.47,
        "Total Revenue": NaN,
        "Gross Profit": 488,
        "Operating Income": -3,
        "EBIT": 19,
        "Net Income": -85
    },
    "2019-03-31": {
        "Diluted EPS": -0.9,
        "Total Revenue": NaN,
        "Gross Profit": 424,
        "Operating Income": -53,
        "EBIT": -30,
        "Net Income": -161
    },
    "2018-12-31": {
        "Diluted EPS": 3.0,
        "Total Revenue": NaN,
        "Gross Profit": 460,
        "Operating Income": 114,
        "EBIT": 124,
        "Net Income": 536
    },
    "2018-09-30": {
        "Diluted EPS": 0.27,
        "Total Revenue": NaN,
        "Gross Profit": 398,
        "Operating Income": -7,
        "EBIT": 1,
        "Net Income": 50
    },
    "2018-06-30": {
        "Diluted EPS": -2.62,
        "Total Revenue": NaN,
        "Gross Profit": 392,
        "Operating Income": -107,
        "EBIT": -101,
        "Net Income": -470
    },
    "2018-03-31": {
        "Diluted EPS": -1.24,
        "Total Revenue": NaN,
        "Gross Profit": 348,
        "Operating Income": -50,
        "EBIT": -37,
        "Net Income": -208
    },
    "2017-12-31": {
        "Diluted EPS": 0.0,
        "Total Revenue": NaN,
        "Gross Profit": NaN,
        "Operating Income": NaN,
        "EBIT": NaN,
        "Net Income": NaN
    },
    "2023-09-30": {
        "Tax Effect Of Unusual Items": NaN,
        "Tax Rate For Calcs": NaN,
        "Normalized EBITDA": NaN,
        "Total Unusual Items": NaN,
        "Total Unusual Items Excluding Goodwill": NaN,
        "Net Income From Continuing Operation Net Minority Interest": NaN,
        "Reconciled Depreciation": NaN,
        "Reconciled Cost Of Revenue": NaN,
        "EBITDA": NaN,
        "EBIT": NaN,
        "Net Interest Income": NaN,
        "Interest Expense": NaN,
        "Interest Income": NaN,
        "Normalized Income": NaN,
        "Net Income From Continuing And Discontinued Operation": NaN,
        "Total Expenses": NaN,
        "Total Operating Income As Reported": NaN,
        "Diluted Average Shares": NaN,
        "Basic Average Shares": NaN,
        "Diluted EPS": NaN,
        "Basic EPS": NaN,
        "Diluted NI Availto Com Stockholders": NaN,
        "Average Dilution Earnings": 0.0,
        "Net Income Common Stockholders": NaN,
        "Net Income": NaN,
        "Net Income Including Noncontrolling Interests": NaN,
        "Net Income Continuous Operations": NaN,
        "Tax Provision": NaN,
        "Pretax Income": NaN,
        "Other Income Expense": NaN,
        "Gain On Sale Of Security": NaN,
        "Net Non Operating Interest Income Expense": NaN,
        "Total Other Finance Cost": NaN,
        "Interest Expense Non Operating": NaN,
        "Interest Income Non Operating": NaN,
        "Operating Income": NaN,
        "Operating Expense": NaN,
        "Research And Development": NaN,
        "Selling General And Administration": NaN,
        "Selling And Marketing Expense": NaN,
        "General And Administrative Expense": NaN,
        "Other Gand A": NaN,
        "Gross Profit": NaN,
        "Cost Of Revenue": NaN,
        "Total Revenue": NaN,
        "Operating Revenue": NaN
    },
    "2023-12-31": {
        "Tax Effect Of Unusual Items": NaN,
        "Tax Rate For Calcs": NaN,
        "Normalized EBITDA": NaN,
        "Total Unusual Items": NaN,
        "Total Unusual Items Excluding Goodwill": NaN,
        "Net Income From Continuing Operation Net Minority Interest": NaN,
        "Reconciled Depreciation": NaN,
        "Reconciled Cost Of Revenue": NaN,
        "EBITDA": NaN,
        "EBIT": NaN,
        "Net Interest Income": NaN,
        "Interest Expense": NaN,
        "Interest Income": NaN,
        "Normalized Income": NaN,
        "Net Income From Continuing And Discontinued Operation": NaN,
        "Total Expenses": NaN,
        "Total Operating Income As Reported": NaN,
        "Diluted Average Shares": NaN,
        "Basic Average Shares": NaN,
        "Diluted EPS": NaN,
        "Basic EPS": NaN,
        "Diluted NI Availto Com Stockholders": NaN,
        "Average Dilution Earnings": 0.0,
        "Net Income Common Stockholders": NaN,
        "Net Income": NaN,
        "Net Income Including Noncontrolling Interests": NaN,
        "Net Income Continuous Operations": NaN,
        "Tax Provision": NaN,
        "Pretax Income": NaN,
        "Other Income Expense": NaN,
        "Gain On Sale Of Security": NaN,
        "Net Non Operating Interest Income Expense": NaN,
        "Total Other Finance Cost": NaN,
        "Interest Expense Non Operating": NaN,
        "Interest Income Non Operating": NaN,
        "Operating Income": NaN,
        "Operating Expense": NaN,
        "Research And Development": NaN,
        "Selling General And Administration": NaN,
        "Selling And Marketing Expense": NaN,
        "General And Administrative Expense": NaN,
        "Other Gand A": NaN,
        "Gross Profit": NaN,
        "Cost Of Revenue": NaN,
        "Total Revenue": NaN,
        "Operating Revenue": NaN
    },
    "2024-03-31": {
        "Tax Effect Of Unusual Items": -7350000.0,
        "Tax Rate For Calcs": 0.21,
        "Normalized EBITDA": 249000000.0,
        "Total Unusual Items": -35000000.0,
        "Total Unusual Items Excluding Goodwill": -35000000.0,
        "Net Income From Continuing Operation Net Minority Interest": 197000000.0,
        "Reconciled Depreciation": 31000000.0,
        "Reconciled Cost Of Revenue": 2632000000.0,
        "EBITDA": 214000000.0,
        "EBIT": 183000000.0,
        "Net Interest Income": 41000000.0,
        "Interest Expense": 9000000.0,
        "Interest Income": 46000000.0,
        "Normalized Income": 224650000.0,
        "Net Income From Continuing And Discontinued Operation": 197000000.0,
        "Total Expenses": 3468000000.0,
        "Total Operating Income As Reported": 168000000.0,
        "Diluted Average Shares": 203773043.0,
        "Basic Average Shares": 198025456.0,
        "Diluted EPS": 0.97,
        "Basic EPS": 0.99,
        "Diluted NI Availto Com Stockholders": 197000000.0,
        "Average Dilution Earnings": NaN,
        "Net Income Common Stockholders": 197000000.0,
        "Net Income": 197000000.0,
        "Net Income Including Noncontrolling Interests": 197000000.0,
        "Net Income Continuous Operations": 197000000.0,
        "Tax Provision": -23000000.0,
        "Pretax Income": 174000000.0,
        "Other Income Expense": -35000000.0,
        "Gain On Sale Of Security": -35000000.0,
        "Net Non Operating Interest Income Expense": 41000000.0,
        "Total Other Finance Cost": -4000000.0,
        "Interest Expense Non Operating": 9000000.0,
        "Interest Income Non Operating": 46000000.0,
        "Operating Income": 168000000.0,
        "Operating Expense": 836000000.0,
        "Research And Development": 389000000.0,
        "Selling General And Administration": 447000000.0,
        "Selling And Marketing Expense": 324000000.0,
        "General And Administrative Expense": 123000000.0,
        "Other Gand A": 123000000.0,
        "Gross Profit": 1004000000.0,
        "Cost Of Revenue": 2632000000.0,
        "Total Revenue": 3636000000.0,
        "Operating Revenue": 3636000000.0
    },
    "2024-06-30": {
        "Tax Effect Of Unusual Items": -9030000.0,
        "Tax Rate For Calcs": 0.21,
        "Normalized EBITDA": 352000000.0,
        "Total Unusual Items": -43000000.0,
        "Total Unusual Items Excluding Goodwill": -43000000.0,
        "Net Income From Continuing Operation Net Minority Interest": 274000000.0,
        "Reconciled Depreciation": 30000000.0,
        "Reconciled Cost Of Revenue": 2695000000.0,
        "EBITDA": 309000000.0,
        "EBIT": 279000000.0,
        "Net Interest Income": 47000000.0,
        "Interest Expense": 9000000.0,
        "Interest Income": 53000000.0,
        "Normalized Income": 307970000.0,
        "Net Income From Continuing And Discontinued Operation": 274000000.0,
        "Total Expenses": 3541000000.0,
        "Total Operating Income As Reported": 266000000.0,
        "Diluted Average Shares": 206119851.0,
        "Basic Average Shares": 199959172.0,
        "Diluted EPS": 1.33,
        "Basic EPS": 1.37,
        "Diluted NI Availto Com Stockholders": 274000000.0,
        "Net Income Common Stockholders": 274000000.0,
        "Net Income": 274000000.0,
        "Net Income Including Noncontrolling Interests": 274000000.0,
        "Net Income Continuous Operations": 274000000.0,
        "Tax Provision": -4000000.0,
        "Pretax Income": 270000000.0,
        "Other Income Expense": -43000000.0,
        "Gain On Sale Of Security": -43000000.0,
        "Net Non Operating Interest Income Expense": 47000000.0,
        "Total Other Finance Cost": -3000000.0,
        "Interest Expense Non Operating": 9000000.0,
        "Interest Income Non Operating": 53000000.0,
        "Operating Income": 266000000.0,
        "Operating Expense": 846000000.0,
        "Research And Development": 379000000.0,
        "Selling General And Administration": 467000000.0,
        "Selling And Marketing Expense": 343000000.0,
        "General And Administrative Expense": 124000000.0,
        "Other Gand A": 124000000.0,
        "Gross Profit": 1112000000.0,
        "Cost Of Revenue": 2695000000.0,
        "Total Revenue": 3807000000.0,
        "Operating Revenue": 3807000000.0
    },
    "2024-09-30": {
        "Tax Effect Of Unusual Items": -27331658.291457,
        "Tax Rate For Calcs": 0.246231,
        "Normalized EBITDA": 548000000.0,
        "Total Unusual Items": -111000000.0,
        "Total Unusual Items Excluding Goodwill": -111000000.0,
        "Net Income From Continuing Operation Net Minority Interest": 300000000.0,
        "Reconciled Depreciation": 30000000.0,
        "Reconciled Cost Of Revenue": 2748000000.0,
        "EBITDA": 437000000.0,
        "EBIT": 407000000.0,
        "Net Interest Income": 55000000.0,
        "Interest Expense": 9000000.0,
        "Interest Income": 61000000.0,
        "Normalized Income": 383668341.708543,
        "Net Income From Continuing And Discontinued Operation": 300000000.0,
        "Total Expenses": 3534000000.0,
        "Total Operating Income As Reported": 454000000.0,
        "Diluted Average Shares": 207399501.0,
        "Basic Average Shares": 201575568.0,
        "Diluted EPS": 1.45,
        "Basic EPS": 1.49,
        "Diluted NI Availto Com Stockholders": 300000000.0,
        "Net Income Common Stockholders": 300000000.0,
        "Net Income": 300000000.0,
        "Net Income Including Noncontrolling Interests": 300000000.0,
        "Net Income Continuous Operations": 300000000.0,
        "Tax Provision": 98000000.0,
        "Pretax Income": 398000000.0,
        "Other Income Expense": -111000000.0,
        "Gain On Sale Of Security": -111000000.0,
        "Net Non Operating Interest Income Expense": 55000000.0,
        "Total Other Finance Cost": -3000000.0,
        "Interest Expense Non Operating": 9000000.0,
        "Interest Income Non Operating": 61000000.0,
        "Operating Income": 454000000.0,
        "Operating Expense": 786000000.0,
        "Research And Development": 342000000.0,
        "Selling General And Administration": 444000000.0,
        "Selling And Marketing Expense": 332000000.0,
        "General And Administrative Expense": 112000000.0,
        "Other Gand A": 112000000.0,
        "Gross Profit": 1240000000.0,
        "Cost Of Revenue": 2748000000.0,
        "Total Revenue": 3988000000.0,
        "Operating Revenue": 3988000000.0
    },
    "2024-12-31": {
        "Tax Effect Of Unusual Items": -8993987.975952,
        "Tax Rate For Calcs": 0.264529,
        "Normalized EBITDA": 572000000.0,
        "Total Unusual Items": -34000000.0,
        "Total Unusual Items Excluding Goodwill": -34000000.0,
        "Net Income From Continuing Operation Net Minority Interest": 367000000.0,
        "Reconciled Depreciation": 30000000.0,
        "Reconciled Cost Of Revenue": 2874000000.0,
        "EBITDA": 538000000.0,
        "EBIT": 508000000.0,
        "Net Interest Income": 56000000.0,
        "Interest Expense": 9000000.0,
        "Interest Income": 63000000.0,
        "Normalized Income": 392006012.024048,
        "Net Income From Continuing And Discontinued Operation": 367000000.0,
        "Total Expenses": 3765000000.0,
        "Total Operating Income As Reported": 477000000.0,
        "Diluted Average Shares": 209012505.0,
        "Basic Average Shares": 202907480.0,
        "Diluted EPS": 1.76,
        "Basic EPS": 1.81,
        "Diluted NI Availto Com Stockholders": 367000000.0,
        "Net Income Common Stockholders": 367000000.0,
        "Net Income": 367000000.0,
        "Net Income Including Noncontrolling Interests": 367000000.0,
        "Net Income Continuous Operations": 367000000.0,
        "Tax Provision": 132000000.0,
        "Pretax Income": 499000000.0,
        "Other Income Expense": -34000000.0,
        "Gain On Sale Of Security": -34000000.0,
        "Net Non Operating Interest Income Expense": 56000000.0,
        "Total Other Finance Cost": -2000000.0,
        "Interest Expense Non Operating": 9000000.0,
        "Interest Income Non Operating": 63000000.0,
        "Operating Income": 477000000.0,
        "Operating Expense": 891000000.0,
        "Research And Development": 376000000.0,
        "Selling General And Administration": 515000000.0,
        "Selling And Marketing Expense": 393000000.0,
        "General And Administrative Expense": 122000000.0,
        "Other Gand A": 122000000.0,
        "Gross Profit": 1368000000.0,
        "Cost Of Revenue": 2874000000.0,
        "Total Revenue": 4242000000.0,
        "Operating Revenue": 4242000000.0
    },
    "2025-03-31": {
        "Tax Effect Of Unusual Items": -74737804.878049,
        "Tax Rate For Calcs": 0.314024,
        "Normalized EBITDA": 601000000.0,
        "Total Unusual Items": -238000000.0,
        "Total Unusual Items Excluding Goodwill": -238000000.0,
        "Net Income From Continuing Operation Net Minority Interest": 225000000.0,
        "Reconciled Depreciation": 27000000.0,
        "Reconciled Cost Of Revenue": 2864000000.0,
        "EBITDA": 363000000.0,
        "EBIT": 336000000.0,
        "Net Interest Income": 57000000.0,
        "Interest Expense": 8000000.0,
        "Interest Income": 67000000.0,
        "Normalized Income": 388262195.121951,
        "Net Income From Continuing And Discontinued Operation": 225000000.0,
        "Total Expenses": 3681000000.0,
        "Total Operating Income As Reported": 509000000.0,
        "Diluted Average Shares": 210243478.0,
        "Basic Average Shares": 204467927.0,
        "Diluted EPS": 1.07,
        "Basic EPS": 1.1,
        "Diluted NI Availto Com Stockholders": 225000000.0,
        "Net Income Common Stockholders": 225000000.0,
        "Net Income": 225000000.0,
        "Net Income Including Noncontrolling Interests": 225000000.0,
        "Net Income Continuous Operations": 225000000.0,
        "Tax Provision": 103000000.0,
        "Pretax Income": 328000000.0,
        "Other Income Expense": -238000000.0,
        "Gain On Sale Of Security": -238000000.0,
        "Net Non Operating Interest Income Expense": 57000000.0,
        "Total Other Finance Cost": 2000000.0,
        "Interest Expense Non Operating": 8000000.0,
        "Interest Income Non Operating": 67000000.0,
        "Operating Income": 509000000.0,
        "Operating Expense": 817000000.0,
        "Research And Development": 379000000.0,
        "Selling General And Administration": 438000000.0,
        "Selling And Marketing Expense": 314000000.0,
        "General And Administrative Expense": 124000000.0,
        "Other Gand A": 124000000.0,
        "Gross Profit": 1326000000.0,
        "Cost Of Revenue": 2864000000.0,
        "Total Revenue": 4190000000.0,
        "Operating Revenue": 4190000000.0
    },
    "2025-06-30": {
        "Tax Effect Of Unusual Items": -86940000.0,
        "Tax Rate For Calcs": 0.21,
        "Normalized EBITDA": 496000000.0,
        "Total Unusual Items": -414000000.0,
        "Total Unusual Items Excluding Goodwill": -414000000.0,
        "Net Income From Continuing Operation Net Minority Interest": -86000000.0,
        "Reconciled Depreciation": 26000000.0,
        "Reconciled Cost Of Revenue": 2873000000.0,
        "EBITDA": 82000000.0,
        "EBIT": 56000000.0,
        "Net Interest Income": 56000000.0,
        "Interest Expense": 8000000.0,
        "Interest Income": 61000000.0,
        "Normalized Income": 241060000.0,
        "Net Income From Continuing And Discontinued Operation": -86000000.0,
        "Total Expenses": 3787000000.0,
        "Total Operating Income As Reported": 406000000.0,
        "Diluted Average Shares": 205426999.0,
        "Basic Average Shares": 205426999.0,
        "Diluted EPS": -0.42,
        "Basic EPS": -0.42,
        "Diluted NI Availto Com Stockholders": -86000000.0,
        "Net Income Common Stockholders": -86000000.0,
        "Net Income": -86000000.0,
        "Net Income Including Noncontrolling Interests": -86000000.0,
        "Net Income Continuous Operations": -86000000.0,
        "Tax Provision": 134000000.0,
        "Pretax Income": 48000000.0,
        "Other Income Expense": -414000000.0,
        "Gain On Sale Of Security": -414000000.0,
        "Net Non Operating Interest Income Expense": 56000000.0,
        "Total Other Finance Cost": -3000000.0,
        "Interest Expense Non Operating": 8000000.0,
        "Interest Income Non Operating": 61000000.0,
        "Operating Income": 406000000.0,
        "Operating Expense": 914000000.0,
        "Research And Development": 415000000.0,
        "Selling General And Administration": 499000000.0,
        "Selling And Marketing Expense": 364000000.0,
        "General And Administrative Expense": 135000000.0,
        "Other Gand A": 135000000.0,
        "Gross Profit": 1320000000.0,
        "Cost Of Revenue": 2873000000.0,
        "Total Revenue": 4193000000.0,
        "Operating Revenue": 4193000000.0
    }
}