{
    "2023-03-31": {
        "Tax Effect Of Unusual Items": NaN,
        "Tax Rate For Calcs": NaN,
        "Normalized EBITDA": NaN,
        "Total Unusual Items": NaN,
        "Total Unusual Items Excluding Goodwill": NaN,
        "Net Income From Continuing Operation Net Minority Interest": NaN,
        "Reconciled Depreciation": NaN,
        "Reconciled Cost Of Revenue": NaN,
        "EBITDA": NaN,
        "EBIT": NaN,
        "Net Interest Income": NaN,
        "Interest Expense": NaN,
        "Interest Income": NaN,
        "Normalized Income": NaN,
        "Net Income From Continuing And Discontinued Operation": NaN,
        "Total Expenses": NaN,
        "Total Operating Income As Reported": NaN,
        "Diluted Average Shares": NaN,
        "Basic Average Shares": NaN,
        "Diluted EPS": NaN,
        "Basic EPS": NaN,
        "Diluted NI Availto Com Stockholders": NaN,
        "Net Income Common Stockholders": NaN,
        "Otherunder Preferred Stock Dividend": 0.0,
        "Net Income": NaN,
        "Minority Interests": NaN,
        "Net Income Including Noncontrolling Interests": NaN,
        "Net Income Continuous Operations": NaN,
        "Earnings From Equity Interest Net Of Tax": NaN,
        "Tax Provision": NaN,
        "Pretax Income": NaN,
        "Other Income Expense": NaN,
        "Other Non Operating Income Expenses": NaN,
        "Special Income Charges": NaN,
        "Gain On Sale Of Ppe": -11200000.0,
        "Restructuring And Mergern Acquisition": NaN,
        "Gain On Sale Of Security": NaN,
        "Net Non Operating Interest Income Expense": NaN,
        "Interest Expense Non Operating": NaN,
        "Interest Income Non Operating": NaN,
        "Operating Income": NaN,
        "Operating Expense": NaN,
        "Other Operating Expenses": NaN,
        "Other Taxes": NaN,
        "Research And Development": NaN,
        "Selling General And Administration": NaN,
        "Gross Profit": NaN,
        "Cost Of Revenue": NaN,
        "Total Revenue": NaN,
        "Operating Revenue": NaN
    },
    "2022-12-31": {
        "Tax Effect Of Unusual Items": NaN,
        "Tax Rate For Calcs": NaN,
        "Normalized EBITDA": NaN,
        "Total Unusual Items": NaN,
        "Total Unusual Items Excluding Goodwill": NaN,
        "Net Income From Continuing Operation Net Minority Interest": NaN,
        "Reconciled Depreciation": NaN,
        "Reconciled Cost Of Revenue": NaN,
        "EBITDA": NaN,
        "EBIT": NaN,
        "Net Interest Income": NaN,
        "Interest Expense": NaN,
        "Interest Income": NaN,
        "Normalized Income": NaN,
        "Net Income From Continuing And Discontinued Operation": NaN,
        "Total Expenses": NaN,
        "Total Operating Income As Reported": NaN,
        "Diluted Average Shares": NaN,
        "Basic Average Shares": NaN,
        "Diluted EPS": NaN,
        "Basic EPS": NaN,
        "Diluted NI Availto Com Stockholders": NaN,
        "Net Income Common Stockholders": NaN,
        "Otherunder Preferred Stock Dividend": NaN,
        "Net Income": NaN,
        "Minority Interests": NaN,
        "Net Income Including Noncontrolling Interests": NaN,
        "Net Income Continuous Operations": NaN,
        "Earnings From Equity Interest Net Of Tax": NaN,
        "Tax Provision": NaN,
        "Pretax Income": NaN,
        "Other Income Expense": NaN,
        "Other Non Operating Income Expenses": NaN,
        "Special Income Charges": NaN,
        "Gain On Sale Of Ppe": -10600000.0,
        "Restructuring And Mergern Acquisition": NaN,
        "Gain On Sale Of Security": NaN,
        "Net Non Operating Interest Income Expense": NaN,
        "Interest Expense Non Operating": NaN,
        "Interest Income Non Operating": NaN,
        "Operating Income": NaN,
        "Operating Expense": NaN,
        "Other Operating Expenses": NaN,
        "Other Taxes": NaN,
        "Research And Development": NaN,
        "Selling General And Administration": NaN,
        "Gross Profit": NaN,
        "Cost Of Revenue": NaN,
        "Total Revenue": NaN,
        "Operating Revenue": NaN
    },
    "2022-09-30": {
        "Tax Effect Of Unusual Items": NaN,
        "Tax Rate For Calcs": NaN,
        "Normalized EBITDA": NaN,
        "Total Unusual Items": NaN,
        "Total Unusual Items Excluding Goodwill": NaN,
        "Net Income From Continuing Operation Net Minority Interest": NaN,
        "Reconciled Depreciation": NaN,
        "Reconciled Cost Of Revenue": NaN,
        "EBITDA": NaN,
        "EBIT": NaN,
        "Net Interest Income": NaN,
        "Interest Expense": NaN,
        "Interest Income": NaN,
        "Normalized Income": NaN,
        "Net Income From Continuing And Discontinued Operation": NaN,
        "Total Expenses": NaN,
        "Total Operating Income As Reported": NaN,
        "Diluted Average Shares": NaN,
        "Basic Average Shares": NaN,
        "Diluted EPS": NaN,
        "Basic EPS": NaN,
        "Diluted NI Availto Com Stockholders": NaN,
        "Net Income Common Stockholders": NaN,
        "Otherunder Preferred Stock Dividend": NaN,
        "Net Income": NaN,
        "Minority Interests": NaN,
        "Net Income Including Noncontrolling Interests": NaN,
        "Net Income Continuous Operations": NaN,
        "Earnings From Equity Interest Net Of Tax": NaN,
        "Tax Provision": NaN,
        "Pretax Income": NaN,
        "Other Income Expense": NaN,
        "Other Non Operating Income Expenses": NaN,
        "Special Income Charges": NaN,
        "Gain On Sale Of Ppe": -6000000.0,
        "Restructuring And Mergern Acquisition": NaN,
        "Gain On Sale Of Security": NaN,
        "Net Non Operating Interest Income Expense": NaN,
        "Interest Expense Non Operating": NaN,
        "Interest Income Non Operating": NaN,
        "Operating Income": NaN,
        "Operating Expense": NaN,
        "Other Operating Expenses": NaN,
        "Other Taxes": NaN,
        "Research And Development": NaN,
        "Selling General And Administration": NaN,
        "Gross Profit": NaN,
        "Cost Of Revenue": NaN,
        "Total Revenue": NaN,
        "Operating Revenue": NaN
    },
    "2022-06-30": {
        "Tax Effect Of Unusual Items": 95900.0,
        "Tax Rate For Calcs": 0.0274,
        "Normalized EBITDA": 10200000.0,
        "Total Unusual Items": 3500000.0,
        "Total Unusual Items Excluding Goodwill": 3500000.0,
        "Net Income From Continuing Operation Net Minority Interest": -122200000.0,
        "Reconciled Depreciation": 83800000.0,
        "Reconciled Cost Of Revenue": 1277500000.0,
        "EBITDA": 13700000.0,
        "EBIT": -70100000.0,
        "Net Interest Income": -55100000.0,
        "Interest Expense": 55100000.0,
        "Interest Income": NaN,
        "Normalized Income": -125604100.0,
        "Net Income From Continuing And Discontinued Operation": -122200000.0,
        "Total Expenses": 1369400000.0,
        "Total Operating Income As Reported": -104700000.0,
        "Diluted Average Shares": 104600000.0,
        "Basic Average Shares": 104600000.0,
        "Diluted EPS": -1.17,
        "Basic EPS": -1.17,
        "Diluted NI Availto Com Stockholders": -122200000.0,
        "Net Income Common Stockholders": -122200000.0,
        "Otherunder Preferred Stock Dividend": NaN,
        "Net Income": -122200000.0,
        "Minority Interests": NaN,
        "Net Income Including Noncontrolling Interests": -122200000.0,
        "Net Income Continuous Operations": -122200000.0,
        "Earnings From Equity Interest Net Of Tax": -500000.0,
        "Tax Provision": -3500000.0,
        "Pretax Income": -125200000.0,
        "Other Income Expense": 41400000.0,
        "Other Non Operating Income Expenses": 37900000.0,
        "Special Income Charges": -4100000.0,
        "Gain On Sale Of Ppe": -4100000.0,
        "Restructuring And Mergern Acquisition": 0.0,
        "Gain On Sale Of Security": 7600000.0,
        "Net Non Operating Interest Income Expense": -55100000.0,
        "Interest Expense Non Operating": 55100000.0,
        "Interest Income Non Operating": NaN,
        "Operating Income": -111500000.0,
        "Operating Expense": 91900000.0,
        "Other Operating Expenses": NaN,
        "Other Taxes": 6800000.0,
        "Research And Development": 14900000.0,
        "Selling General And Administration": 70200000.0,
        "Gross Profit": -19600000.0,
        "Cost Of Revenue": 1277500000.0,
        "Total Revenue": 1257900000.0,
        "Operating Revenue": 1257900000.0
    },
    "2023-06-30": {
        "Tax Effect Of Unusual Items": NaN,
        "Tax Rate For Calcs": NaN,
        "Normalized EBITDA": NaN,
        "Total Unusual Items": NaN,
        "Total Unusual Items Excluding Goodwill": NaN,
        "Net Income From Continuing Operation Net Minority Interest": NaN,
        "Reconciled Depreciation": NaN,
        "Reconciled Cost Of Revenue": NaN,
        "EBITDA": NaN,
        "EBIT": NaN,
        "Net Interest Income": NaN,
        "Interest Expense": NaN,
        "Interest Income": NaN,
        "Normalized Income": NaN,
        "Net Income From Continuing And Discontinued Operation": NaN,
        "Total Expenses": NaN,
        "Total Operating Income As Reported": NaN,
        "Diluted Average Shares": NaN,
        "Basic Average Shares": NaN,
        "Diluted EPS": NaN,
        "Basic EPS": NaN,
        "Diluted NI Availto Com Stockholders": NaN,
        "Net Income Common Stockholders": NaN,
        "Otherunder Preferred Stock Dividend": NaN,
        "Net Income": NaN,
        "Minority Interests": NaN,
        "Net Income Including Noncontrolling Interests": NaN,
        "Net Income Continuous Operations": NaN,
        "Earnings From Equity Interest Net Of Tax": NaN,
        "Tax Provision": NaN,
        "Pretax Income": NaN,
        "Other Income Expense": NaN,
        "Other Non Operating Income Expenses": NaN,
        "Special Income Charges": NaN,
        "Gain On Sale Of Ppe": -12100000.0,
        "Restructuring And Mergern Acquisition": NaN,
        "Gain On Sale Of Security": NaN,
        "Net Non Operating Interest Income Expense": NaN,
        "Interest Expense Non Operating": NaN,
        "Interest Income Non Operating": NaN,
        "Operating Income": NaN,
        "Operating Expense": NaN,
        "Other Operating Expenses": 4900000.0,
        "Other Taxes": NaN,
        "Research And Development": NaN,
        "Selling General And Administration": NaN,
        "Gross Profit": NaN,
        "Cost Of Revenue": NaN,
        "Total Revenue": NaN,
        "Operating Revenue": NaN
    },
    "2022-03-31": {
        "Diluted EPS": -0.51,
        "Total Revenue": NaN,
        "Gross Profit": 35,
        "Operating Income": -42,
        "EBIT": 45,
        "Net Income": -53
    },
    "2021-12-31": {
        "Diluted EPS": -1.15,
        "Total Revenue": NaN,
        "Gross Profit": 9,
        "Operating Income": -79,
        "EBIT": 15,
        "Net Income": -120
    },
    "2021-09-30": {
        "Diluted EPS": -1.09,
        "Total Revenue": 980,
        "Gross Profit": -56,
        "Operating Income": -157,
        "EBIT": -72,
        "Net Income": -114
    },
    "2021-06-30": {
        "Diluted EPS": -1.3,
        "Total Revenue": NaN,
        "Gross Profit": -12,
        "Operating Income": -98,
        "EBIT": -17,
        "Net Income": -135
    },
    "2021-03-31": {
        "Diluted EPS": -1.65,
        "Total Revenue": 901,
        "Gross Profit": -58,
        "Operating Income": -126,
        "EBIT": -43,
        "Net Income": -172
    },
    "2020-12-31": {
        "Diluted EPS": -2.85,
        "Total Revenue": 877,
        "Gross Profit": -28,
        "Operating Income": -101,
        "EBIT": -19,
        "Net Income": -296
    },
    "2020-09-30": {
        "Diluted EPS": -1.5,
        "Total Revenue": 806,
        "Gross Profit": -97,
        "Operating Income": -177,
        "EBIT": -103,
        "Net Income": -156
    },
    "2020-06-30": {
        "Diluted EPS": -2.46,
        "Total Revenue": 645,
        "Gross Profit": -281,
        "Operating Income": -367,
        "EBIT": -295,
        "Net Income": -256
    },
    "2020-03-31": {
        "Diluted EPS": -1.57,
        "Total Revenue": NaN,
        "Gross Profit": -35,
        "Operating Income": -168,
        "EBIT": -98,
        "Net Income": -163
    },
    "2019-12-31": {
        "Diluted EPS": 0.64,
        "Total Revenue": NaN,
        "Gross Profit": 202,
        "Operating Income": 96,
        "EBIT": 161,
        "Net Income": 68
    },
    "2019-09-30": {
        "Diluted EPS": 1.26,
        "Total Revenue": NaN,
        "Gross Profit": 272,
        "Operating Income": 206,
        "EBIT": 282,
        "Net Income": 131
    },
    "2019-06-30": {
        "Diluted EPS": 1.61,
        "Total Revenue": NaN,
        "Gross Profit": 293,
        "Operating Income": 226,
        "EBIT": 279,
        "Net Income": 168
    },
    "2019-03-31": {
        "Diluted EPS": 1.55,
        "Total Revenue": NaN,
        "Gross Profit": 310,
        "Operating Income": 233,
        "EBIT": 294,
        "Net Income": 163
    },
    "2018-12-31": {
        "Diluted EPS": 1.65,
        "Total Revenue": NaN,
        "Gross Profit": 301,
        "Operating Income": 244,
        "EBIT": 304,
        "Net Income": 178
    },
    "2018-09-30": {
        "Diluted EPS": 1.59,
        "Total Revenue": NaN,
        "Gross Profit": 271,
        "Operating Income": 223,
        "EBIT": 287,
        "Net Income": 169
    },
    "2018-06-30": {
        "Diluted EPS": 1.31,
        "Total Revenue": NaN,
        "Gross Profit": 290,
        "Operating Income": 218,
        "EBIT": 290,
        "Net Income": 145
    },
    "2018-03-31": {
        "Diluted EPS": 1.1,
        "Total Revenue": NaN,
        "Gross Profit": 225,
        "Operating Income": 160,
        "EBIT": 212,
        "Net Income": 125
    },
    "2017-12-31": {
        "Diluted EPS": 1.06,
        "Total Revenue": NaN,
        "Gross Profit": 282,
        "Operating Income": 217,
        "EBIT": 273,
        "Net Income": 123
    },
    "2017-09-30": {
        "Diluted EPS": 1.26,
        "Total Revenue": NaN,
        "Gross Profit": 262,
        "Operating Income": 202,
        "EBIT": 257,
        "Net Income": 147
    },
    "2017-06-30": {
        "Diluted EPS": -0.48,
        "Total Revenue": NaN,
        "Gross Profit": -29,
        "Operating Income": -92,
        "EBIT": -38,
        "Net Income": -57
    },
    "2017-03-31": {
        "Diluted EPS": 1.17,
        "Total Revenue": NaN,
        "Gross Profit": 273,
        "Operating Income": 204,
        "EBIT": 258,
        "Net Income": 142
    },
    "2016-12-31": {
        "Diluted EPS": 0.9,
        "Total Revenue": NaN,
        "Gross Profit": 240,
        "Operating Income": 162,
        "EBIT": 222,
        "Net Income": 108
    },
    "2016-09-30": {
        "Diluted EPS": 1.16,
        "Total Revenue": NaN,
        "Gross Profit": 272,
        "Operating Income": 214,
        "EBIT": 269,
        "Net Income": 145
    },
    "2016-06-30": {
        "Diluted EPS": 0.35,
        "Total Revenue": NaN,
        "Gross Profit": 158,
        "Operating Income": 83,
        "EBIT": 149,
        "Net Income": 45
    },
    "2016-03-31": {
        "Diluted EPS": 1.29,
        "Total Revenue": NaN,
        "Gross Profit": 323,
        "Operating Income": 267,
        "EBIT": 314,
        "Net Income": 172
    },
    "2015-12-31": {
        "Diluted EPS": 1.01,
        "Total Revenue": NaN,
        "Gross Profit": 274,
        "Operating Income": 206,
        "EBIT": 254,
        "Net Income": 139
    },
    "2015-09-30": {
        "Diluted EPS": 2.24,
        "Total Revenue": NaN,
        "Gross Profit": 253,
        "Operating Income": 192,
        "EBIT": 237,
        "Net Income": 314
    },
    "2015-06-30": {
        "Diluted EPS": 1.11,
        "Total Revenue": NaN,
        "Gross Profit": 291,
        "Operating Income": 230,
        "EBIT": 276,
        "Net Income": 155
    },
    "2015-03-31": {
        "Diluted EPS": 1.3,
        "Total Revenue": NaN,
        "Gross Profit": 294,
        "Operating Income": 235,
        "EBIT": 284,
        "Net Income": 182
    },
    "2014-12-31": {
        "Diluted EPS": -0.75,
        "Total Revenue": NaN,
        "Gross Profit": 275,
        "Operating Income": -273,
        "EBIT": -227,
        "Net Income": -104
    },
    "2014-09-30": {
        "Diluted EPS": 1.2,
        "Total Revenue": NaN,
        "Gross Profit": 275,
        "Operating Income": 216,
        "EBIT": 261,
        "Net Income": 168
    },
    "2014-06-30": {
        "Diluted EPS": 1.01,
        "Total Revenue": NaN,
        "Gross Profit": 277,
        "Operating Income": 216,
        "EBIT": 262,
        "Net Income": 143
    },
    "2014-03-31": {
        "Diluted EPS": 1.07,
        "Total Revenue": NaN,
        "Gross Profit": 261,
        "Operating Income": 194,
        "EBIT": 256,
        "Net Income": 152
    },
    "2013-12-31": {
        "Diluted EPS": -4.15,
        "Total Revenue": NaN,
        "Gross Profit": -249,
        "Operating Income": -321,
        "EBIT": -279,
        "Net Income": -587
    },
    "2013-09-30": {
        "Diluted EPS": 0.65,
        "Total Revenue": NaN,
        "Gross Profit": 115,
        "Operating Income": 51,
        "EBIT": 92,
        "Net Income": 94
    },
    "2013-06-30": {
        "Diluted EPS": -1.47,
        "Total Revenue": NaN,
        "Gross Profit": -170,
        "Operating Income": -239,
        "EBIT": -196,
        "Net Income": -209
    },
    "2013-03-31": {
        "Diluted EPS": 0.57,
        "Total Revenue": NaN,
        "Gross Profit": 205,
        "Operating Income": 145,
        "EBIT": 187,
        "Net Income": 81
    },
    "2012-12-31": {
        "Diluted EPS": 0.42,
        "Total Revenue": NaN,
        "Gross Profit": 175,
        "Operating Income": 98,
        "EBIT": 138,
        "Net Income": 60
    },
    "2012-09-30": {
        "Diluted EPS": -0.94,
        "Total Revenue": NaN,
        "Gross Profit": -381,
        "Operating Income": -211,
        "EBIT": -172,
        "Net Income": -134
    },
    "2012-06-30": {
        "Diluted EPS": 0.24,
        "Total Revenue": NaN,
        "Gross Profit": 184,
        "Operating Income": 83,
        "EBIT": 139,
        "Net Income": 35
    },
    "2012-03-31": {
        "Diluted EPS": 0.52,
        "Total Revenue": NaN,
        "Gross Profit": 175,
        "Operating Income": 122,
        "EBIT": 158,
        "Net Income": 74
    },
    "2011-12-31": {
        "Diluted EPS": 0.43,
        "Total Revenue": NaN,
        "Gross Profit": 152,
        "Operating Income": 102,
        "EBIT": 135,
        "Net Income": 57
    },
    "2011-09-30": {
        "Diluted EPS": 0.47,
        "Total Revenue": NaN,
        "Gross Profit": 167,
        "Operating Income": 121,
        "EBIT": 157,
        "Net Income": 67
    },
    "2011-06-30": {
        "Diluted EPS": 0.21,
        "Total Revenue": NaN,
        "Gross Profit": 111,
        "Operating Income": 64,
        "EBIT": 100,
        "Net Income": 30
    },
    "2011-03-31": {
        "Diluted EPS": 0.24,
        "Total Revenue": NaN,
        "Gross Profit": 122,
        "Operating Income": 70,
        "EBIT": 105,
        "Net Income": 35
    },
    "2010-12-31": {
        "Diluted EPS": 0.43,
        "Total Revenue": NaN,
        "Gross Profit": 152,
        "Operating Income": 96,
        "EBIT": 130,
        "Net Income": 62
    },
    "2010-09-30": {
        "Diluted EPS": 0.33,
        "Total Revenue": NaN,
        "Gross Profit": 134,
        "Operating Income": 82,
        "EBIT": 115,
        "Net Income": 46
    },
    "2010-06-30": {
        "Diluted EPS": 0.39,
        "Total Revenue": NaN,
        "Gross Profit": 136,
        "Operating Income": 86,
        "EBIT": 117,
        "Net Income": 55
    },
    "2010-03-31": {
        "Diluted EPS": 0.4,
        "Total Revenue": NaN,
        "Gross Profit": 142,
        "Operating Income": 93,
        "EBIT": 123,
        "Net Income": 56
    },
    "2009-12-31": {
        "Diluted EPS": 0.36,
        "Total Revenue": NaN,
        "Gross Profit": 134,
        "Operating Income": 85,
        "EBIT": 119,
        "Net Income": 50
    },
    "2009-09-30": {
        "Diluted EPS": 0.62,
        "Total Revenue": NaN,
        "Gross Profit": 176,
        "Operating Income": 131,
        "EBIT": 162,
        "Net Income": 87
    },
    "2009-06-30": {
        "Diluted EPS": -0.06,
        "Total Revenue": NaN,
        "Gross Profit": 38,
        "Operating Income": -10,
        "EBIT": 22,
        "Net Income": -8
    },
    "2009-03-31": {
        "Diluted EPS": 0.45,
        "Total Revenue": 887,
        "Gross Profit": 150,
        "Operating Income": 98,
        "EBIT": 128,
        "Net Income": 63
    },
    "2023-09-30": {
        "Tax Effect Of Unusual Items": NaN,
        "Tax Rate For Calcs": NaN,
        "Normalized EBITDA": NaN,
        "Total Unusual Items": NaN,
        "Total Unusual Items Excluding Goodwill": NaN,
        "Net Income From Continuing Operation Net Minority Interest": NaN,
        "Reconciled Depreciation": NaN,
        "Reconciled Cost Of Revenue": NaN,
        "EBITDA": NaN,
        "EBIT": NaN,
        "Net Interest Income": NaN,
        "Interest Expense": NaN,
        "Interest Income": NaN,
        "Normalized Income": NaN,
        "Net Income From Continuing And Discontinued Operation": NaN,
        "Total Expenses": NaN,
        "Total Operating Income As Reported": NaN,
        "Diluted Average Shares": NaN,
        "Basic Average Shares": NaN,
        "Diluted EPS": NaN,
        "Basic EPS": NaN,
        "Diluted NI Availto Com Stockholders": NaN,
        "Net Income Common Stockholders": NaN,
        "Otherunder Preferred Stock Dividend": NaN,
        "Net Income": NaN,
        "Minority Interests": NaN,
        "Net Income Including Noncontrolling Interests": NaN,
        "Net Income Continuous Operations": NaN,
        "Earnings From Equity Interest Net Of Tax": NaN,
        "Tax Provision": NaN,
        "Pretax Income": NaN,
        "Other Income Expense": NaN,
        "Other Non Operating Income Expenses": NaN,
        "Special Income Charges": NaN,
        "Gain On Sale Of Business": NaN,
        "Restructuring And Mergern Acquisition": NaN,
        "Gain On Sale Of Security": NaN,
        "Net Non Operating Interest Income Expense": NaN,
        "Interest Expense Non Operating": NaN,
        "Interest Income Non Operating": NaN,
        "Operating Income": NaN,
        "Operating Expense": NaN,
        "Other Operating Expenses": 800000.0,
        "Other Taxes": NaN,
        "Research And Development": NaN,
        "Selling General And Administration": NaN,
        "Gross Profit": NaN,
        "Cost Of Revenue": NaN,
        "Total Revenue": NaN,
        "Operating Revenue": NaN
    },
    "2023-12-31": {
        "Tax Effect Of Unusual Items": NaN,
        "Tax Rate For Calcs": NaN,
        "Normalized EBITDA": NaN,
        "Total Unusual Items": NaN,
        "Total Unusual Items Excluding Goodwill": NaN,
        "Net Income From Continuing Operation Net Minority Interest": NaN,
        "Reconciled Depreciation": NaN,
        "Reconciled Cost Of Revenue": NaN,
        "EBITDA": NaN,
        "EBIT": NaN,
        "Net Interest Income": NaN,
        "Interest Expense": NaN,
        "Interest Income": NaN,
        "Normalized Income": NaN,
        "Net Income From Continuing And Discontinued Operation": NaN,
        "Total Expenses": NaN,
        "Total Operating Income As Reported": NaN,
        "Diluted Average Shares": NaN,
        "Basic Average Shares": NaN,
        "Diluted EPS": NaN,
        "Basic EPS": NaN,
        "Diluted NI Availto Com Stockholders": NaN,
        "Net Income Common Stockholders": NaN,
        "Otherunder Preferred Stock Dividend": NaN,
        "Net Income": NaN,
        "Minority Interests": NaN,
        "Net Income Including Noncontrolling Interests": NaN,
        "Net Income Continuous Operations": NaN,
        "Earnings From Equity Interest Net Of Tax": NaN,
        "Tax Provision": NaN,
        "Pretax Income": NaN,
        "Other Income Expense": NaN,
        "Other Non Operating Income Expenses": NaN,
        "Special Income Charges": NaN,
        "Gain On Sale Of Business": NaN,
        "Restructuring And Mergern Acquisition": NaN,
        "Gain On Sale Of Security": NaN,
        "Net Non Operating Interest Income Expense": NaN,
        "Interest Expense Non Operating": NaN,
        "Interest Income Non Operating": NaN,
        "Operating Income": NaN,
        "Operating Expense": NaN,
        "Other Operating Expenses": 200000.0,
        "Other Taxes": 1800000.0,
        "Research And Development": NaN,
        "Selling General And Administration": NaN,
        "Gross Profit": NaN,
        "Cost Of Revenue": NaN,
        "Total Revenue": NaN,
        "Operating Revenue": NaN
    },
    "2024-03-31": {
        "Tax Effect Of Unusual Items": NaN,
        "Tax Rate For Calcs": NaN,
        "Normalized EBITDA": NaN,
        "Total Unusual Items": NaN,
        "Total Unusual Items Excluding Goodwill": NaN,
        "Net Income From Continuing Operation Net Minority Interest": NaN,
        "Reconciled Depreciation": NaN,
        "Reconciled Cost Of Revenue": NaN,
        "EBITDA": NaN,
        "EBIT": NaN,
        "Net Interest Income": NaN,
        "Interest Expense": NaN,
        "Interest Income": NaN,
        "Normalized Income": NaN,
        "Net Income From Continuing And Discontinued Operation": NaN,
        "Total Expenses": NaN,
        "Total Operating Income As Reported": NaN,
        "Diluted Average Shares": NaN,
        "Basic Average Shares": NaN,
        "Diluted EPS": NaN,
        "Basic EPS": NaN,
        "Diluted NI Availto Com Stockholders": NaN,
        "Net Income Common Stockholders": NaN,
        "Otherunder Preferred Stock Dividend": 0.0,
        "Net Income": NaN,
        "Minority Interests": NaN,
        "Net Income Including Noncontrolling Interests": NaN,
        "Net Income Continuous Operations": NaN,
        "Earnings From Equity Interest Net Of Tax": NaN,
        "Tax Provision": NaN,
        "Pretax Income": NaN,
        "Other Income Expense": NaN,
        "Other Non Operating Income Expenses": NaN,
        "Special Income Charges": NaN,
        "Gain On Sale Of Business": 0.0,
        "Restructuring And Mergern Acquisition": 0.0,
        "Gain On Sale Of Security": NaN,
        "Net Non Operating Interest Income Expense": NaN,
        "Interest Expense Non Operating": NaN,
        "Interest Income Non Operating": NaN,
        "Operating Income": NaN,
        "Operating Expense": NaN,
        "Other Operating Expenses": NaN,
        "Other Taxes": 0.0,
        "Research And Development": NaN,
        "Selling General And Administration": NaN,
        "Gross Profit": NaN,
        "Cost Of Revenue": NaN,
        "Total Revenue": NaN,
        "Operating Revenue": NaN
    },
    "2024-06-30": {
        "Tax Effect Of Unusual Items": -273000.0,
        "Tax Rate For Calcs": 0.21,
        "Normalized EBITDA": -251900000.0,
        "Total Unusual Items": -1300000.0,
        "Total Unusual Items Excluding Goodwill": -1300000.0,
        "Net Income From Continuing Operation Net Minority Interest": -415300000.0,
        "Reconciled Depreciation": 77700000.0,
        "Reconciled Cost Of Revenue": 1725400000.0,
        "EBITDA": -253200000.0,
        "EBIT": -330900000.0,
        "Net Interest Income": -80000000.0,
        "Interest Expense": 82300000.0,
        "Interest Income": 2300000.0,
        "Normalized Income": -414273000.0,
        "Net Income From Continuing And Discontinued Operation": -415300000.0,
        "Total Expenses": 1822400000.0,
        "Total Operating Income As Reported": -331300000.0,
        "Diluted Average Shares": 116657303.0,
        "Basic Average Shares": 116657303.0,
        "Diluted EPS": -3.56,
        "Basic EPS": -3.56,
        "Diluted NI Availto Com Stockholders": -415300000.0,
        "Net Income Common Stockholders": -415300000.0,
        "Otherunder Preferred Stock Dividend": NaN,
        "Net Income": -415300000.0,
        "Minority Interests": -200000.0,
        "Net Income Including Noncontrolling Interests": -415100000.0,
        "Net Income Continuous Operations": -415100000.0,
        "Earnings From Equity Interest Net Of Tax": 200000.0,
        "Tax Provision": 2100000.0,
        "Pretax Income": -413200000.0,
        "Other Income Expense": -2700000.0,
        "Other Non Operating Income Expenses": -1400000.0,
        "Special Income Charges": -800000.0,
        "Gain On Sale Of Business": 0.0,
        "Restructuring And Mergern Acquisition": 800000.0,
        "Gain On Sale Of Security": -500000.0,
        "Net Non Operating Interest Income Expense": -80000000.0,
        "Interest Expense Non Operating": 82300000.0,
        "Interest Income Non Operating": 2300000.0,
        "Operating Income": -330500000.0,
        "Operating Expense": 97000000.0,
        "Other Operating Expenses": NaN,
        "Other Taxes": 0.0,
        "Research And Development": 13400000.0,
        "Selling General And Administration": 83600000.0,
        "Gross Profit": -233500000.0,
        "Cost Of Revenue": 1725400000.0,
        "Total Revenue": 1491900000.0,
        "Operating Revenue": 1491900000.0
    },
    "2024-09-30": {
        "Tax Effect Of Unusual Items": -5229000.0,
        "Tax Rate For Calcs": 0.21,
        "Normalized EBITDA": -280900000.0,
        "Total Unusual Items": -24900000.0,
        "Total Unusual Items Excluding Goodwill": -24900000.0,
        "Net Income From Continuing Operation Net Minority Interest": -476900000.0,
        "Reconciled Depreciation": 77300000.0,
        "Reconciled Cost Of Revenue": 1716600000.0,
        "EBITDA": -305800000.0,
        "EBIT": -383100000.0,
        "Net Interest Income": -89600000.0,
        "Interest Expense": 90800000.0,
        "Interest Income": 1200000.0,
        "Normalized Income": -457229000.0,
        "Net Income From Continuing And Discontinued Operation": -476900000.0,
        "Total Expenses": 1820800000.0,
        "Total Operating Income As Reported": -350100000.0,
        "Diluted Average Shares": 117200000.0,
        "Basic Average Shares": 117174447.0,
        "Diluted EPS": -4.07,
        "Basic EPS": -4.07,
        "Diluted NI Availto Com Stockholders": -476900000.0,
        "Net Income Common Stockholders": -476900000.0,
        "Otherunder Preferred Stock Dividend": NaN,
        "Net Income": -476900000.0,
        "Minority Interests": -300000.0,
        "Net Income Including Noncontrolling Interests": -476600000.0,
        "Net Income Continuous Operations": -476600000.0,
        "Earnings From Equity Interest Net Of Tax": 100000.0,
        "Tax Provision": 2800000.0,
        "Pretax Income": -473900000.0,
        "Other Income Expense": -34100000.0,
        "Other Non Operating Income Expenses": -9200000.0,
        "Special Income Charges": 100000.0,
        "Gain On Sale Of Business": NaN,
        "Restructuring And Mergern Acquisition": -100000.0,
        "Gain On Sale Of Security": -25000000.0,
        "Net Non Operating Interest Income Expense": -89600000.0,
        "Interest Expense Non Operating": 90800000.0,
        "Interest Income Non Operating": 1200000.0,
        "Operating Income": -350200000.0,
        "Operating Expense": 104200000.0,
        "Other Operating Expenses": NaN,
        "Other Taxes": 0.0,
        "Research And Development": 10400000.0,
        "Selling General And Administration": 93800000.0,
        "Gross Profit": -246000000.0,
        "Cost Of Revenue": 1716600000.0,
        "Total Revenue": 1470600000.0,
        "Operating Revenue": 1470600000.0
    },
    "2024-12-31": {
        "Tax Effect Of Unusual Items": 969984.59168,
        "Tax Rate For Calcs": 0.028197,
        "Normalized EBITDA": -510700000.0,
        "Total Unusual Items": 34400000.0,
        "Total Unusual Items Excluding Goodwill": 34400000.0,
        "Net Income From Continuing Operation Net Minority Interest": -630900000.0,
        "Reconciled Depreciation": 72500000.0,
        "Reconciled Cost Of Revenue": 2108700000.0,
        "EBITDA": -476300000.0,
        "EBIT": -548800000.0,
        "Net Interest Income": -98500000.0,
        "Interest Expense": 100200000.0,
        "Interest Income": 1700000.0,
        "Normalized Income": -664330015.40832,
        "Net Income From Continuing And Discontinued Operation": -630900000.0,
        "Total Expenses": 2228700000.0,
        "Total Operating Income As Reported": -577100000.0,
        "Diluted Average Shares": 117300000.0,
        "Basic Average Shares": 117230483.0,
        "Diluted EPS": -5.38,
        "Basic EPS": -5.38,
        "Diluted NI Availto Com Stockholders": -630900000.0,
        "Net Income Common Stockholders": -630900000.0,
        "Otherunder Preferred Stock Dividend": NaN,
        "Net Income": -630900000.0,
        "Minority Interests": -200000.0,
        "Net Income Including Noncontrolling Interests": -630700000.0,
        "Net Income Continuous Operations": -630700000.0,
        "Earnings From Equity Interest Net Of Tax": 0.0,
        "Tax Provision": -18300000.0,
        "Pretax Income": -649000000.0,
        "Other Income Expense": 26900000.0,
        "Other Non Operating Income Expenses": -7500000.0,
        "Special Income Charges": 0.0,
        "Gain On Sale Of Business": NaN,
        "Restructuring And Mergern Acquisition": 0.0,
        "Gain On Sale Of Security": 34400000.0,
        "Net Non Operating Interest Income Expense": -98500000.0,
        "Interest Expense Non Operating": 100200000.0,
        "Interest Income Non Operating": 1700000.0,
        "Operating Income": -577400000.0,
        "Operating Expense": 120000000.0,
        "Other Operating Expenses": NaN,
        "Other Taxes": 300000.0,
        "Research And Development": 13100000.0,
        "Selling General And Administration": 106600000.0,
        "Gross Profit": -457400000.0,
        "Cost Of Revenue": 2108700000.0,
        "Total Revenue": 1651300000.0,
        "Operating Revenue": 1651300000.0
    },
    "2025-03-31": {
        "Tax Effect Of Unusual Items": 12159000.0,
        "Tax Rate For Calcs": 0.21,
        "Normalized EBITDA": -496000000.0,
        "Total Unusual Items": 57900000.0,
        "Total Unusual Items Excluding Goodwill": 57900000.0,
        "Net Income From Continuing Operation Net Minority Interest": -612900000.0,
        "Reconciled Depreciation": 68800000.0,
        "Reconciled Cost Of Revenue": 1982900000.0,
        "EBITDA": -438100000.0,
        "EBIT": -506900000.0,
        "Net Interest Income": -97800000.0,
        "Interest Expense": 99500000.0,
        "Interest Income": 1700000.0,
        "Normalized Income": -658641000.0,
        "Net Income From Continuing And Discontinued Operation": -612900000.0,
        "Total Expenses": 2089200000.0,
        "Total Operating Income As Reported": -487000000.0,
        "Diluted Average Shares": 117600000.0,
        "Basic Average Shares": 117600000.0,
        "Diluted EPS": -5.21,
        "Basic EPS": -5.21,
        "Diluted NI Availto Com Stockholders": -612900000.0,
        "Net Income Common Stockholders": -612900000.0,
        "Otherunder Preferred Stock Dividend": NaN,
        "Net Income": -612900000.0,
        "Minority Interests": -200000.0,
        "Net Income Including Noncontrolling Interests": -612700000.0,
        "Net Income Continuous Operations": -612700000.0,
        "Earnings From Equity Interest Net Of Tax": -300000.0,
        "Tax Provision": 6000000.0,
        "Pretax Income": -606400000.0,
        "Other Income Expense": 58800000.0,
        "Other Non Operating Income Expenses": 900000.0,
        "Special Income Charges": 80400000.0,
        "Gain On Sale Of Business": 80400000.0,
        "Restructuring And Mergern Acquisition": NaN,
        "Gain On Sale Of Security": -22500000.0,
        "Net Non Operating Interest Income Expense": -97800000.0,
        "Interest Expense Non Operating": 99500000.0,
        "Interest Income Non Operating": 1700000.0,
        "Operating Income": -567400000.0,
        "Operating Expense": 106300000.0,
        "Other Operating Expenses": NaN,
        "Other Taxes": NaN,
        "Research And Development": 14500000.0,
        "Selling General And Administration": 91800000.0,
        "Gross Profit": -461100000.0,
        "Cost Of Revenue": 1982900000.0,
        "Total Revenue": 1521800000.0,
        "Operating Revenue": 1521800000.0
    },
    "2025-06-30": {
        "Tax Effect Of Unusual Items": -32067000.0,
        "Tax Rate For Calcs": 0.21,
        "Normalized EBITDA": -290000000.0,
        "Total Unusual Items": -152700000.0,
        "Total Unusual Items Excluding Goodwill": -152700000.0,
        "Net Income From Continuing Operation Net Minority Interest": -631000000.0,
        "Reconciled Depreciation": 62400000.0,
        "Reconciled Cost Of Revenue": 1866500000.0,
        "EBITDA": -442700000.0,
        "EBIT": -505100000.0,
        "Net Interest Income": -96600000.0,
        "Interest Expense": 99400000.0,
        "Interest Income": 2800000.0,
        "Normalized Income": -510367000.0,
        "Net Income From Continuing And Discontinued Operation": -631000000.0,
        "Total Expenses": 1986000000.0,
        "Total Operating Income As Reported": -480800000.0,
        "Diluted Average Shares": 117700000.0,
        "Basic Average Shares": 117700000.0,
        "Diluted EPS": -5.36,
        "Basic EPS": -5.36,
        "Diluted NI Availto Com Stockholders": -631000000.0,
        "Net Income Common Stockholders": -631000000.0,
        "Otherunder Preferred Stock Dividend": NaN,
        "Net Income": -631000000.0,
        "Minority Interests": -200000.0,
        "Net Income Including Noncontrolling Interests": -630800000.0,
        "Net Income Continuous Operations": -630800000.0,
        "Earnings From Equity Interest Net Of Tax": 0.0,
        "Tax Provision": 26300000.0,
        "Pretax Income": -604500000.0,
        "Other Income Expense": -157000000.0,
        "Other Non Operating Income Expenses": -4300000.0,
        "Special Income Charges": -129900000.0,
        "Gain On Sale Of Business": -129900000.0,
        "Restructuring And Mergern Acquisition": 0.0,
        "Gain On Sale Of Security": -22800000.0,
        "Net Non Operating Interest Income Expense": -96600000.0,
        "Interest Expense Non Operating": 99400000.0,
        "Interest Income Non Operating": 2800000.0,
        "Operating Income": -350900000.0,
        "Operating Expense": 119500000.0,
        "Other Operating Expenses": NaN,
        "Other Taxes": NaN,
        "Research And Development": 12200000.0,
        "Selling General And Administration": 107300000.0,
        "Gross Profit": -231400000.0,
        "Cost Of Revenue": 1866500000.0,
        "Total Revenue": 1635100000.0,
        "Operating Revenue": 1635100000.0
    }
}