{
    "2023-03-31": {
        "Tax Effect Of Unusual Items": NaN,
        "Tax Rate For Calcs": NaN,
        "Normalized EBITDA": NaN,
        "Total Unusual Items": NaN,
        "Total Unusual Items Excluding Goodwill": NaN,
        "Net Income From Continuing Operation Net Minority Interest": NaN,
        "Reconciled Depreciation": NaN,
        "Reconciled Cost Of Revenue": NaN,
        "EBITDA": NaN,
        "EBIT": NaN,
        "Net Interest Income": NaN,
        "Interest Income": 3161000.0,
        "Normalized Income": NaN,
        "Net Income From Continuing And Discontinued Operation": NaN,
        "Total Expenses": NaN,
        "Total Operating Income As Reported": NaN,
        "Diluted Average Shares": NaN,
        "Basic Average Shares": NaN,
        "Diluted EPS": NaN,
        "Basic EPS": NaN,
        "Diluted NI Availto Com Stockholders": NaN,
        "Net Income Common Stockholders": NaN,
        "Net Income": NaN,
        "Minority Interests": NaN,
        "Net Income Including Noncontrolling Interests": NaN,
        "Net Income Continuous Operations": NaN,
        "Tax Provision": NaN,
        "Pretax Income": NaN,
        "Other Income Expense": NaN,
        "Other Non Operating Income Expenses": NaN,
        "Special Income Charges": NaN,
        "Write Off": NaN,
        "Restructuring And Mergern Acquisition": NaN,
        "Net Non Operating Interest Income Expense": NaN,
        "Total Other Finance Cost": -3161000.0,
        "Interest Income Non Operating": 3161000.0,
        "Operating Income": NaN,
        "Operating Expense": NaN,
        "Other Operating Expenses": 127896000.0,
        "Depreciation Amortization Depletion Income Statement": NaN,
        "Depreciation And Amortization In Income Statement": NaN,
        "Amortization": NaN,
        "Amortization Of Intangibles Income Statement": NaN,
        "Research And Development": NaN,
        "Selling General And Administration": NaN,
        "Selling And Marketing Expense": NaN,
        "General And Administrative Expense": NaN,
        "Other Gand A": NaN,
        "Gross Profit": NaN,
        "Cost Of Revenue": NaN,
        "Total Revenue": NaN,
        "Operating Revenue": NaN
    },
    "2022-12-31": {
        "Tax Effect Of Unusual Items": NaN,
        "Tax Rate For Calcs": NaN,
        "Normalized EBITDA": NaN,
        "Total Unusual Items": NaN,
        "Total Unusual Items Excluding Goodwill": NaN,
        "Net Income From Continuing Operation Net Minority Interest": NaN,
        "Reconciled Depreciation": NaN,
        "Reconciled Cost Of Revenue": NaN,
        "EBITDA": NaN,
        "EBIT": NaN,
        "Net Interest Income": NaN,
        "Interest Expense": 1472000.0,
        "Interest Income": NaN,
        "Normalized Income": NaN,
        "Net Income From Continuing And Discontinued Operation": NaN,
        "Total Expenses": NaN,
        "Total Operating Income As Reported": NaN,
        "Diluted Average Shares": NaN,
        "Basic Average Shares": NaN,
        "Diluted EPS": NaN,
        "Basic EPS": NaN,
        "Diluted NI Availto Com Stockholders": NaN,
        "Net Income Common Stockholders": NaN,
        "Net Income": NaN,
        "Minority Interests": NaN,
        "Net Income Including Noncontrolling Interests": NaN,
        "Net Income Continuous Operations": NaN,
        "Tax Provision": NaN,
        "Pretax Income": NaN,
        "Other Income Expense": NaN,
        "Other Non Operating Income Expenses": NaN,
        "Special Income Charges": NaN,
        "Write Off": 8991000.0,
        "Restructuring And Mergern Acquisition": NaN,
        "Net Non Operating Interest Income Expense": NaN,
        "Total Other Finance Cost": NaN,
        "Interest Expense Non Operating": 1472000.0,
        "Interest Income Non Operating": NaN,
        "Operating Income": NaN,
        "Operating Expense": NaN,
        "Other Operating Expenses": 155250000.0,
        "Depreciation Amortization Depletion Income Statement": NaN,
        "Depreciation And Amortization In Income Statement": NaN,
        "Amortization": NaN,
        "Amortization Of Intangibles Income Statement": NaN,
        "Research And Development": NaN,
        "Selling General And Administration": NaN,
        "Selling And Marketing Expense": NaN,
        "General And Administrative Expense": NaN,
        "Other Gand A": NaN,
        "Gross Profit": NaN,
        "Cost Of Revenue": NaN,
        "Total Revenue": NaN,
        "Operating Revenue": NaN
    },
    "2022-09-30": {
        "Tax Effect Of Unusual Items": NaN,
        "Tax Rate For Calcs": NaN,
        "Normalized EBITDA": NaN,
        "Total Unusual Items": NaN,
        "Total Unusual Items Excluding Goodwill": NaN,
        "Net Income From Continuing Operation Net Minority Interest": NaN,
        "Reconciled Depreciation": NaN,
        "Reconciled Cost Of Revenue": NaN,
        "EBITDA": NaN,
        "EBIT": NaN,
        "Net Interest Income": NaN,
        "Interest Expense": 6042000.0,
        "Interest Income": NaN,
        "Normalized Income": NaN,
        "Net Income From Continuing And Discontinued Operation": NaN,
        "Total Expenses": NaN,
        "Total Operating Income As Reported": NaN,
        "Diluted Average Shares": 592672000.0,
        "Basic Average Shares": 592672000.0,
        "Diluted EPS": -0.02,
        "Basic EPS": -0.02,
        "Diluted NI Availto Com Stockholders": NaN,
        "Net Income Common Stockholders": NaN,
        "Net Income": NaN,
        "Minority Interests": NaN,
        "Net Income Including Noncontrolling Interests": NaN,
        "Net Income Continuous Operations": NaN,
        "Tax Provision": NaN,
        "Pretax Income": NaN,
        "Other Income Expense": NaN,
        "Other Non Operating Income Expenses": NaN,
        "Special Income Charges": NaN,
        "Write Off": 1619000.0,
        "Restructuring And Mergern Acquisition": NaN,
        "Net Non Operating Interest Income Expense": NaN,
        "Total Other Finance Cost": 6042000.0,
        "Interest Expense Non Operating": 6042000.0,
        "Interest Income Non Operating": NaN,
        "Operating Income": NaN,
        "Operating Expense": NaN,
        "Other Operating Expenses": 147586000.0,
        "Depreciation Amortization Depletion Income Statement": NaN,
        "Depreciation And Amortization In Income Statement": NaN,
        "Amortization": NaN,
        "Amortization Of Intangibles Income Statement": NaN,
        "Research And Development": NaN,
        "Selling General And Administration": NaN,
        "Selling And Marketing Expense": NaN,
        "General And Administrative Expense": NaN,
        "Other Gand A": NaN,
        "Gross Profit": NaN,
        "Cost Of Revenue": NaN,
        "Total Revenue": NaN,
        "Operating Revenue": NaN
    },
    "2022-06-30": {
        "Tax Effect Of Unusual Items": -14384400.0,
        "Tax Rate For Calcs": 0.4,
        "Normalized EBITDA": -68207000.0,
        "Total Unusual Items": -35961000.0,
        "Total Unusual Items Excluding Goodwill": -35961000.0,
        "Net Income From Continuing Operation Net Minority Interest": -208014000.0,
        "Reconciled Depreciation": 90839000.0,
        "Reconciled Cost Of Revenue": 2883401000.0,
        "EBITDA": -104168000.0,
        "EBIT": -195007000.0,
        "Net Interest Income": -12966000.0,
        "Interest Expense": 12966000.0,
        "Normalized Income": -186437400.0,
        "Net Income From Continuing And Discontinued Operation": -208014000.0,
        "Total Expenses": 4582311000.0,
        "Total Operating Income As Reported": -213773000.0,
        "Diluted Average Shares": 581350000.0,
        "Basic Average Shares": 581350000.0,
        "Diluted EPS": -0.36,
        "Basic EPS": -0.36,
        "Diluted NI Availto Com Stockholders": -208014000.0,
        "Net Income Common Stockholders": -208014000.0,
        "Net Income": -208014000.0,
        "Minority Interests": 1263000.0,
        "Net Income Including Noncontrolling Interests": -209277000.0,
        "Net Income Continuous Operations": -209277000.0,
        "Tax Provision": 1304000.0,
        "Pretax Income": -207973000.0,
        "Other Income Expense": -17195000.0,
        "Other Non Operating Income Expenses": 18766000.0,
        "Special Income Charges": -35961000.0,
        "Write Off": 35961000.0,
        "Net Non Operating Interest Income Expense": -12966000.0,
        "Total Other Finance Cost": NaN,
        "Interest Expense Non Operating": 12966000.0,
        "Operating Income": -177812000.0,
        "Operating Expense": 1647460000.0,
        "Other Operating Expenses": 156697000.0,
        "Depreciation Amortization Depletion Income Statement": 39389000.0,
        "Depreciation And Amortization In Income Statement": 39389000.0,
        "Amortization": 39389000.0,
        "Amortization Of Intangibles Income Statement": 39389000.0,
        "Research And Development": 524827000.0,
        "Selling General And Administration": 926547000.0,
        "Selling And Marketing Expense": 530827000.0,
        "General And Administrative Expense": 395720000.0,
        "Other Gand A": 395720000.0,
        "Gross Profit": 1469648000.0,
        "Cost Of Revenue": 2934851000.0,
        "Total Revenue": 4404499000.0,
        "Operating Revenue": 4404499000.0
    },
    "2023-06-30": {
        "Tax Effect Of Unusual Items": NaN,
        "Tax Rate For Calcs": NaN,
        "Normalized EBITDA": NaN,
        "Total Unusual Items": NaN,
        "Total Unusual Items Excluding Goodwill": NaN,
        "Net Income From Continuing Operation Net Minority Interest": NaN,
        "Reconciled Depreciation": NaN,
        "Reconciled Cost Of Revenue": NaN,
        "EBITDA": NaN,
        "EBIT": NaN,
        "Net Interest Income": NaN,
        "Interest Income": 3944000.0,
        "Normalized Income": NaN,
        "Net Income From Continuing And Discontinued Operation": NaN,
        "Total Expenses": NaN,
        "Total Operating Income As Reported": NaN,
        "Diluted Average Shares": 606692000.0,
        "Basic Average Shares": 606692000.0,
        "Diluted EPS": -0.2,
        "Basic EPS": -0.2,
        "Diluted NI Availto Com Stockholders": NaN,
        "Net Income Common Stockholders": NaN,
        "Net Income": NaN,
        "Minority Interests": NaN,
        "Net Income Including Noncontrolling Interests": NaN,
        "Net Income Continuous Operations": NaN,
        "Tax Provision": NaN,
        "Pretax Income": NaN,
        "Other Income Expense": NaN,
        "Other Non Operating Income Expenses": NaN,
        "Special Income Charges": NaN,
        "Write Off": 0.0,
        "Restructuring And Mergern Acquisition": NaN,
        "Net Non Operating Interest Income Expense": NaN,
        "Total Other Finance Cost": -3944000.0,
        "Interest Income Non Operating": 3944000.0,
        "Operating Income": NaN,
        "Operating Expense": NaN,
        "Other Operating Expenses": 179771000.0,
        "Depreciation Amortization Depletion Income Statement": NaN,
        "Depreciation And Amortization In Income Statement": NaN,
        "Amortization": NaN,
        "Amortization Of Intangibles Income Statement": NaN,
        "Research And Development": NaN,
        "Selling General And Administration": NaN,
        "Selling And Marketing Expense": NaN,
        "General And Administrative Expense": NaN,
        "Other Gand A": NaN,
        "Gross Profit": NaN,
        "Cost Of Revenue": NaN,
        "Total Revenue": NaN,
        "Operating Revenue": NaN
    },
    "2023-09-30": {
        "Tax Effect Of Unusual Items": -37240980.0,
        "Tax Rate For Calcs": 0.21,
        "Normalized EBITDA": 460286000.0,
        "Total Unusual Items": -177338000.0,
        "Total Unusual Items Excluding Goodwill": -177338000.0,
        "Net Income From Continuing Operation Net Minority Interest": -88738000.0,
        "Reconciled Depreciation": 115518000.0,
        "Reconciled Cost Of Revenue": 3660491000.0,
        "EBITDA": 282948000.0,
        "EBIT": 167430000.0,
        "Net Interest Income": 21415000.0,
        "Interest Income": NaN,
        "Normalized Income": 51359020.0,
        "Net Income From Continuing And Discontinued Operation": -88738000.0,
        "Total Expenses": 5450063000.0,
        "Total Operating Income As Reported": -9908000.0,
        "Diluted Average Shares": 611276000.0,
        "Basic Average Shares": 611276000.0,
        "Diluted EPS": -0.15,
        "Basic EPS": -0.15,
        "Diluted NI Availto Com Stockholders": -88738000.0,
        "Net Income Common Stockholders": -88738000.0,
        "Net Income": -88738000.0,
        "Minority Interests": 4806000.0,
        "Net Income Including Noncontrolling Interests": -93544000.0,
        "Net Income Continuous Operations": -93544000.0,
        "Tax Provision": 81139000.0,
        "Pretax Income": -12405000.0,
        "Other Income Expense": -201250000.0,
        "Other Non Operating Income Expenses": -23912000.0,
        "Special Income Charges": -177338000.0,
        "Write Off": 0.0,
        "Restructuring And Mergern Acquisition": 177338000.0,
        "Net Non Operating Interest Income Expense": 21415000.0,
        "Total Other Finance Cost": -21415000.0,
        "Interest Income Non Operating": NaN,
        "Operating Income": 167430000.0,
        "Operating Expense": 1731019000.0,
        "Other Operating Expenses": 177338000.0,
        "Depreciation Amortization Depletion Income Statement": 56965000.0,
        "Depreciation And Amortization In Income Statement": 56965000.0,
        "Amortization": 56965000.0,
        "Amortization Of Intangibles Income Statement": 56965000.0,
        "Research And Development": 713788000.0,
        "Selling General And Administration": 960266000.0,
        "Selling And Marketing Expense": 479381000.0,
        "General And Administrative Expense": 480885000.0,
        "Other Gand A": 480885000.0,
        "Gross Profit": 1898449000.0,
        "Cost Of Revenue": 3719044000.0,
        "Total Revenue": 5617493000.0,
        "Operating Revenue": 5617493000.0
    },
    "2023-12-31": {
        "Tax Effect Of Unusual Items": -36888180.0,
        "Tax Rate For Calcs": 0.21,
        "Normalized EBITDA": 325988000.0,
        "Total Unusual Items": -175658000.0,
        "Total Unusual Items Excluding Goodwill": -175658000.0,
        "Net Income From Continuing Operation Net Minority Interest": 178070000.0,
        "Reconciled Depreciation": 105324000.0,
        "Reconciled Cost Of Revenue": 3685093000.0,
        "EBITDA": 150330000.0,
        "EBIT": 45006000.0,
        "Net Interest Income": 18701000.0,
        "Interest Income": NaN,
        "Normalized Income": 316839820.0,
        "Net Income From Continuing And Discontinued Operation": 178070000.0,
        "Total Expenses": 5728036000.0,
        "Total Operating Income As Reported": -130652000.0,
        "Diluted Average Shares": NaN,
        "Basic Average Shares": NaN,
        "Diluted EPS": NaN,
        "Basic EPS": NaN,
        "Diluted NI Availto Com Stockholders": 178070000.0,
        "Net Income Common Stockholders": 178070000.0,
        "Net Income": 178070000.0,
        "Minority Interests": 20266000.0,
        "Net Income Including Noncontrolling Interests": 157804000.0,
        "Net Income Continuous Operations": 157804000.0,
        "Tax Provision": -51792000.0,
        "Pretax Income": 106012000.0,
        "Other Income Expense": 42305000.0,
        "Other Non Operating Income Expenses": 217963000.0,
        "Special Income Charges": -175658000.0,
        "Write Off": 0.0,
        "Restructuring And Mergern Acquisition": 175658000.0,
        "Net Non Operating Interest Income Expense": 18701000.0,
        "Total Other Finance Cost": -18701000.0,
        "Interest Income Non Operating": NaN,
        "Operating Income": 45006000.0,
        "Operating Expense": 1980746000.0,
        "Other Operating Expenses": NaN,
        "Depreciation Amortization Depletion Income Statement": 43127000.0,
        "Depreciation And Amortization In Income Statement": 43127000.0,
        "Amortization": 43127000.0,
        "Amortization Of Intangibles Income Statement": 43127000.0,
        "Research And Development": 685422000.0,
        "Selling General And Administration": 1252197000.0,
        "Selling And Marketing Expense": 506010000.0,
        "General And Administrative Expense": 746187000.0,
        "Other Gand A": 746187000.0,
        "Gross Profit": 2025752000.0,
        "Cost Of Revenue": 3747290000.0,
        "Total Revenue": 5773042000.0,
        "Operating Revenue": 5773042000.0
    },
    "2024-03-31": {
        "Tax Effect Of Unusual Items": -38117670.0,
        "Tax Rate For Calcs": 0.23,
        "Normalized EBITDA": 678841000.0,
        "Total Unusual Items": -165729000.0,
        "Total Unusual Items Excluding Goodwill": -165729000.0,
        "Net Income From Continuing Operation Net Minority Interest": 472005000.0,
        "Reconciled Depreciation": 97640000.0,
        "Reconciled Cost Of Revenue": 3808297000.0,
        "EBITDA": 513112000.0,
        "EBIT": 415472000.0,
        "Net Interest Income": 18745000.0,
        "Interest Income": 18745000.0,
        "Normalized Income": 599616330.0,
        "Net Income From Continuing And Discontinued Operation": 472005000.0,
        "Total Expenses": 5541656000.0,
        "Total Operating Income As Reported": 249743000.0,
        "Diluted Average Shares": 637360000.0,
        "Basic Average Shares": 616401000.0,
        "Diluted EPS": 0.74,
        "Basic EPS": 0.77,
        "Diluted NI Availto Com Stockholders": 472005000.0,
        "Net Income Common Stockholders": 472005000.0,
        "Net Income": 472005000.0,
        "Minority Interests": 1185000.0,
        "Net Income Including Noncontrolling Interests": 470820000.0,
        "Net Income Continuous Operations": 470820000.0,
        "Tax Provision": 35492000.0,
        "Pretax Income": 506312000.0,
        "Other Income Expense": 72095000.0,
        "Other Non Operating Income Expenses": 237824000.0,
        "Special Income Charges": -165729000.0,
        "Write Off": NaN,
        "Restructuring And Mergern Acquisition": 165729000.0,
        "Net Non Operating Interest Income Expense": 18745000.0,
        "Total Other Finance Cost": NaN,
        "Interest Income Non Operating": 18745000.0,
        "Operating Income": 415472000.0,
        "Operating Expense": 1679001000.0,
        "Other Operating Expenses": NaN,
        "Depreciation Amortization Depletion Income Statement": 43282000.0,
        "Depreciation And Amortization In Income Statement": 43282000.0,
        "Amortization": 43282000.0,
        "Amortization Of Intangibles Income Statement": 43282000.0,
        "Research And Development": 720574000.0,
        "Selling General And Administration": 915145000.0,
        "Selling And Marketing Expense": 443885000.0,
        "General And Administrative Expense": 471260000.0,
        "Other Gand A": 471260000.0,
        "Gross Profit": 2094473000.0,
        "Cost Of Revenue": 3862655000.0,
        "Total Revenue": 5957128000.0,
        "Operating Revenue": 5957128000.0
    },
    "2024-06-30": {
        "Tax Effect Of Unusual Items": -40280520.0,
        "Tax Rate For Calcs": 0.21,
        "Normalized EBITDA": 787089000.0,
        "Total Unusual Items": -191812000.0,
        "Total Unusual Items Excluding Goodwill": -191812000.0,
        "Net Income From Continuing Operation Net Minority Interest": 195268000.0,
        "Reconciled Depreciation": 96903000.0,
        "Reconciled Cost Of Revenue": 3865993000.0,
        "EBITDA": 595277000.0,
        "EBIT": 498374000.0,
        "Net Interest Income": 1871000.0,
        "Interest Income": 1871000.0,
        "Normalized Income": 346799480.0,
        "Net Income From Continuing And Discontinued Operation": 195268000.0,
        "Total Expenses": 5657189000.0,
        "Total Operating Income As Reported": 306562000.0,
        "Diluted Average Shares": 634221000.0,
        "Basic Average Shares": 617666000.0,
        "Diluted EPS": 0.31,
        "Basic EPS": 0.32,
        "Diluted NI Availto Com Stockholders": 195268000.0,
        "Net Income Common Stockholders": 195268000.0,
        "Net Income": 195268000.0,
        "Minority Interests": 5396000.0,
        "Net Income Including Noncontrolling Interests": 189872000.0,
        "Net Income Continuous Operations": 189872000.0,
        "Tax Provision": 59029000.0,
        "Pretax Income": 248901000.0,
        "Other Income Expense": -251344000.0,
        "Other Non Operating Income Expenses": -59532000.0,
        "Special Income Charges": -191812000.0,
        "Write Off": NaN,
        "Restructuring And Mergern Acquisition": 191812000.0,
        "Net Non Operating Interest Income Expense": 1871000.0,
        "Total Other Finance Cost": NaN,
        "Interest Income Non Operating": 1871000.0,
        "Operating Income": 498374000.0,
        "Operating Expense": 1735106000.0,
        "Other Operating Expenses": NaN,
        "Depreciation Amortization Depletion Income Statement": 40813000.0,
        "Depreciation And Amortization In Income Statement": 40813000.0,
        "Amortization": 40813000.0,
        "Amortization Of Intangibles Income Statement": 40813000.0,
        "Research And Development": 713163000.0,
        "Selling General And Administration": 981130000.0,
        "Selling And Marketing Expense": 507562000.0,
        "General And Administrative Expense": 473568000.0,
        "Other Gand A": 473568000.0,
        "Gross Profit": 2233480000.0,
        "Cost Of Revenue": 3922083000.0,
        "Total Revenue": 6155563000.0,
        "Operating Revenue": 6155563000.0
    },
    "2024-09-30": {
        "Tax Effect Of Unusual Items": -57618600.0,
        "Tax Rate For Calcs": 0.3,
        "Normalized EBITDA": 799839000.0,
        "Total Unusual Items": -192062000.0,
        "Total Unusual Items Excluding Goodwill": -192062000.0,
        "Net Income From Continuing Operation Net Minority Interest": 283754000.0,
        "Reconciled Depreciation": 92706000.0,
        "Reconciled Cost Of Revenue": 3669431000.0,
        "EBITDA": 607777000.0,
        "EBIT": 515071000.0,
        "Net Interest Income": -13811000.0,
        "Interest Income": NaN,
        "Normalized Income": 418197400.0,
        "Net Income From Continuing And Discontinued Operation": 283754000.0,
        "Total Expenses": 5460730000.0,
        "Total Operating Income As Reported": 323009000.0,
        "Diluted Average Shares": 632760000.0,
        "Basic Average Shares": 616428000.0,
        "Diluted EPS": 0.45,
        "Basic EPS": 0.46,
        "Diluted NI Availto Com Stockholders": 283754000.0,
        "Net Income Common Stockholders": 283754000.0,
        "Net Income": 283754000.0,
        "Minority Interests": 2618000.0,
        "Net Income Including Noncontrolling Interests": 281136000.0,
        "Net Income Continuous Operations": 281136000.0,
        "Tax Provision": 43011000.0,
        "Pretax Income": 324147000.0,
        "Other Income Expense": -177113000.0,
        "Other Non Operating Income Expenses": 14949000.0,
        "Special Income Charges": -192062000.0,
        "Write Off": NaN,
        "Restructuring And Mergern Acquisition": 192062000.0,
        "Net Non Operating Interest Income Expense": -13811000.0,
        "Total Other Finance Cost": 13811000.0,
        "Interest Income Non Operating": NaN,
        "Operating Income": 515071000.0,
        "Operating Expense": 1734614000.0,
        "Other Operating Expenses": NaN,
        "Depreciation Amortization Depletion Income Statement": 36021000.0,
        "Depreciation And Amortization In Income Statement": 36021000.0,
        "Amortization": 36021000.0,
        "Amortization Of Intangibles Income Statement": 36021000.0,
        "Research And Development": 710983000.0,
        "Selling General And Administration": 987610000.0,
        "Selling And Marketing Expense": 511755000.0,
        "General And Administrative Expense": 475855000.0,
        "Other Gand A": 475855000.0,
        "Gross Profit": 2249685000.0,
        "Cost Of Revenue": 3726116000.0,
        "Total Revenue": 5975801000.0,
        "Operating Revenue": 5975801000.0
    }
}