{
    "2023-03-31": {
        "Tax Effect Of Unusual Items": NaN,
        "Tax Rate For Calcs": NaN,
        "Normalized EBITDA": NaN,
        "Total Unusual Items": NaN,
        "Total Unusual Items Excluding Goodwill": NaN,
        "Net Income From Continuing Operation Net Minority Interest": NaN,
        "Reconciled Depreciation": NaN,
        "Reconciled Cost Of Revenue": NaN,
        "EBITDA": NaN,
        "EBIT": NaN,
        "Net Interest Income": NaN,
        "Interest Expense": NaN,
        "Interest Income": NaN,
        "Normalized Income": NaN,
        "Net Income From Continuing And Discontinued Operation": NaN,
        "Total Expenses": NaN,
        "Diluted Average Shares": 1124912000.0,
        "Basic Average Shares": 1110195000.0,
        "Diluted EPS": 0.02,
        "Basic EPS": 0.02,
        "Diluted NI Availto Com Stockholders": NaN,
        "Net Income Common Stockholders": NaN,
        "Net Income": NaN,
        "Minority Interests": NaN,
        "Net Income Including Noncontrolling Interests": NaN,
        "Net Income Discontinuous Operations": NaN,
        "Net Income Continuous Operations": NaN,
        "Tax Provision": NaN,
        "Pretax Income": NaN,
        "Other Income Expense": NaN,
        "Special Income Charges": NaN,
        "Gain On Sale Of Business": NaN,
        "Write Off": NaN,
        "Impairment Of Capital Assets": NaN,
        "Earnings From Equity Interest": NaN,
        "Gain On Sale Of Security": NaN,
        "Net Non Operating Interest Income Expense": NaN,
        "Interest Expense Non Operating": NaN,
        "Interest Income Non Operating": NaN,
        "Operating Income": NaN,
        "Operating Expense": NaN,
        "Other Operating Expenses": NaN,
        "Depreciation Amortization Depletion Income Statement": NaN,
        "Depreciation And Amortization In Income Statement": NaN,
        "Selling General And Administration": NaN,
        "General And Administrative Expense": NaN,
        "Salaries And Wages": NaN,
        "Gross Profit": NaN,
        "Cost Of Revenue": NaN,
        "Total Revenue": NaN,
        "Operating Revenue": NaN
    },
    "2022-12-31": {
        "Tax Effect Of Unusual Items": NaN,
        "Tax Rate For Calcs": NaN,
        "Normalized EBITDA": NaN,
        "Total Unusual Items": NaN,
        "Total Unusual Items Excluding Goodwill": NaN,
        "Net Income From Continuing Operation Net Minority Interest": NaN,
        "Reconciled Depreciation": NaN,
        "Reconciled Cost Of Revenue": NaN,
        "EBITDA": NaN,
        "EBIT": NaN,
        "Net Interest Income": NaN,
        "Interest Expense": NaN,
        "Interest Income": NaN,
        "Normalized Income": NaN,
        "Net Income From Continuing And Discontinued Operation": NaN,
        "Total Expenses": NaN,
        "Diluted Average Shares": 297215714.0,
        "Basic Average Shares": 297215714.0,
        "Diluted EPS": -0.110173,
        "Basic EPS": -0.110173,
        "Diluted NI Availto Com Stockholders": NaN,
        "Net Income Common Stockholders": NaN,
        "Net Income": NaN,
        "Minority Interests": NaN,
        "Net Income Including Noncontrolling Interests": NaN,
        "Net Income Discontinuous Operations": NaN,
        "Net Income Continuous Operations": NaN,
        "Tax Provision": NaN,
        "Pretax Income": NaN,
        "Other Income Expense": NaN,
        "Special Income Charges": NaN,
        "Gain On Sale Of Business": NaN,
        "Write Off": NaN,
        "Impairment Of Capital Assets": NaN,
        "Earnings From Equity Interest": NaN,
        "Gain On Sale Of Security": NaN,
        "Net Non Operating Interest Income Expense": NaN,
        "Interest Expense Non Operating": NaN,
        "Interest Income Non Operating": NaN,
        "Operating Income": NaN,
        "Operating Expense": NaN,
        "Other Operating Expenses": NaN,
        "Depreciation Amortization Depletion Income Statement": NaN,
        "Depreciation And Amortization In Income Statement": NaN,
        "Selling General And Administration": NaN,
        "General And Administrative Expense": NaN,
        "Salaries And Wages": NaN,
        "Gross Profit": NaN,
        "Cost Of Revenue": NaN,
        "Total Revenue": NaN,
        "Operating Revenue": NaN
    },
    "2022-09-30": {
        "Tax Effect Of Unusual Items": NaN,
        "Tax Rate For Calcs": NaN,
        "Normalized EBITDA": NaN,
        "Total Unusual Items": NaN,
        "Total Unusual Items Excluding Goodwill": NaN,
        "Net Income From Continuing Operation Net Minority Interest": NaN,
        "Reconciled Depreciation": NaN,
        "Reconciled Cost Of Revenue": NaN,
        "EBITDA": NaN,
        "EBIT": NaN,
        "Net Interest Income": NaN,
        "Interest Expense": NaN,
        "Interest Income": NaN,
        "Normalized Income": NaN,
        "Net Income From Continuing And Discontinued Operation": NaN,
        "Total Expenses": NaN,
        "Diluted Average Shares": NaN,
        "Basic Average Shares": NaN,
        "Diluted EPS": NaN,
        "Basic EPS": NaN,
        "Diluted NI Availto Com Stockholders": NaN,
        "Net Income Common Stockholders": NaN,
        "Net Income": NaN,
        "Minority Interests": NaN,
        "Net Income Including Noncontrolling Interests": NaN,
        "Net Income Discontinuous Operations": 0.0,
        "Net Income Continuous Operations": NaN,
        "Tax Provision": NaN,
        "Pretax Income": NaN,
        "Other Income Expense": NaN,
        "Special Income Charges": NaN,
        "Gain On Sale Of Business": 0.0,
        "Write Off": NaN,
        "Impairment Of Capital Assets": 0.0,
        "Earnings From Equity Interest": NaN,
        "Gain On Sale Of Security": NaN,
        "Net Non Operating Interest Income Expense": NaN,
        "Interest Expense Non Operating": NaN,
        "Interest Income Non Operating": NaN,
        "Operating Income": NaN,
        "Operating Expense": NaN,
        "Other Operating Expenses": NaN,
        "Depreciation Amortization Depletion Income Statement": NaN,
        "Depreciation And Amortization In Income Statement": NaN,
        "Selling General And Administration": NaN,
        "General And Administrative Expense": NaN,
        "Salaries And Wages": NaN,
        "Gross Profit": NaN,
        "Cost Of Revenue": NaN,
        "Total Revenue": NaN,
        "Operating Revenue": NaN
    },
    "2022-06-30": {
        "Tax Effect Of Unusual Items": 7525600.0,
        "Tax Rate For Calcs": 0.4,
        "Normalized EBITDA": 61443000.0,
        "Total Unusual Items": 18814000.0,
        "Total Unusual Items Excluding Goodwill": 18814000.0,
        "Net Income From Continuing Operation Net Minority Interest": 22790000.0,
        "Reconciled Depreciation": 49102000.0,
        "Reconciled Cost Of Revenue": 38472000.0,
        "EBITDA": 80257000.0,
        "EBIT": 31155000.0,
        "Net Interest Income": -8574000.0,
        "Interest Expense": 9212000.0,
        "Interest Income": 638000.0,
        "Normalized Income": 11501600.0,
        "Net Income From Continuing And Discontinued Operation": 22790000.0,
        "Total Expenses": 173188000.0,
        "Diluted Average Shares": 217625000.0,
        "Basic Average Shares": 206989000.0,
        "Diluted EPS": 0.07,
        "Basic EPS": 0.08,
        "Diluted NI Availto Com Stockholders": 22790000.0,
        "Net Income Common Stockholders": 22790000.0,
        "Net Income": 22790000.0,
        "Minority Interests": -26000.0,
        "Net Income Including Noncontrolling Interests": 22816000.0,
        "Net Income Discontinuous Operations": NaN,
        "Net Income Continuous Operations": 22816000.0,
        "Tax Provision": -873000.0,
        "Pretax Income": 21943000.0,
        "Other Income Expense": 26516000.0,
        "Special Income Charges": 378000.0,
        "Gain On Sale Of Business": NaN,
        "Write Off": -378000.0,
        "Earnings From Equity Interest": 7702000.0,
        "Gain On Sale Of Security": 18436000.0,
        "Net Non Operating Interest Income Expense": -8574000.0,
        "Interest Expense Non Operating": 9212000.0,
        "Interest Income Non Operating": 638000.0,
        "Operating Income": 4001000.0,
        "Operating Expense": 134716000.0,
        "Other Operating Expenses": 21172000.0,
        "Depreciation Amortization Depletion Income Statement": 49102000.0,
        "Depreciation And Amortization In Income Statement": 49102000.0,
        "Selling General And Administration": 64442000.0,
        "General And Administrative Expense": 64442000.0,
        "Salaries And Wages": 64442000.0,
        "Gross Profit": 138717000.0,
        "Cost Of Revenue": 38472000.0,
        "Total Revenue": 177189000.0,
        "Operating Revenue": 177189000.0
    },
    "2022-03-31": {
        "Diluted EPS": 0.0,
        "Total Revenue": 188,
        "Gross Profit": 147,
        "Operating Income": 12,
        "EBIT": 71,
        "Net Income": 9
    },
    "2021-09-30": {
        "Diluted EPS": 0.0,
        "Total Revenue": 161,
        "Gross Profit": 127,
        "Operating Income": 8,
        "EBIT": 39,
        "Net Income": -10
    },
    "2021-06-30": {
        "Diluted EPS": 34.58,
        "Total Revenue": 173,
        "Gross Profit": 134,
        "Operating Income": 23,
        "EBIT": 23,
        "Net Income": 18
    },
    "2020-12-31": {
        "Diluted EPS": 0.0,
        "Total Revenue": NaN,
        "Gross Profit": NaN,
        "Operating Income": NaN,
        "EBIT": NaN,
        "Net Income": NaN
    },
    "2023-06-30": {
        "Tax Effect Of Unusual Items": NaN,
        "Tax Rate For Calcs": NaN,
        "Normalized EBITDA": NaN,
        "Total Unusual Items": NaN,
        "Total Unusual Items Excluding Goodwill": NaN,
        "Net Income From Continuing Operation Net Minority Interest": NaN,
        "Reconciled Depreciation": NaN,
        "Reconciled Cost Of Revenue": NaN,
        "EBITDA": NaN,
        "EBIT": NaN,
        "Net Interest Income": NaN,
        "Interest Expense": NaN,
        "Interest Income": NaN,
        "Normalized Income": NaN,
        "Net Income From Continuing And Discontinued Operation": NaN,
        "Total Expenses": NaN,
        "Diluted Average Shares": 1123181000.0,
        "Basic Average Shares": 1110656000.0,
        "Diluted EPS": 7.8e-05,
        "Basic EPS": 7.9e-05,
        "Diluted NI Availto Com Stockholders": NaN,
        "Net Income Common Stockholders": NaN,
        "Net Income": NaN,
        "Minority Interests": NaN,
        "Net Income Including Noncontrolling Interests": NaN,
        "Net Income Discontinuous Operations": NaN,
        "Net Income Continuous Operations": NaN,
        "Tax Provision": NaN,
        "Pretax Income": NaN,
        "Other Income Expense": NaN,
        "Special Income Charges": NaN,
        "Gain On Sale Of Business": -8018000.0,
        "Write Off": NaN,
        "Impairment Of Capital Assets": NaN,
        "Restructuring And Mergern Acquisition": NaN,
        "Earnings From Equity Interest": NaN,
        "Gain On Sale Of Security": NaN,
        "Net Non Operating Interest Income Expense": NaN,
        "Interest Expense Non Operating": NaN,
        "Interest Income Non Operating": NaN,
        "Operating Income": NaN,
        "Operating Expense": NaN,
        "Other Operating Expenses": NaN,
        "Depreciation Amortization Depletion Income Statement": NaN,
        "Depreciation And Amortization In Income Statement": NaN,
        "Selling General And Administration": NaN,
        "General And Administrative Expense": NaN,
        "Salaries And Wages": NaN,
        "Gross Profit": NaN,
        "Cost Of Revenue": NaN,
        "Total Revenue": NaN,
        "Operating Revenue": NaN
    },
    "2023-09-30": {
        "Tax Effect Of Unusual Items": NaN,
        "Tax Rate For Calcs": NaN,
        "Normalized EBITDA": NaN,
        "Total Unusual Items": NaN,
        "Total Unusual Items Excluding Goodwill": NaN,
        "Net Income From Continuing Operation Net Minority Interest": NaN,
        "Reconciled Depreciation": NaN,
        "Reconciled Cost Of Revenue": NaN,
        "EBITDA": NaN,
        "EBIT": NaN,
        "Net Interest Income": NaN,
        "Interest Expense": NaN,
        "Interest Income": NaN,
        "Normalized Income": NaN,
        "Net Income From Continuing And Discontinued Operation": NaN,
        "Total Expenses": NaN,
        "Diluted Average Shares": NaN,
        "Basic Average Shares": NaN,
        "Diluted EPS": NaN,
        "Basic EPS": NaN,
        "Diluted NI Availto Com Stockholders": NaN,
        "Net Income Common Stockholders": NaN,
        "Net Income": NaN,
        "Minority Interests": NaN,
        "Net Income Including Noncontrolling Interests": NaN,
        "Net Income Discontinuous Operations": -495000.0,
        "Net Income Continuous Operations": NaN,
        "Tax Provision": NaN,
        "Pretax Income": NaN,
        "Other Income Expense": NaN,
        "Special Income Charges": NaN,
        "Gain On Sale Of Business": 0.0,
        "Write Off": NaN,
        "Impairment Of Capital Assets": 9854000.0,
        "Restructuring And Mergern Acquisition": 5600000.0,
        "Earnings From Equity Interest": NaN,
        "Gain On Sale Of Security": NaN,
        "Net Non Operating Interest Income Expense": NaN,
        "Interest Expense Non Operating": NaN,
        "Interest Income Non Operating": NaN,
        "Operating Income": NaN,
        "Operating Expense": NaN,
        "Other Operating Expenses": NaN,
        "Depreciation Amortization Depletion Income Statement": NaN,
        "Depreciation And Amortization In Income Statement": NaN,
        "Selling General And Administration": NaN,
        "General And Administrative Expense": NaN,
        "Salaries And Wages": NaN,
        "Gross Profit": NaN,
        "Cost Of Revenue": NaN,
        "Total Revenue": NaN,
        "Operating Revenue": NaN
    },
    "2023-12-31": {
        "Tax Effect Of Unusual Items": NaN,
        "Tax Rate For Calcs": NaN,
        "Normalized EBITDA": NaN,
        "Total Unusual Items": NaN,
        "Total Unusual Items Excluding Goodwill": NaN,
        "Net Income From Continuing Operation Net Minority Interest": NaN,
        "Reconciled Depreciation": NaN,
        "Reconciled Cost Of Revenue": NaN,
        "EBITDA": NaN,
        "EBIT": NaN,
        "Net Interest Income": NaN,
        "Interest Expense": NaN,
        "Interest Income": NaN,
        "Normalized Income": NaN,
        "Net Income From Continuing And Discontinued Operation": NaN,
        "Total Expenses": NaN,
        "Diluted Average Shares": NaN,
        "Basic Average Shares": NaN,
        "Diluted EPS": NaN,
        "Basic EPS": NaN,
        "Diluted NI Availto Com Stockholders": NaN,
        "Net Income Common Stockholders": NaN,
        "Net Income": NaN,
        "Minority Interests": NaN,
        "Net Income Including Noncontrolling Interests": NaN,
        "Net Income Discontinuous Operations": -300000.0,
        "Net Income Continuous Operations": NaN,
        "Tax Provision": NaN,
        "Pretax Income": NaN,
        "Other Income Expense": NaN,
        "Special Income Charges": NaN,
        "Gain On Sale Of Business": -5586000.0,
        "Write Off": NaN,
        "Impairment Of Capital Assets": -5600000.0,
        "Restructuring And Mergern Acquisition": NaN,
        "Earnings From Equity Interest": 0.0,
        "Gain On Sale Of Security": NaN,
        "Net Non Operating Interest Income Expense": NaN,
        "Interest Expense Non Operating": NaN,
        "Interest Income Non Operating": NaN,
        "Operating Income": NaN,
        "Operating Expense": NaN,
        "Other Operating Expenses": NaN,
        "Depreciation Amortization Depletion Income Statement": NaN,
        "Depreciation And Amortization In Income Statement": NaN,
        "Selling General And Administration": NaN,
        "General And Administrative Expense": NaN,
        "Salaries And Wages": NaN,
        "Gross Profit": NaN,
        "Cost Of Revenue": NaN,
        "Total Revenue": NaN,
        "Operating Revenue": NaN
    },
    "2024-03-31": {
        "Tax Effect Of Unusual Items": NaN,
        "Tax Rate For Calcs": NaN,
        "Normalized EBITDA": NaN,
        "Total Unusual Items": NaN,
        "Total Unusual Items Excluding Goodwill": NaN,
        "Net Income From Continuing Operation Net Minority Interest": NaN,
        "Reconciled Depreciation": NaN,
        "Reconciled Cost Of Revenue": NaN,
        "EBITDA": NaN,
        "EBIT": NaN,
        "Net Interest Income": NaN,
        "Interest Expense": NaN,
        "Interest Income": NaN,
        "Normalized Income": NaN,
        "Net Income From Continuing And Discontinued Operation": NaN,
        "Total Expenses": NaN,
        "Diluted Average Shares": NaN,
        "Basic Average Shares": NaN,
        "Diluted EPS": NaN,
        "Basic EPS": NaN,
        "Diluted NI Availto Com Stockholders": NaN,
        "Net Income Common Stockholders": NaN,
        "Net Income": NaN,
        "Minority Interests": NaN,
        "Net Income Including Noncontrolling Interests": NaN,
        "Net Income Discontinuous Operations": NaN,
        "Net Income Continuous Operations": NaN,
        "Tax Provision": NaN,
        "Pretax Income": NaN,
        "Other Income Expense": NaN,
        "Special Income Charges": NaN,
        "Gain On Sale Of Business": NaN,
        "Write Off": NaN,
        "Impairment Of Capital Assets": NaN,
        "Restructuring And Mergern Acquisition": NaN,
        "Earnings From Equity Interest": 0.0,
        "Gain On Sale Of Security": NaN,
        "Net Non Operating Interest Income Expense": NaN,
        "Interest Expense Non Operating": NaN,
        "Interest Income Non Operating": NaN,
        "Operating Income": NaN,
        "Operating Expense": NaN,
        "Other Operating Expenses": NaN,
        "Depreciation Amortization Depletion Income Statement": NaN,
        "Depreciation And Amortization In Income Statement": NaN,
        "Selling General And Administration": NaN,
        "General And Administrative Expense": NaN,
        "Salaries And Wages": NaN,
        "Gross Profit": NaN,
        "Cost Of Revenue": NaN,
        "Total Revenue": NaN,
        "Operating Revenue": NaN
    },
    "2024-06-30": {
        "Tax Effect Of Unusual Items": NaN,
        "Tax Rate For Calcs": NaN,
        "Normalized EBITDA": NaN,
        "Total Unusual Items": NaN,
        "Total Unusual Items Excluding Goodwill": NaN,
        "Net Income From Continuing Operation Net Minority Interest": NaN,
        "Reconciled Depreciation": NaN,
        "Reconciled Cost Of Revenue": NaN,
        "EBITDA": NaN,
        "EBIT": NaN,
        "Net Interest Income": NaN,
        "Interest Expense": NaN,
        "Interest Income": NaN,
        "Normalized Income": NaN,
        "Net Income From Continuing And Discontinued Operation": NaN,
        "Total Expenses": NaN,
        "Diluted Average Shares": NaN,
        "Basic Average Shares": NaN,
        "Diluted EPS": NaN,
        "Basic EPS": NaN,
        "Diluted NI Availto Com Stockholders": NaN,
        "Net Income Common Stockholders": NaN,
        "Net Income": NaN,
        "Minority Interests": NaN,
        "Net Income Including Noncontrolling Interests": NaN,
        "Net Income Discontinuous Operations": 0.0,
        "Net Income Continuous Operations": NaN,
        "Tax Provision": NaN,
        "Pretax Income": NaN,
        "Other Income Expense": NaN,
        "Special Income Charges": NaN,
        "Gain On Sale Of Business": 0.0,
        "Write Off": NaN,
        "Impairment Of Capital Assets": NaN,
        "Restructuring And Mergern Acquisition": NaN,
        "Earnings From Equity Interest": 0.0,
        "Gain On Sale Of Security": NaN,
        "Net Non Operating Interest Income Expense": NaN,
        "Interest Expense Non Operating": NaN,
        "Interest Income Non Operating": NaN,
        "Operating Income": NaN,
        "Operating Expense": NaN,
        "Other Operating Expenses": NaN,
        "Depreciation Amortization Depletion Income Statement": NaN,
        "Depreciation And Amortization In Income Statement": NaN,
        "Selling General And Administration": NaN,
        "General And Administrative Expense": NaN,
        "Salaries And Wages": NaN,
        "Gross Profit": NaN,
        "Cost Of Revenue": NaN,
        "Total Revenue": NaN,
        "Operating Revenue": NaN
    },
    "2024-09-30": {
        "Tax Effect Of Unusual Items": 3521799.170616,
        "Tax Rate For Calcs": 0.154621,
        "Normalized EBITDA": 88780000.0,
        "Total Unusual Items": 22777000.0,
        "Total Unusual Items Excluding Goodwill": 22777000.0,
        "Net Income From Continuing Operation Net Minority Interest": 37261000.0,
        "Reconciled Depreciation": 47700000.0,
        "Reconciled Cost Of Revenue": 57773000.0,
        "EBITDA": 111557000.0,
        "EBIT": 63857000.0,
        "Net Interest Income": -17231000.0,
        "Interest Expense": 19969000.0,
        "Interest Income": 2738000.0,
        "Normalized Income": 18005799.170616,
        "Net Income From Continuing And Discontinued Operation": 37261000.0,
        "Total Expenses": 216830000.0,
        "Diluted Average Shares": 318172100.0,
        "Basic Average Shares": 300834100.0,
        "Diluted EPS": 0.11,
        "Basic EPS": 0.12,
        "Diluted NI Availto Com Stockholders": 37261000.0,
        "Net Income Common Stockholders": 37261000.0,
        "Net Income": 37261000.0,
        "Minority Interests": 159000.0,
        "Net Income Including Noncontrolling Interests": 37102000.0,
        "Net Income Discontinuous Operations": 0.0,
        "Net Income Continuous Operations": 37102000.0,
        "Tax Provision": 6786000.0,
        "Pretax Income": 43888000.0,
        "Other Income Expense": 22777000.0,
        "Special Income Charges": 397000.0,
        "Gain On Sale Of Business": NaN,
        "Write Off": -397000.0,
        "Impairment Of Capital Assets": 0.0,
        "Restructuring And Mergern Acquisition": 0.0,
        "Earnings From Equity Interest": 0.0,
        "Gain On Sale Of Security": 22380000.0,
        "Net Non Operating Interest Income Expense": -17231000.0,
        "Interest Expense Non Operating": 19969000.0,
        "Interest Income Non Operating": 2738000.0,
        "Operating Income": 38342000.0,
        "Operating Expense": 124327000.0,
        "Other Operating Expenses": 23391000.0,
        "Depreciation Amortization Depletion Income Statement": 12970000.0,
        "Depreciation And Amortization In Income Statement": 12970000.0,
        "Selling General And Administration": 87966000.0,
        "General And Administrative Expense": 87966000.0,
        "Salaries And Wages": 87966000.0,
        "Gross Profit": 162669000.0,
        "Cost Of Revenue": 92503000.0,
        "Total Revenue": 255172000.0,
        "Operating Revenue": 255172000.0
    },
    "2024-12-31": {
        "Tax Effect Of Unusual Items": -3459840.0,
        "Tax Rate For Calcs": 0.085,
        "Normalized EBITDA": 119358000.0,
        "Total Unusual Items": -40704000.0,
        "Total Unusual Items Excluding Goodwill": -40704000.0,
        "Net Income From Continuing Operation Net Minority Interest": -1089000.0,
        "Reconciled Depreciation": 80524000.0,
        "Reconciled Cost Of Revenue": 71427000.0,
        "EBITDA": 78654000.0,
        "EBIT": -1870000.0,
        "Net Interest Income": -16619000.0,
        "Interest Expense": 19484000.0,
        "Interest Income": 2598000.0,
        "Normalized Income": 36155160.0,
        "Net Income From Continuing And Discontinued Operation": -1089000.0,
        "Total Expenses": 271101000.0,
        "Diluted Average Shares": 318564100.0,
        "Basic Average Shares": 299916100.0,
        "Diluted EPS": 0.0,
        "Basic EPS": 0.0,
        "Diluted NI Availto Com Stockholders": -1089000.0,
        "Net Income Common Stockholders": -1089000.0,
        "Net Income": -1089000.0,
        "Minority Interests": 217000.0,
        "Net Income Including Noncontrolling Interests": -1306000.0,
        "Net Income Discontinuous Operations": 0.0,
        "Net Income Continuous Operations": -1306000.0,
        "Tax Provision": -20048000.0,
        "Pretax Income": -21354000.0,
        "Other Income Expense": -40704000.0,
        "Special Income Charges": -2393000.0,
        "Gain On Sale Of Business": NaN,
        "Write Off": 2226000.0,
        "Impairment Of Capital Assets": 167000.0,
        "Restructuring And Mergern Acquisition": NaN,
        "Earnings From Equity Interest": 0.0,
        "Gain On Sale Of Security": -38311000.0,
        "Net Non Operating Interest Income Expense": -16619000.0,
        "Interest Expense Non Operating": 19484000.0,
        "Interest Income Non Operating": 2598000.0,
        "Operating Income": 35969000.0,
        "Operating Expense": 132332000.0,
        "Other Operating Expenses": -20189000.0,
        "Depreciation Amortization Depletion Income Statement": 13182000.0,
        "Depreciation And Amortization In Income Statement": 13182000.0,
        "Selling General And Administration": 139339000.0,
        "General And Administrative Expense": 130146000.0,
        "Salaries And Wages": 93001000.0,
        "Gross Profit": 168301000.0,
        "Cost Of Revenue": 138769000.0,
        "Total Revenue": 307070000.0,
        "Operating Revenue": 307070000.0
    },
    "2025-03-31": {
        "Tax Effect Of Unusual Items": 4401372.644563,
        "Tax Rate For Calcs": 0.170682,
        "Normalized EBITDA": 113430000.0,
        "Total Unusual Items": 25787000.0,
        "Total Unusual Items Excluding Goodwill": 25787000.0,
        "Net Income From Continuing Operation Net Minority Interest": 24208000.0,
        "Reconciled Depreciation": 88017000.0,
        "Reconciled Cost Of Revenue": 69664000.0,
        "EBITDA": 139217000.0,
        "EBIT": 51200000.0,
        "Net Interest Income": -19520000.0,
        "Interest Expense": 21853000.0,
        "Interest Income": 2333000.0,
        "Normalized Income": 2822372.644563,
        "Net Income From Continuing And Discontinued Operation": 24208000.0,
        "Total Expenses": 288151000.0,
        "Diluted Average Shares": 320780100.0,
        "Basic Average Shares": 300977100.0,
        "Diluted EPS": 0.07,
        "Basic EPS": 0.08,
        "Diluted NI Availto Com Stockholders": 24208000.0,
        "Net Income Common Stockholders": 24208000.0,
        "Net Income": 24208000.0,
        "Minority Interests": -130000.0,
        "Net Income Including Noncontrolling Interests": 24338000.0,
        "Net Income Discontinuous Operations": NaN,
        "Net Income Continuous Operations": 24338000.0,
        "Tax Provision": 5009000.0,
        "Pretax Income": 29347000.0,
        "Other Income Expense": 25787000.0,
        "Special Income Charges": -1737000.0,
        "Gain On Sale Of Business": NaN,
        "Write Off": 1737000.0,
        "Impairment Of Capital Assets": NaN,
        "Restructuring And Mergern Acquisition": NaN,
        "Earnings From Equity Interest": NaN,
        "Gain On Sale Of Security": 27524000.0,
        "Net Non Operating Interest Income Expense": -19520000.0,
        "Interest Expense Non Operating": 21853000.0,
        "Interest Income Non Operating": 2333000.0,
        "Operating Income": 23080000.0,
        "Operating Expense": 146788000.0,
        "Other Operating Expenses": 28114000.0,
        "Depreciation Amortization Depletion Income Statement": 16318000.0,
        "Depreciation And Amortization In Income Statement": 16318000.0,
        "Selling General And Administration": 102356000.0,
        "General And Administrative Expense": 102356000.0,
        "Salaries And Wages": 102356000.0,
        "Gross Profit": 169868000.0,
        "Cost Of Revenue": 141363000.0,
        "Total Revenue": 311231000.0,
        "Operating Revenue": 311231000.0
    },
    "2025-06-30": {
        "Tax Effect Of Unusual Items": 10490562.427793,
        "Tax Rate For Calcs": 0.200765,
        "Normalized EBITDA": 121983000.0,
        "Total Unusual Items": 52253000.0,
        "Total Unusual Items Excluding Goodwill": 52253000.0,
        "Net Income From Continuing Operation Net Minority Interest": 49245000.0,
        "Reconciled Depreciation": 91640000.0,
        "Reconciled Cost Of Revenue": 67575000.0,
        "EBITDA": 174236000.0,
        "EBIT": 82596000.0,
        "Net Interest Income": -18852000.0,
        "Interest Expense": 21141000.0,
        "Interest Income": 2289000.0,
        "Normalized Income": 7482562.427793,
        "Net Income From Continuing And Discontinued Operation": 49245000.0,
        "Total Expenses": 289736000.0,
        "Diluted Average Shares": 319920100.0,
        "Basic Average Shares": 300607100.0,
        "Diluted EPS": 0.15,
        "Basic EPS": 0.17,
        "Diluted NI Availto Com Stockholders": 49245000.0,
        "Net Income Common Stockholders": 49245000.0,
        "Net Income": 49245000.0,
        "Minority Interests": 128000.0,
        "Net Income Including Noncontrolling Interests": 49117000.0,
        "Net Income Discontinuous Operations": NaN,
        "Net Income Continuous Operations": 49117000.0,
        "Tax Provision": 12338000.0,
        "Pretax Income": 61455000.0,
        "Other Income Expense": 52253000.0,
        "Special Income Charges": -1595000.0,
        "Gain On Sale Of Business": NaN,
        "Write Off": 1595000.0,
        "Impairment Of Capital Assets": NaN,
        "Restructuring And Mergern Acquisition": NaN,
        "Earnings From Equity Interest": NaN,
        "Gain On Sale Of Security": 53848000.0,
        "Net Non Operating Interest Income Expense": -18852000.0,
        "Interest Expense Non Operating": 21141000.0,
        "Interest Income Non Operating": 2289000.0,
        "Operating Income": 28054000.0,
        "Operating Expense": 147652000.0,
        "Other Operating Expenses": 28740000.0,
        "Depreciation Amortization Depletion Income Statement": 17131000.0,
        "Depreciation And Amortization In Income Statement": 17131000.0,
        "Selling General And Administration": 101781000.0,
        "General And Administrative Expense": 101781000.0,
        "Salaries And Wages": 101781000.0,
        "Gross Profit": 175706000.0,
        "Cost Of Revenue": 142084000.0,
        "Total Revenue": 317790000.0,
        "Operating Revenue": 317790000.0
    },
    "2025-09-30": {
        "Tax Effect Of Unusual Items": -46289.645234,
        "Tax Rate For Calcs": 0.229157,
        "Normalized EBITDA": 106223000.0,
        "Total Unusual Items": -202000.0,
        "Total Unusual Items Excluding Goodwill": -202000.0,
        "Net Income From Continuing Operation Net Minority Interest": 22468000.0,
        "Reconciled Depreciation": 56500000.0,
        "Reconciled Cost Of Revenue": 65184000.0,
        "EBITDA": 106021000.0,
        "EBIT": 49521000.0,
        "Net Interest Income": -17844000.0,
        "Interest Expense": 20375000.0,
        "Interest Income": 2531000.0,
        "Normalized Income": 22623710.354766,
        "Net Income From Continuing And Discontinued Operation": 22468000.0,
        "Total Expenses": 244862000.0,
        "Diluted Average Shares": 319297100.0,
        "Basic Average Shares": 300346100.0,
        "Diluted EPS": 0.07,
        "Basic EPS": 0.07,
        "Diluted NI Availto Com Stockholders": 22468000.0,
        "Net Income Common Stockholders": 22468000.0,
        "Net Income": 22468000.0,
        "Minority Interests": 1000.0,
        "Net Income Including Noncontrolling Interests": 22467000.0,
        "Net Income Discontinuous Operations": NaN,
        "Net Income Continuous Operations": 22467000.0,
        "Tax Provision": 6679000.0,
        "Pretax Income": 29146000.0,
        "Other Income Expense": -202000.0,
        "Special Income Charges": -543000.0,
        "Gain On Sale Of Business": NaN,
        "Write Off": 543000.0,
        "Impairment Of Capital Assets": NaN,
        "Restructuring And Mergern Acquisition": NaN,
        "Earnings From Equity Interest": NaN,
        "Gain On Sale Of Security": 341000.0,
        "Net Non Operating Interest Income Expense": -17844000.0,
        "Interest Expense Non Operating": 20375000.0,
        "Interest Income Non Operating": 2531000.0,
        "Operating Income": 47192000.0,
        "Operating Expense": 139516000.0,
        "Other Operating Expenses": 29220000.0,
        "Depreciation Amortization Depletion Income Statement": 16338000.0,
        "Depreciation And Amortization In Income Statement": 16338000.0,
        "Selling General And Administration": 93958000.0,
        "General And Administrative Expense": 93958000.0,
        "Salaries And Wages": 93958000.0,
        "Gross Profit": 186708000.0,
        "Cost Of Revenue": 105346000.0,
        "Total Revenue": 292054000.0,
        "Operating Revenue": 292054000.0
    }
}