{
    "2023-03-31": {
        "Tax Effect Of Unusual Items": NaN,
        "Tax Rate For Calcs": NaN,
        "Normalized EBITDA": NaN,
        "Total Unusual Items": NaN,
        "Total Unusual Items Excluding Goodwill": NaN,
        "Net Income From Continuing Operation Net Minority Interest": NaN,
        "Reconciled Depreciation": NaN,
        "Reconciled Cost Of Revenue": NaN,
        "EBITDA": NaN,
        "EBIT": NaN,
        "Net Interest Income": NaN,
        "Interest Expense": NaN,
        "Interest Income": NaN,
        "Normalized Income": NaN,
        "Net Income From Continuing And Discontinued Operation": NaN,
        "Total Expenses": NaN,
        "Diluted Average Shares": NaN,
        "Basic Average Shares": NaN,
        "Diluted EPS": NaN,
        "Basic EPS": NaN,
        "Diluted NI Availto Com Stockholders": NaN,
        "Net Income Common Stockholders": NaN,
        "Preferred Stock Dividends": NaN,
        "Net Income": NaN,
        "Minority Interests": NaN,
        "Net Income Including Noncontrolling Interests": NaN,
        "Net Income Continuous Operations": NaN,
        "Earnings From Equity Interest Net Of Tax": NaN,
        "Tax Provision": NaN,
        "Pretax Income": NaN,
        "Other Income Expense": NaN,
        "Other Non Operating Income Expenses": NaN,
        "Special Income Charges": NaN,
        "Other Special Charges": NaN,
        "Gain On Sale Of Security": NaN,
        "Net Non Operating Interest Income Expense": NaN,
        "Interest Expense Non Operating": NaN,
        "Interest Income Non Operating": NaN,
        "Operating Income": NaN,
        "Operating Expense": NaN,
        "Other Operating Expenses": 192000000.0,
        "Other Taxes": NaN,
        "Depreciation Amortization Depletion Income Statement": NaN,
        "Depreciation And Amortization In Income Statement": NaN,
        "Gross Profit": NaN,
        "Cost Of Revenue": NaN,
        "Total Revenue": NaN,
        "Operating Revenue": NaN
    },
    "2022-12-31": {
        "Tax Effect Of Unusual Items": NaN,
        "Tax Rate For Calcs": NaN,
        "Normalized EBITDA": NaN,
        "Total Unusual Items": NaN,
        "Total Unusual Items Excluding Goodwill": NaN,
        "Net Income From Continuing Operation Net Minority Interest": NaN,
        "Reconciled Depreciation": NaN,
        "Reconciled Cost Of Revenue": NaN,
        "EBITDA": NaN,
        "EBIT": NaN,
        "Net Interest Income": NaN,
        "Interest Expense": NaN,
        "Interest Income": NaN,
        "Normalized Income": NaN,
        "Net Income From Continuing And Discontinued Operation": NaN,
        "Total Expenses": NaN,
        "Diluted Average Shares": NaN,
        "Basic Average Shares": NaN,
        "Diluted EPS": NaN,
        "Basic EPS": NaN,
        "Diluted NI Availto Com Stockholders": NaN,
        "Net Income Common Stockholders": NaN,
        "Preferred Stock Dividends": NaN,
        "Net Income": NaN,
        "Minority Interests": NaN,
        "Net Income Including Noncontrolling Interests": NaN,
        "Net Income Continuous Operations": NaN,
        "Earnings From Equity Interest Net Of Tax": NaN,
        "Tax Provision": NaN,
        "Pretax Income": NaN,
        "Other Income Expense": NaN,
        "Other Non Operating Income Expenses": NaN,
        "Special Income Charges": NaN,
        "Other Special Charges": NaN,
        "Gain On Sale Of Security": NaN,
        "Net Non Operating Interest Income Expense": NaN,
        "Interest Expense Non Operating": NaN,
        "Interest Income Non Operating": NaN,
        "Operating Income": NaN,
        "Operating Expense": NaN,
        "Other Operating Expenses": 161000000.0,
        "Other Taxes": NaN,
        "Depreciation Amortization Depletion Income Statement": NaN,
        "Depreciation And Amortization In Income Statement": NaN,
        "Gross Profit": NaN,
        "Cost Of Revenue": NaN,
        "Total Revenue": NaN,
        "Operating Revenue": NaN
    },
    "2022-09-30": {
        "Tax Effect Of Unusual Items": NaN,
        "Tax Rate For Calcs": NaN,
        "Normalized EBITDA": NaN,
        "Total Unusual Items": NaN,
        "Total Unusual Items Excluding Goodwill": NaN,
        "Net Income From Continuing Operation Net Minority Interest": NaN,
        "Reconciled Depreciation": NaN,
        "Reconciled Cost Of Revenue": NaN,
        "EBITDA": NaN,
        "EBIT": NaN,
        "Net Interest Income": NaN,
        "Interest Expense": NaN,
        "Interest Income": NaN,
        "Normalized Income": NaN,
        "Net Income From Continuing And Discontinued Operation": NaN,
        "Total Expenses": NaN,
        "Diluted Average Shares": NaN,
        "Basic Average Shares": NaN,
        "Diluted EPS": NaN,
        "Basic EPS": NaN,
        "Diluted NI Availto Com Stockholders": NaN,
        "Net Income Common Stockholders": NaN,
        "Preferred Stock Dividends": NaN,
        "Net Income": NaN,
        "Minority Interests": NaN,
        "Net Income Including Noncontrolling Interests": NaN,
        "Net Income Continuous Operations": NaN,
        "Earnings From Equity Interest Net Of Tax": NaN,
        "Tax Provision": NaN,
        "Pretax Income": NaN,
        "Other Income Expense": NaN,
        "Other Non Operating Income Expenses": NaN,
        "Special Income Charges": NaN,
        "Other Special Charges": NaN,
        "Gain On Sale Of Security": NaN,
        "Net Non Operating Interest Income Expense": NaN,
        "Interest Expense Non Operating": NaN,
        "Interest Income Non Operating": NaN,
        "Operating Income": NaN,
        "Operating Expense": NaN,
        "Other Operating Expenses": 162000000.0,
        "Other Taxes": 162000000.0,
        "Depreciation Amortization Depletion Income Statement": NaN,
        "Depreciation And Amortization In Income Statement": NaN,
        "Gross Profit": NaN,
        "Cost Of Revenue": NaN,
        "Total Revenue": NaN,
        "Operating Revenue": NaN
    },
    "2022-06-30": {
        "Tax Effect Of Unusual Items": -10769230.769231,
        "Tax Rate For Calcs": 0.21978,
        "Normalized EBITDA": 1185000000.0,
        "Total Unusual Items": -49000000.0,
        "Total Unusual Items Excluding Goodwill": -49000000.0,
        "Net Income From Continuing Operation Net Minority Interest": 571000000.0,
        "Reconciled Depreciation": 501000000.0,
        "Reconciled Cost Of Revenue": 2230000000.0,
        "EBITDA": 1136000000.0,
        "EBIT": 635000000.0,
        "Net Interest Income": -252000000.0,
        "Interest Expense": 271000000.0,
        "Interest Income": 19000000.0,
        "Normalized Income": 609230769.230769,
        "Net Income From Continuing And Discontinued Operation": 571000000.0,
        "Total Expenses": 2881000000.0,
        "Diluted Average Shares": 631734000.0,
        "Basic Average Shares": 629690000.0,
        "Diluted EPS": 0.885,
        "Basic EPS": 0.89,
        "Diluted NI Availto Com Stockholders": 559000000.0,
        "Net Income Common Stockholders": 559000000.0,
        "Preferred Stock Dividends": 12000000.0,
        "Net Income": 571000000.0,
        "Minority Interests": -88000000.0,
        "Net Income Including Noncontrolling Interests": 659000000.0,
        "Net Income Continuous Operations": 659000000.0,
        "Earnings From Equity Interest Net Of Tax": 375000000.0,
        "Tax Provision": 80000000.0,
        "Pretax Income": 364000000.0,
        "Other Income Expense": -50000000.0,
        "Other Non Operating Income Expenses": -1000000.0,
        "Special Income Charges": -11000000.0,
        "Gain On Sale Of Ppe": NaN,
        "Other Special Charges": 11000000.0,
        "Gain On Sale Of Security": -38000000.0,
        "Net Non Operating Interest Income Expense": -252000000.0,
        "Interest Expense Non Operating": 271000000.0,
        "Interest Income Non Operating": 19000000.0,
        "Operating Income": 666000000.0,
        "Operating Expense": 651000000.0,
        "Other Operating Expenses": 150000000.0,
        "Other Taxes": NaN,
        "Depreciation Amortization Depletion Income Statement": 501000000.0,
        "Depreciation And Amortization In Income Statement": 501000000.0,
        "Gross Profit": 1317000000.0,
        "Cost Of Revenue": 2230000000.0,
        "Total Revenue": 3547000000.0,
        "Operating Revenue": 3547000000.0
    },
    "2023-06-30": {
        "Tax Effect Of Unusual Items": NaN,
        "Tax Rate For Calcs": NaN,
        "Normalized EBITDA": NaN,
        "Total Unusual Items": NaN,
        "Total Unusual Items Excluding Goodwill": NaN,
        "Net Income From Continuing Operation Net Minority Interest": NaN,
        "Reconciled Depreciation": NaN,
        "Reconciled Cost Of Revenue": NaN,
        "EBITDA": NaN,
        "EBIT": NaN,
        "Net Interest Income": NaN,
        "Interest Expense": NaN,
        "Interest Income": NaN,
        "Normalized Income": NaN,
        "Net Income From Continuing And Discontinued Operation": NaN,
        "Total Expenses": NaN,
        "Diluted Average Shares": NaN,
        "Basic Average Shares": NaN,
        "Diluted EPS": NaN,
        "Basic EPS": NaN,
        "Diluted NI Availto Com Stockholders": NaN,
        "Net Income Common Stockholders": NaN,
        "Preferred Stock Dividends": NaN,
        "Net Income": NaN,
        "Minority Interests": NaN,
        "Net Income Including Noncontrolling Interests": NaN,
        "Net Income Continuous Operations": NaN,
        "Earnings From Equity Interest Net Of Tax": NaN,
        "Tax Provision": NaN,
        "Pretax Income": NaN,
        "Other Income Expense": NaN,
        "Other Non Operating Income Expenses": NaN,
        "Special Income Charges": NaN,
        "Other Special Charges": NaN,
        "Gain On Sale Of Security": NaN,
        "Net Non Operating Interest Income Expense": NaN,
        "Interest Expense Non Operating": NaN,
        "Interest Income Non Operating": NaN,
        "Operating Income": NaN,
        "Operating Expense": NaN,
        "Other Operating Expenses": 148000000.0,
        "Other Taxes": NaN,
        "Depreciation Amortization Depletion Income Statement": NaN,
        "Depreciation And Amortization In Income Statement": NaN,
        "Gross Profit": NaN,
        "Cost Of Revenue": NaN,
        "Total Revenue": NaN,
        "Operating Revenue": NaN
    },
    "2022-03-31": {
        "Diluted EPS": 1.93,
        "Total Revenue": NaN,
        "Gross Profit": NaN,
        "Operating Income": 845,
        "EBIT": NaN,
        "Net Income": 612
    },
    "2021-12-31": {
        "Diluted EPS": 1.8,
        "Total Revenue": NaN,
        "Gross Profit": NaN,
        "Operating Income": 896,
        "EBIT": NaN,
        "Net Income": 604
    },
    "2021-09-30": {
        "Diluted EPS": -2.03,
        "Total Revenue": NaN,
        "Gross Profit": NaN,
        "Operating Income": NaN,
        "EBIT": -596,
        "Net Income": -648
    },
    "2021-06-30": {
        "Diluted EPS": 1.37,
        "Total Revenue": NaN,
        "Gross Profit": NaN,
        "Operating Income": 452,
        "EBIT": 915,
        "Net Income": 424
    },
    "2021-03-31": {
        "Diluted EPS": 2.87,
        "Total Revenue": NaN,
        "Gross Profit": NaN,
        "Operating Income": 973,
        "EBIT": NaN,
        "Net Income": 874
    },
    "2020-12-31": {
        "Diluted EPS": 1.53,
        "Total Revenue": NaN,
        "Gross Profit": NaN,
        "Operating Income": 559,
        "EBIT": 983,
        "Net Income": 414
    },
    "2020-09-30": {
        "Diluted EPS": 1.21,
        "Total Revenue": NaN,
        "Gross Profit": NaN,
        "Operating Income": 409,
        "EBIT": 827,
        "Net Income": 351
    },
    "2020-06-30": {
        "Diluted EPS": 7.61,
        "Total Revenue": NaN,
        "Gross Profit": NaN,
        "Operating Income": 653,
        "EBIT": NaN,
        "Net Income": NaN
    },
    "2020-03-31": {
        "Diluted EPS": 2.53,
        "Total Revenue": NaN,
        "Gross Profit": NaN,
        "Operating Income": 904,
        "EBIT": NaN,
        "Net Income": 760
    },
    "2019-12-31": {
        "Diluted EPS": 1.6,
        "Total Revenue": NaN,
        "Gross Profit": NaN,
        "Operating Income": 606,
        "EBIT": NaN,
        "Net Income": 447
    },
    "2019-09-30": {
        "Diluted EPS": 2.84,
        "Total Revenue": NaN,
        "Gross Profit": NaN,
        "Operating Income": 758,
        "EBIT": NaN,
        "Net Income": 813
    },
    "2019-06-30": {
        "Diluted EPS": 1.26,
        "Total Revenue": NaN,
        "Gross Profit": NaN,
        "Operating Income": 523,
        "EBIT": 912,
        "Net Income": 354
    },
    "2019-03-31": {
        "Diluted EPS": 1.59,
        "Total Revenue": NaN,
        "Gross Profit": NaN,
        "Operating Income": 740,
        "EBIT": NaN,
        "Net Income": 441
    },
    "2018-12-31": {
        "Diluted EPS": 3.21,
        "Total Revenue": NaN,
        "Gross Profit": NaN,
        "Operating Income": 728,
        "EBIT": NaN,
        "Net Income": 864
    },
    "2018-09-30": {
        "Diluted EPS": 0.99,
        "Total Revenue": NaN,
        "Gross Profit": NaN,
        "Operating Income": 337,
        "EBIT": 703,
        "Net Income": 274
    },
    "2018-06-30": {
        "Diluted EPS": -2.11,
        "Total Revenue": NaN,
        "Gross Profit": NaN,
        "Operating Income": 383,
        "EBIT": 760,
        "Net Income": -561
    },
    "2018-03-31": {
        "Diluted EPS": 1.33,
        "Total Revenue": NaN,
        "Gross Profit": NaN,
        "Operating Income": 618,
        "EBIT": 990,
        "Net Income": 347
    },
    "2017-12-31": {
        "Diluted EPS": -1.99,
        "Total Revenue": NaN,
        "Gross Profit": NaN,
        "Operating Income": 151,
        "EBIT": 481,
        "Net Income": -501
    },
    "2017-09-30": {
        "Diluted EPS": 0.22,
        "Total Revenue": NaN,
        "Gross Profit": NaN,
        "Operating Income": 470,
        "EBIT": 848,
        "Net Income": 57
    },
    "2017-06-30": {
        "Diluted EPS": 1.03,
        "Total Revenue": NaN,
        "Gross Profit": NaN,
        "Operating Income": 511,
        "EBIT": 879,
        "Net Income": 259
    },
    "2017-03-31": {
        "Diluted EPS": 1.75,
        "Total Revenue": NaN,
        "Gross Profit": NaN,
        "Operating Income": 915,
        "EBIT": NaN,
        "Net Income": 441
    },
    "2016-12-31": {
        "Diluted EPS": 1.54,
        "Total Revenue": NaN,
        "Gross Profit": NaN,
        "Operating Income": 724,
        "EBIT": NaN,
        "Net Income": 379
    },
    "2016-09-30": {
        "Diluted EPS": 2.46,
        "Total Revenue": NaN,
        "Gross Profit": NaN,
        "Operating Income": 452,
        "EBIT": 780,
        "Net Income": 622
    },
    "2016-06-30": {
        "Diluted EPS": 0.06,
        "Total Revenue": NaN,
        "Gross Profit": NaN,
        "Operating Income": 8,
        "EBIT": 322,
        "Net Income": 16
    },
    "2016-03-31": {
        "Diluted EPS": 1.4,
        "Total Revenue": NaN,
        "Gross Profit": NaN,
        "Operating Income": 565,
        "EBIT": 893,
        "Net Income": 353
    },
    "2015-12-31": {
        "Diluted EPS": 1.47,
        "Total Revenue": NaN,
        "Gross Profit": NaN,
        "Operating Income": 447,
        "EBIT": 772,
        "Net Income": 369
    },
    "2015-09-30": {
        "Diluted EPS": 0.99,
        "Total Revenue": NaN,
        "Gross Profit": NaN,
        "Operating Income": 362,
        "EBIT": 677,
        "Net Income": 248
    },
    "2015-06-30": {
        "Diluted EPS": 1.17,
        "Total Revenue": NaN,
        "Gross Profit": NaN,
        "Operating Income": 461,
        "EBIT": 768,
        "Net Income": 295
    },
    "2015-03-31": {
        "Diluted EPS": 1.74,
        "Total Revenue": NaN,
        "Gross Profit": NaN,
        "Operating Income": 675,
        "EBIT": 978,
        "Net Income": 437
    },
    "2014-12-31": {
        "Diluted EPS": 1.17,
        "Total Revenue": NaN,
        "Gross Profit": NaN,
        "Operating Income": 453,
        "EBIT": 743,
        "Net Income": 297
    },
    "2014-09-30": {
        "Diluted EPS": 1.39,
        "Total Revenue": NaN,
        "Gross Profit": NaN,
        "Operating Income": 515,
        "EBIT": 807,
        "Net Income": 348
    },
    "2014-06-30": {
        "Diluted EPS": 1.08,
        "Total Revenue": NaN,
        "Gross Profit": NaN,
        "Operating Income": 435,
        "EBIT": 723,
        "Net Income": 269
    },
    "2014-03-31": {
        "Diluted EPS": 0.99,
        "Total Revenue": NaN,
        "Gross Profit": NaN,
        "Operating Income": 435,
        "EBIT": 721,
        "Net Income": 247
    },
    "2013-12-31": {
        "Diluted EPS": 1.12,
        "Total Revenue": NaN,
        "Gross Profit": NaN,
        "Operating Income": 531,
        "EBIT": 816,
        "Net Income": 282
    },
    "2013-09-30": {
        "Diluted EPS": 1.19,
        "Total Revenue": NaN,
        "Gross Profit": NaN,
        "Operating Income": 506,
        "EBIT": 792,
        "Net Income": 296
    },
    "2013-06-30": {
        "Diluted EPS": 0.98,
        "Total Revenue": NaN,
        "Gross Profit": NaN,
        "Operating Income": 398,
        "EBIT": 645,
        "Net Income": 245
    },
    "2013-03-31": {
        "Diluted EPS": 0.72,
        "Total Revenue": NaN,
        "Gross Profit": NaN,
        "Operating Income": 363,
        "EBIT": 658,
        "Net Income": 178
    },
    "2012-12-31": {
        "Diluted EPS": 1.17,
        "Total Revenue": NaN,
        "Gross Profit": NaN,
        "Operating Income": 356,
        "EBIT": 643,
        "Net Income": 293
    },
    "2012-09-30": {
        "Diluted EPS": 1.09,
        "Total Revenue": NaN,
        "Gross Profit": NaN,
        "Operating Income": 500,
        "EBIT": 780,
        "Net Income": 268
    },
    "2012-06-30": {
        "Diluted EPS": 0.25,
        "Total Revenue": NaN,
        "Gross Profit": NaN,
        "Operating Income": 325,
        "EBIT": 591,
        "Net Income": 62
    },
    "2012-03-31": {
        "Diluted EPS": 0.97,
        "Total Revenue": NaN,
        "Gross Profit": NaN,
        "Operating Income": 378,
        "EBIT": 635,
        "Net Income": 236
    },
    "2011-12-31": {
        "Diluted EPS": 1.17,
        "Total Revenue": NaN,
        "Gross Profit": NaN,
        "Operating Income": 465,
        "EBIT": 712,
        "Net Income": 285
    },
    "2011-09-30": {
        "Diluted EPS": 1.2,
        "Total Revenue": NaN,
        "Gross Profit": NaN,
        "Operating Income": 500,
        "EBIT": 751,
        "Net Income": 289
    },
    "2011-06-30": {
        "Diluted EPS": 2.09,
        "Total Revenue": NaN,
        "Gross Profit": NaN,
        "Operating Income": 377,
        "EBIT": 625,
        "Net Income": 503
    },
    "2011-03-31": {
        "Diluted EPS": 1.05,
        "Total Revenue": NaN,
        "Gross Profit": NaN,
        "Operating Income": 404,
        "EBIT": 634,
        "Net Income": 254
    },
    "2010-12-31": {
        "Diluted EPS": 1.02,
        "Total Revenue": NaN,
        "Gross Profit": NaN,
        "Operating Income": 390,
        "EBIT": 613,
        "Net Income": 250
    },
    "2010-09-30": {
        "Diluted EPS": 0.53,
        "Total Revenue": NaN,
        "Gross Profit": NaN,
        "Operating Income": 412,
        "EBIT": 630,
        "Net Income": 131
    },
    "2010-06-30": {
        "Diluted EPS": 0.89,
        "Total Revenue": NaN,
        "Gross Profit": NaN,
        "Operating Income": 336,
        "EBIT": 551,
        "Net Income": 222
    },
    "2010-03-31": {
        "Diluted EPS": 0.42,
        "Total Revenue": NaN,
        "Gross Profit": NaN,
        "Operating Income": 221,
        "EBIT": 431,
        "Net Income": 106
    },
    "2009-12-31": {
        "Diluted EPS": 1.16,
        "Total Revenue": NaN,
        "Gross Profit": NaN,
        "Operating Income": 357,
        "EBIT": 564,
        "Net Income": 288
    },
    "2009-09-30": {
        "Diluted EPS": 1.27,
        "Total Revenue": NaN,
        "Gross Profit": NaN,
        "Operating Income": 354,
        "EBIT": 550,
        "Net Income": 317
    },
    "2009-06-30": {
        "Diluted EPS": 0.8,
        "Total Revenue": NaN,
        "Gross Profit": NaN,
        "Operating Income": 264,
        "EBIT": 453,
        "Net Income": 198
    },
    "2009-03-31": {
        "Diluted EPS": 1.29,
        "Total Revenue": NaN,
        "Gross Profit": NaN,
        "Operating Income": 331,
        "EBIT": 514,
        "Net Income": 316
    },
    "2023-09-30": {
        "Tax Effect Of Unusual Items": NaN,
        "Tax Rate For Calcs": NaN,
        "Normalized EBITDA": NaN,
        "Total Unusual Items": NaN,
        "Total Unusual Items Excluding Goodwill": NaN,
        "Net Income From Continuing Operation Net Minority Interest": NaN,
        "Reconciled Depreciation": NaN,
        "Reconciled Cost Of Revenue": NaN,
        "EBITDA": NaN,
        "EBIT": NaN,
        "Net Interest Income": NaN,
        "Interest Expense": NaN,
        "Interest Income": NaN,
        "Normalized Income": NaN,
        "Net Income From Continuing And Discontinued Operation": NaN,
        "Total Expenses": NaN,
        "Diluted Average Shares": 632324000.0,
        "Basic Average Shares": 630036000.0,
        "Diluted EPS": 1.14,
        "Basic EPS": 1.14,
        "Diluted NI Availto Com Stockholders": NaN,
        "Net Income Common Stockholders": NaN,
        "Preferred Stock Dividends": NaN,
        "Net Income": NaN,
        "Minority Interests": NaN,
        "Net Income Including Noncontrolling Interests": NaN,
        "Net Income Continuous Operations": NaN,
        "Earnings From Equity Interest Net Of Tax": NaN,
        "Tax Provision": NaN,
        "Pretax Income": NaN,
        "Other Income Expense": NaN,
        "Other Non Operating Income Expenses": NaN,
        "Special Income Charges": NaN,
        "Other Special Charges": NaN,
        "Gain On Sale Of Security": NaN,
        "Net Non Operating Interest Income Expense": NaN,
        "Interest Expense Non Operating": NaN,
        "Interest Income Non Operating": NaN,
        "Operating Income": NaN,
        "Operating Expense": NaN,
        "Other Operating Expenses": NaN,
        "Other Taxes": NaN,
        "Depreciation Amortization Depletion Income Statement": NaN,
        "Depreciation And Amortization In Income Statement": NaN,
        "Gross Profit": NaN,
        "Cost Of Revenue": NaN,
        "Total Revenue": NaN,
        "Operating Revenue": NaN
    },
    "2023-12-31": {
        "Tax Effect Of Unusual Items": 13860000.0,
        "Tax Rate For Calcs": 0.21,
        "Normalized EBITDA": 1276000000.0,
        "Total Unusual Items": 66000000.0,
        "Total Unusual Items Excluding Goodwill": 66000000.0,
        "Net Income From Continuing Operation Net Minority Interest": 748000000.0,
        "Reconciled Depreciation": 576000000.0,
        "Reconciled Cost Of Revenue": 2067000000.0,
        "EBITDA": 1342000000.0,
        "EBIT": 766000000.0,
        "Net Interest Income": -262000000.0,
        "Interest Expense": 314000000.0,
        "Interest Income": 52000000.0,
        "Normalized Income": 695860000.0,
        "Net Income From Continuing And Discontinued Operation": 748000000.0,
        "Total Expenses": 2811000000.0,
        "Diluted Average Shares": 634228000.0,
        "Basic Average Shares": 631284000.0,
        "Diluted EPS": 1.16,
        "Basic EPS": 1.17,
        "Diluted NI Availto Com Stockholders": 737000000.0,
        "Net Income Common Stockholders": 737000000.0,
        "Preferred Stock Dividends": 11000000.0,
        "Net Income": 748000000.0,
        "Minority Interests": -108000000.0,
        "Net Income Including Noncontrolling Interests": 856000000.0,
        "Net Income Continuous Operations": 856000000.0,
        "Earnings From Equity Interest Net Of Tax": 395000000.0,
        "Tax Provision": -9000000.0,
        "Pretax Income": 452000000.0,
        "Other Income Expense": 34000000.0,
        "Other Non Operating Income Expenses": -32000000.0,
        "Special Income Charges": 36000000.0,
        "Other Special Charges": -35000000.0,
        "Gain On Sale Of Security": 30000000.0,
        "Net Non Operating Interest Income Expense": -262000000.0,
        "Interest Expense Non Operating": 314000000.0,
        "Interest Income Non Operating": 52000000.0,
        "Operating Income": 680000000.0,
        "Operating Expense": 744000000.0,
        "Other Operating Expenses": NaN,
        "Other Taxes": 168000000.0,
        "Depreciation Amortization Depletion Income Statement": 576000000.0,
        "Depreciation And Amortization In Income Statement": 576000000.0,
        "Gross Profit": 1424000000.0,
        "Cost Of Revenue": 2067000000.0,
        "Total Revenue": 3491000000.0,
        "Operating Revenue": 3491000000.0
    },
    "2024-03-31": {
        "Tax Effect Of Unusual Items": 11340000.0,
        "Tax Rate For Calcs": 0.21,
        "Normalized EBITDA": 1550000000.0,
        "Total Unusual Items": 54000000.0,
        "Total Unusual Items Excluding Goodwill": 54000000.0,
        "Net Income From Continuing Operation Net Minority Interest": 812000000.0,
        "Reconciled Depreciation": 594000000.0,
        "Reconciled Cost Of Revenue": 1964000000.0,
        "EBITDA": 1604000000.0,
        "EBIT": 1010000000.0,
        "Net Interest Income": -274000000.0,
        "Interest Expense": 305000000.0,
        "Interest Income": 31000000.0,
        "Normalized Income": 769340000.0,
        "Net Income From Continuing And Discontinued Operation": 812000000.0,
        "Total Expenses": 2742000000.0,
        "Diluted Average Shares": 635354000.0,
        "Basic Average Shares": 632821000.0,
        "Diluted EPS": 1.26,
        "Basic EPS": 1.27,
        "Diluted NI Availto Com Stockholders": 801000000.0,
        "Net Income Common Stockholders": 801000000.0,
        "Preferred Stock Dividends": 11000000.0,
        "Net Income": 812000000.0,
        "Minority Interests": -69000000.0,
        "Net Income Including Noncontrolling Interests": 881000000.0,
        "Net Income Continuous Operations": 881000000.0,
        "Earnings From Equity Interest Net Of Tax": 348000000.0,
        "Tax Provision": 172000000.0,
        "Pretax Income": 705000000.0,
        "Other Income Expense": 81000000.0,
        "Other Non Operating Income Expenses": 27000000.0,
        "Special Income Charges": 37000000.0,
        "Other Special Charges": -37000000.0,
        "Gain On Sale Of Security": 17000000.0,
        "Net Non Operating Interest Income Expense": -274000000.0,
        "Interest Expense Non Operating": 305000000.0,
        "Interest Income Non Operating": 31000000.0,
        "Operating Income": 898000000.0,
        "Operating Expense": 778000000.0,
        "Other Operating Expenses": NaN,
        "Other Taxes": 184000000.0,
        "Depreciation Amortization Depletion Income Statement": 594000000.0,
        "Depreciation And Amortization In Income Statement": 594000000.0,
        "Gross Profit": 1676000000.0,
        "Cost Of Revenue": 1964000000.0,
        "Total Revenue": 3640000000.0,
        "Operating Revenue": 3640000000.0
    },
    "2024-06-30": {
        "Tax Effect Of Unusual Items": 8400000.0,
        "Tax Rate For Calcs": 0.21,
        "Normalized EBITDA": 1182000000.0,
        "Total Unusual Items": 40000000.0,
        "Total Unusual Items Excluding Goodwill": 40000000.0,
        "Net Income From Continuing Operation Net Minority Interest": 725000000.0,
        "Reconciled Depreciation": 603000000.0,
        "Reconciled Cost Of Revenue": 1680000000.0,
        "EBITDA": 1222000000.0,
        "EBIT": 619000000.0,
        "Net Interest Income": -270000000.0,
        "Interest Expense": 311000000.0,
        "Interest Income": 41000000.0,
        "Normalized Income": 693400000.0,
        "Net Income From Continuing And Discontinued Operation": 725000000.0,
        "Total Expenses": 2439000000.0,
        "Diluted Average Shares": 636279000.0,
        "Basic Average Shares": 633450000.0,
        "Diluted EPS": 1.12,
        "Basic EPS": 1.13,
        "Diluted NI Availto Com Stockholders": 713000000.0,
        "Net Income Common Stockholders": 713000000.0,
        "Preferred Stock Dividends": 12000000.0,
        "Net Income": 725000000.0,
        "Minority Interests": -146000000.0,
        "Net Income Including Noncontrolling Interests": 871000000.0,
        "Net Income Continuous Operations": 871000000.0,
        "Earnings From Equity Interest Net Of Tax": 433000000.0,
        "Tax Provision": -130000000.0,
        "Pretax Income": 308000000.0,
        "Other Income Expense": 6000000.0,
        "Other Non Operating Income Expenses": -34000000.0,
        "Special Income Charges": 38000000.0,
        "Other Special Charges": -38000000.0,
        "Gain On Sale Of Security": 2000000.0,
        "Net Non Operating Interest Income Expense": -270000000.0,
        "Interest Expense Non Operating": 311000000.0,
        "Interest Income Non Operating": 41000000.0,
        "Operating Income": 572000000.0,
        "Operating Expense": 759000000.0,
        "Other Operating Expenses": NaN,
        "Other Taxes": 156000000.0,
        "Depreciation Amortization Depletion Income Statement": 603000000.0,
        "Depreciation And Amortization In Income Statement": 603000000.0,
        "Gross Profit": 1331000000.0,
        "Cost Of Revenue": 1680000000.0,
        "Total Revenue": 3011000000.0,
        "Operating Revenue": 3011000000.0
    },
    "2024-09-30": {
        "Tax Effect Of Unusual Items": 13440000.0,
        "Tax Rate For Calcs": 0.21,
        "Normalized EBITDA": 1078000000.0,
        "Total Unusual Items": 64000000.0,
        "Total Unusual Items Excluding Goodwill": 64000000.0,
        "Net Income From Continuing Operation Net Minority Interest": 649000000.0,
        "Reconciled Depreciation": 614000000.0,
        "Reconciled Cost Of Revenue": 1541000000.0,
        "EBITDA": 1142000000.0,
        "EBIT": 528000000.0,
        "Net Interest Income": -285000000.0,
        "Interest Expense": 328000000.0,
        "Interest Income": 43000000.0,
        "Normalized Income": 598440000.0,
        "Net Income From Continuing And Discontinued Operation": 649000000.0,
        "Total Expenses": 2330000000.0,
        "Diluted Average Shares": 638061000.0,
        "Basic Average Shares": 633752000.0,
        "Diluted EPS": 1.0,
        "Basic EPS": 1.01,
        "Diluted NI Availto Com Stockholders": 638000000.0,
        "Net Income Common Stockholders": 638000000.0,
        "Preferred Stock Dividends": 11000000.0,
        "Net Income": 649000000.0,
        "Minority Interests": -110000000.0,
        "Net Income Including Noncontrolling Interests": 759000000.0,
        "Net Income Continuous Operations": 759000000.0,
        "Earnings From Equity Interest Net Of Tax": 454000000.0,
        "Tax Provision": -105000000.0,
        "Pretax Income": 200000000.0,
        "Other Income Expense": 39000000.0,
        "Other Non Operating Income Expenses": -25000000.0,
        "Special Income Charges": 39000000.0,
        "Other Special Charges": -39000000.0,
        "Gain On Sale Of Security": 25000000.0,
        "Net Non Operating Interest Income Expense": -285000000.0,
        "Interest Expense Non Operating": 328000000.0,
        "Interest Income Non Operating": 43000000.0,
        "Operating Income": 446000000.0,
        "Operating Expense": 789000000.0,
        "Other Operating Expenses": NaN,
        "Other Taxes": 175000000.0,
        "Depreciation Amortization Depletion Income Statement": 614000000.0,
        "Depreciation And Amortization In Income Statement": 614000000.0,
        "Gross Profit": 1235000000.0,
        "Cost Of Revenue": 1541000000.0,
        "Total Revenue": 2776000000.0,
        "Operating Revenue": 2776000000.0
    },
    "2024-12-31": {
        "Tax Effect Of Unusual Items": 4401337.792642,
        "Tax Rate For Calcs": 0.314381,
        "Normalized EBITDA": 1614000000.0,
        "Total Unusual Items": 14000000.0,
        "Total Unusual Items Excluding Goodwill": 14000000.0,
        "Net Income From Continuing Operation Net Minority Interest": 676000000.0,
        "Reconciled Depreciation": 626000000.0,
        "Reconciled Cost Of Revenue": 1908000000.0,
        "EBITDA": 1628000000.0,
        "EBIT": 1002000000.0,
        "Net Interest Income": -84000000.0,
        "Interest Expense": 105000000.0,
        "Interest Income": 21000000.0,
        "Normalized Income": 666401337.792642,
        "Net Income From Continuing And Discontinued Operation": 676000000.0,
        "Total Expenses": 2712000000.0,
        "Diluted Average Shares": NaN,
        "Basic Average Shares": NaN,
        "Diluted EPS": NaN,
        "Basic EPS": NaN,
        "Diluted NI Availto Com Stockholders": 665000000.0,
        "Net Income Common Stockholders": 665000000.0,
        "Preferred Stock Dividends": 11000000.0,
        "Net Income": 676000000.0,
        "Minority Interests": -313000000.0,
        "Net Income Including Noncontrolling Interests": 989000000.0,
        "Net Income Continuous Operations": 989000000.0,
        "Earnings From Equity Interest Net Of Tax": 374000000.0,
        "Tax Provision": 282000000.0,
        "Pretax Income": 897000000.0,
        "Other Income Expense": -65000000.0,
        "Other Non Operating Income Expenses": -79000000.0,
        "Special Income Charges": 36000000.0,
        "Other Special Charges": -36000000.0,
        "Gain On Sale Of Security": -22000000.0,
        "Net Non Operating Interest Income Expense": -84000000.0,
        "Interest Expense Non Operating": 105000000.0,
        "Interest Income Non Operating": 21000000.0,
        "Operating Income": 1046000000.0,
        "Operating Expense": 804000000.0,
        "Other Operating Expenses": NaN,
        "Other Taxes": 178000000.0,
        "Depreciation Amortization Depletion Income Statement": 626000000.0,
        "Depreciation And Amortization In Income Statement": 626000000.0,
        "Gross Profit": 1850000000.0,
        "Cost Of Revenue": 1908000000.0,
        "Total Revenue": 3758000000.0,
        "Operating Revenue": 3758000000.0
    }
}