{
    "2023-03-31": {
        "Tax Effect Of Unusual Items": NaN,
        "Tax Rate For Calcs": NaN,
        "Normalized EBITDA": NaN,
        "Net Income From Continuing Operation Net Minority Interest": NaN,
        "Reconciled Depreciation": NaN,
        "EBITDA": NaN,
        "EBIT": NaN,
        "Normalized Income": NaN,
        "Net Income From Continuing And Discontinued Operation": NaN,
        "Total Expenses": NaN,
        "Total Operating Income As Reported": NaN,
        "Diluted Average Shares": 79610059.0,
        "Basic Average Shares": 79610059.0,
        "Diluted EPS": -0.49,
        "Basic EPS": -0.49,
        "Diluted NI Availto Com Stockholders": NaN,
        "Net Income Common Stockholders": NaN,
        "Net Income": NaN,
        "Net Income Including Noncontrolling Interests": NaN,
        "Net Income Continuous Operations": NaN,
        "Pretax Income": NaN,
        "Other Income Expense": NaN,
        "Other Non Operating Income Expenses": NaN,
        "Operating Income": NaN,
        "Operating Expense": NaN,
        "Research And Development": NaN,
        "Selling General And Administration": NaN,
        "General And Administrative Expense": NaN,
        "Other Gand A": NaN,
        "Total Revenue": NaN,
        "Operating Revenue": NaN
    },
    "2022-12-31": {
        "Tax Effect Of Unusual Items": 0.0,
        "Tax Rate For Calcs": 0.0,
        "Normalized EBITDA": -39679000.0,
        "Net Income From Continuing Operation Net Minority Interest": -39255000.0,
        "Reconciled Depreciation": 749000.0,
        "EBITDA": -39679000.0,
        "EBIT": -40428000.0,
        "Normalized Income": -39255000.0,
        "Net Income From Continuing And Discontinued Operation": -39255000.0,
        "Total Expenses": 40428000.0,
        "Total Operating Income As Reported": -40428000.0,
        "Diluted Average Shares": NaN,
        "Basic Average Shares": NaN,
        "Diluted EPS": NaN,
        "Basic EPS": NaN,
        "Diluted NI Availto Com Stockholders": -39255000.0,
        "Net Income Common Stockholders": -39255000.0,
        "Net Income": -39255000.0,
        "Net Income Including Noncontrolling Interests": -39255000.0,
        "Net Income Continuous Operations": -39255000.0,
        "Pretax Income": -39255000.0,
        "Other Income Expense": 1173000.0,
        "Other Non Operating Income Expenses": 1173000.0,
        "Operating Income": -40428000.0,
        "Operating Expense": 40428000.0,
        "Research And Development": 29613000.0,
        "Selling General And Administration": 10815000.0,
        "General And Administrative Expense": 10815000.0,
        "Other Gand A": 10815000.0,
        "Total Revenue": 0.0,
        "Operating Revenue": 0.0
    },
    "2022-09-30": {
        "Tax Effect Of Unusual Items": NaN,
        "Tax Rate For Calcs": NaN,
        "Normalized EBITDA": NaN,
        "Net Income From Continuing Operation Net Minority Interest": NaN,
        "Reconciled Depreciation": NaN,
        "EBITDA": NaN,
        "EBIT": NaN,
        "Normalized Income": NaN,
        "Net Income From Continuing And Discontinued Operation": NaN,
        "Total Expenses": NaN,
        "Total Operating Income As Reported": NaN,
        "Diluted Average Shares": 79336161.0,
        "Basic Average Shares": 79336161.0,
        "Diluted EPS": -0.55,
        "Basic EPS": -0.55,
        "Diluted NI Availto Com Stockholders": NaN,
        "Net Income Common Stockholders": NaN,
        "Net Income": NaN,
        "Net Income Including Noncontrolling Interests": NaN,
        "Net Income Continuous Operations": NaN,
        "Pretax Income": NaN,
        "Other Income Expense": NaN,
        "Other Non Operating Income Expenses": NaN,
        "Operating Income": NaN,
        "Operating Expense": NaN,
        "Research And Development": NaN,
        "Selling General And Administration": NaN,
        "General And Administrative Expense": NaN,
        "Other Gand A": NaN,
        "Total Revenue": NaN,
        "Operating Revenue": NaN
    },
    "2022-06-30": {
        "Tax Effect Of Unusual Items": 0.0,
        "Tax Rate For Calcs": 0.0,
        "Normalized EBITDA": -42403000.0,
        "Net Income From Continuing Operation Net Minority Interest": -44000000.0,
        "Reconciled Depreciation": 744000.0,
        "EBITDA": -42403000.0,
        "EBIT": -43147000.0,
        "Normalized Income": -44000000.0,
        "Net Income From Continuing And Discontinued Operation": -44000000.0,
        "Total Expenses": 43147000.0,
        "Total Operating Income As Reported": -43147000.0,
        "Diluted Average Shares": 41622392.0,
        "Basic Average Shares": 41622392.0,
        "Diluted EPS": -1.06,
        "Basic EPS": -1.06,
        "Diluted NI Availto Com Stockholders": -44000000.0,
        "Net Income Common Stockholders": -44000000.0,
        "Net Income": -44000000.0,
        "Net Income Including Noncontrolling Interests": -44000000.0,
        "Net Income Continuous Operations": -44000000.0,
        "Pretax Income": -44000000.0,
        "Other Income Expense": -853000.0,
        "Other Non Operating Income Expenses": -853000.0,
        "Operating Income": -43147000.0,
        "Operating Expense": 43147000.0,
        "Research And Development": 32073000.0,
        "Selling General And Administration": 11074000.0,
        "General And Administrative Expense": 11074000.0,
        "Other Gand A": 11074000.0,
        "Total Revenue": 0.0,
        "Operating Revenue": 0.0
    },
    "2022-03-31": {
        "Diluted EPS": -0.21,
        "Total Revenue": 33,
        "Gross Profit": 33,
        "Operating Income": -7,
        "EBIT": -4,
        "Net Income": -8
    },
    "2021-12-31": {
        "Diluted EPS": -0.97,
        "Total Revenue": 4,
        "Gross Profit": 4,
        "Operating Income": -35,
        "EBIT": -34,
        "Net Income": -36
    },
    "2021-09-30": {
        "Diluted EPS": -1.02,
        "Total Revenue": 5,
        "Gross Profit": 5,
        "Operating Income": -37,
        "EBIT": -36,
        "Net Income": -38
    },
    "2021-06-30": {
        "Diluted EPS": -0.84,
        "Total Revenue": 5,
        "Gross Profit": 5,
        "Operating Income": -30,
        "EBIT": -29,
        "Net Income": -31
    },
    "2021-03-31": {
        "Diluted EPS": -0.76,
        "Total Revenue": 5,
        "Gross Profit": 5,
        "Operating Income": -27,
        "EBIT": -26,
        "Net Income": -28
    },
    "2020-12-31": {
        "Diluted EPS": -0.79,
        "Total Revenue": 3,
        "Gross Profit": 3,
        "Operating Income": -26,
        "EBIT": -26,
        "Net Income": -27
    },
    "2020-09-30": {
        "Diluted EPS": -0.79,
        "Total Revenue": 3,
        "Gross Profit": 3,
        "Operating Income": -24,
        "EBIT": -23,
        "Net Income": -24
    },
    "2020-06-30": {
        "Diluted EPS": -0.65,
        "Total Revenue": 4,
        "Gross Profit": 4,
        "Operating Income": -19,
        "EBIT": -19,
        "Net Income": -19
    },
    "2020-03-31": {
        "Diluted EPS": -0.58,
        "Total Revenue": 5,
        "Gross Profit": 5,
        "Operating Income": -18,
        "EBIT": -17,
        "Net Income": -17
    },
    "2019-12-31": {
        "Diluted EPS": -0.4,
        "Total Revenue": 8,
        "Gross Profit": 8,
        "Operating Income": -12,
        "EBIT": -12,
        "Net Income": -12
    },
    "2019-09-30": {
        "Diluted EPS": -0.55,
        "Total Revenue": 5,
        "Gross Profit": 5,
        "Operating Income": -17,
        "EBIT": -17,
        "Net Income": -16
    },
    "2019-06-30": {
        "Diluted EPS": -0.48,
        "Total Revenue": 5,
        "Gross Profit": 5,
        "Operating Income": -13,
        "EBIT": -13,
        "Net Income": -13
    },
    "2019-03-31": {
        "Diluted EPS": -0.42,
        "Total Revenue": 3,
        "Gross Profit": 3,
        "Operating Income": -12,
        "EBIT": -12,
        "Net Income": -11
    },
    "2018-12-31": {
        "Diluted EPS": 1.86,
        "Total Revenue": NaN,
        "Gross Profit": NaN,
        "Operating Income": -16,
        "EBIT": -16,
        "Net Income": -15
    },
    "2018-09-30": {
        "Diluted EPS": -0.44,
        "Total Revenue": NaN,
        "Gross Profit": NaN,
        "Operating Income": -11,
        "EBIT": -11,
        "Net Income": -11
    },
    "2018-06-30": {
        "Diluted EPS": -1.39,
        "Total Revenue": NaN,
        "Gross Profit": NaN,
        "Operating Income": -15,
        "EBIT": -15,
        "Net Income": -15
    },
    "2018-03-31": {
        "Diluted EPS": -3.18,
        "Total Revenue": NaN,
        "Gross Profit": NaN,
        "Operating Income": -9,
        "EBIT": -9,
        "Net Income": -9
    },
    "2017-12-31": {
        "Diluted EPS": 0.0,
        "Total Revenue": NaN,
        "Gross Profit": NaN,
        "Operating Income": NaN,
        "EBIT": NaN,
        "Net Income": NaN
    },
    "2017-09-30": {
        "Diluted EPS": -0.0,
        "Total Revenue": NaN,
        "Gross Profit": NaN,
        "Operating Income": -6,
        "EBIT": -6,
        "Net Income": -6
    },
    "2017-06-30": {
        "Diluted EPS": -3.67,
        "Total Revenue": NaN,
        "Gross Profit": NaN,
        "Operating Income": -6,
        "EBIT": -6,
        "Net Income": -6
    },
    "2016-12-31": {
        "Diluted EPS": 0.0,
        "Total Revenue": NaN,
        "Gross Profit": NaN,
        "Operating Income": NaN,
        "EBIT": NaN,
        "Net Income": NaN
    },
    "2023-06-30": {
        "Tax Effect Of Unusual Items": NaN,
        "Tax Rate For Calcs": NaN,
        "Normalized EBITDA": NaN,
        "Net Income From Continuing Operation Net Minority Interest": NaN,
        "Reconciled Depreciation": NaN,
        "EBITDA": NaN,
        "EBIT": NaN,
        "Normalized Income": NaN,
        "Net Income From Continuing And Discontinued Operation": NaN,
        "Total Expenses": NaN,
        "Total Operating Income As Reported": NaN,
        "Diluted Average Shares": 80117983.0,
        "Basic Average Shares": 80117983.0,
        "Diluted EPS": -0.47,
        "Basic EPS": -0.47,
        "Diluted NI Availto Com Stockholders": NaN,
        "Net Income Common Stockholders": NaN,
        "Net Income": NaN,
        "Net Income Including Noncontrolling Interests": NaN,
        "Net Income Continuous Operations": NaN,
        "Pretax Income": NaN,
        "Other Income Expense": NaN,
        "Other Non Operating Income Expenses": NaN,
        "Operating Income": NaN,
        "Operating Expense": NaN,
        "Research And Development": NaN,
        "Selling General And Administration": NaN,
        "General And Administrative Expense": NaN,
        "Other Gand A": NaN,
        "Total Revenue": NaN,
        "Operating Revenue": NaN
    },
    "2023-09-30": {
        "Tax Effect Of Unusual Items": NaN,
        "Tax Rate For Calcs": NaN,
        "Normalized EBITDA": NaN,
        "Net Income From Continuing Operation Net Minority Interest": NaN,
        "Reconciled Depreciation": NaN,
        "EBITDA": NaN,
        "EBIT": NaN,
        "Normalized Income": NaN,
        "Net Income From Continuing And Discontinued Operation": NaN,
        "Total Expenses": NaN,
        "Total Operating Income As Reported": NaN,
        "Diluted Average Shares": 80606438.0,
        "Basic Average Shares": 80606438.0,
        "Diluted EPS": -0.53,
        "Basic EPS": -0.53,
        "Diluted NI Availto Com Stockholders": NaN,
        "Net Income Common Stockholders": NaN,
        "Net Income": NaN,
        "Net Income Including Noncontrolling Interests": NaN,
        "Net Income Continuous Operations": NaN,
        "Pretax Income": NaN,
        "Other Income Expense": NaN,
        "Other Non Operating Income Expenses": NaN,
        "Operating Income": NaN,
        "Operating Expense": NaN,
        "Research And Development": NaN,
        "Selling General And Administration": NaN,
        "General And Administrative Expense": NaN,
        "Other Gand A": NaN,
        "Total Revenue": NaN,
        "Operating Revenue": NaN
    },
    "2023-12-31": {
        "Tax Effect Of Unusual Items": 0.0,
        "Tax Rate For Calcs": 0.0,
        "Normalized EBITDA": -47360000.0,
        "Net Income From Continuing Operation Net Minority Interest": -46126000.0,
        "Reconciled Depreciation": 672000.0,
        "EBITDA": -47360000.0,
        "EBIT": -48032000.0,
        "Normalized Income": -46126000.0,
        "Net Income From Continuing And Discontinued Operation": -46126000.0,
        "Total Expenses": 48032000.0,
        "Total Operating Income As Reported": -48032000.0,
        "Diluted Average Shares": NaN,
        "Basic Average Shares": NaN,
        "Diluted EPS": NaN,
        "Basic EPS": NaN,
        "Diluted NI Availto Com Stockholders": -46126000.0,
        "Net Income Common Stockholders": -46126000.0,
        "Net Income": -46126000.0,
        "Net Income Including Noncontrolling Interests": -46126000.0,
        "Net Income Continuous Operations": -46126000.0,
        "Pretax Income": -46126000.0,
        "Other Income Expense": 1906000.0,
        "Other Non Operating Income Expenses": 1906000.0,
        "Operating Income": -48032000.0,
        "Operating Expense": 48032000.0,
        "Research And Development": 34961000.0,
        "Selling General And Administration": 13071000.0,
        "General And Administrative Expense": 13071000.0,
        "Other Gand A": 13071000.0,
        "Total Revenue": 0.0,
        "Operating Revenue": 0.0
    },
    "2024-03-31": {
        "Tax Effect Of Unusual Items": 0.0,
        "Tax Rate For Calcs": 0.0,
        "Normalized EBITDA": -57821000.0,
        "Net Income From Continuing Operation Net Minority Interest": -56853000.0,
        "Reconciled Depreciation": 598000.0,
        "EBITDA": -57821000.0,
        "EBIT": -58419000.0,
        "Normalized Income": -56853000.0,
        "Net Income From Continuing And Discontinued Operation": -56853000.0,
        "Total Expenses": 58419000.0,
        "Total Operating Income As Reported": -58419000.0,
        "Diluted Average Shares": 95892601.0,
        "Basic Average Shares": 95892601.0,
        "Diluted EPS": -0.59,
        "Basic EPS": -0.59,
        "Diluted NI Availto Com Stockholders": -56853000.0,
        "Net Income Common Stockholders": -56853000.0,
        "Net Income": -56853000.0,
        "Net Income Including Noncontrolling Interests": -56853000.0,
        "Net Income Continuous Operations": -56853000.0,
        "Pretax Income": -56853000.0,
        "Other Income Expense": 1566000.0,
        "Other Non Operating Income Expenses": 1566000.0,
        "Operating Income": -58419000.0,
        "Operating Expense": 58419000.0,
        "Research And Development": 43094000.0,
        "Selling General And Administration": 15325000.0,
        "General And Administrative Expense": 15325000.0,
        "Other Gand A": 15325000.0,
        "Total Revenue": 0.0,
        "Operating Revenue": 0.0
    },
    "2024-06-30": {
        "Tax Effect Of Unusual Items": 0.0,
        "Tax Rate For Calcs": 0.0,
        "Normalized EBITDA": -59000000.0,
        "Net Income From Continuing Operation Net Minority Interest": -58508000.0,
        "Reconciled Depreciation": 498000.0,
        "EBITDA": -59000000.0,
        "EBIT": -59498000.0,
        "Normalized Income": -58508000.0,
        "Net Income From Continuing And Discontinued Operation": -58508000.0,
        "Total Expenses": 59498000.0,
        "Total Operating Income As Reported": -59498000.0,
        "Diluted Average Shares": 96813116.0,
        "Basic Average Shares": 96813116.0,
        "Diluted EPS": -0.6,
        "Basic EPS": -0.6,
        "Diluted NI Availto Com Stockholders": -58508000.0,
        "Net Income Common Stockholders": -58508000.0,
        "Net Income": -58508000.0,
        "Net Income Including Noncontrolling Interests": -58508000.0,
        "Net Income Continuous Operations": -58508000.0,
        "Pretax Income": -58508000.0,
        "Other Income Expense": 990000.0,
        "Other Non Operating Income Expenses": 990000.0,
        "Operating Income": -59498000.0,
        "Operating Expense": 59498000.0,
        "Research And Development": 42373000.0,
        "Selling General And Administration": 17125000.0,
        "General And Administrative Expense": 17125000.0,
        "Other Gand A": 17125000.0,
        "Total Revenue": 0.0,
        "Operating Revenue": 0.0
    },
    "2024-09-30": {
        "Tax Effect Of Unusual Items": 0.0,
        "Tax Rate For Calcs": 0.0,
        "Normalized EBITDA": -64334000.0,
        "Net Income From Continuing Operation Net Minority Interest": -64479000.0,
        "Reconciled Depreciation": 446000.0,
        "EBITDA": -64334000.0,
        "EBIT": -64780000.0,
        "Normalized Income": -64479000.0,
        "Net Income From Continuing And Discontinued Operation": -64479000.0,
        "Total Expenses": 64780000.0,
        "Total Operating Income As Reported": -64780000.0,
        "Diluted Average Shares": 97050637.0,
        "Basic Average Shares": 97050637.0,
        "Diluted EPS": -0.66,
        "Basic EPS": -0.66,
        "Diluted NI Availto Com Stockholders": -64479000.0,
        "Net Income Common Stockholders": -64479000.0,
        "Net Income": -64479000.0,
        "Net Income Including Noncontrolling Interests": -64479000.0,
        "Net Income Continuous Operations": -64479000.0,
        "Pretax Income": -64479000.0,
        "Other Income Expense": 301000.0,
        "Other Non Operating Income Expenses": 301000.0,
        "Operating Income": -64780000.0,
        "Operating Expense": 64780000.0,
        "Research And Development": 48719000.0,
        "Selling General And Administration": 16061000.0,
        "General And Administrative Expense": 16061000.0,
        "Other Gand A": 16061000.0,
        "Total Revenue": 0.0,
        "Operating Revenue": 0.0
    },
    "2024-12-31": {
        "Tax Effect Of Unusual Items": 0.0,
        "Tax Rate For Calcs": 0.0,
        "Normalized EBITDA": -68962000.0,
        "Net Income From Continuing Operation Net Minority Interest": -66454000.0,
        "Reconciled Depreciation": 395000.0,
        "EBITDA": -68962000.0,
        "EBIT": -69357000.0,
        "Normalized Income": -66454000.0,
        "Net Income From Continuing And Discontinued Operation": -66454000.0,
        "Total Expenses": 69357000.0,
        "Total Operating Income As Reported": -69357000.0,
        "Diluted Average Shares": NaN,
        "Basic Average Shares": NaN,
        "Diluted EPS": NaN,
        "Basic EPS": NaN,
        "Diluted NI Availto Com Stockholders": -66454000.0,
        "Net Income Common Stockholders": -66454000.0,
        "Net Income": -66454000.0,
        "Net Income Including Noncontrolling Interests": -66454000.0,
        "Net Income Continuous Operations": -66454000.0,
        "Pretax Income": -66454000.0,
        "Other Income Expense": 2903000.0,
        "Other Non Operating Income Expenses": 2903000.0,
        "Operating Income": -69357000.0,
        "Operating Expense": 69357000.0,
        "Research And Development": 50365000.0,
        "Selling General And Administration": 18992000.0,
        "General And Administrative Expense": 18992000.0,
        "Other Gand A": 18992000.0,
        "Total Revenue": 0.0,
        "Operating Revenue": 0.0
    },
    "2025-03-31": {
        "Tax Effect Of Unusual Items": 0.0,
        "Tax Rate For Calcs": 0.0,
        "Normalized EBITDA": -76697000.0,
        "Net Income From Continuing Operation Net Minority Interest": -74723000.0,
        "Reconciled Depreciation": 393000.0,
        "EBITDA": -76697000.0,
        "EBIT": -77090000.0,
        "Normalized Income": -74723000.0,
        "Net Income From Continuing And Discontinued Operation": -74723000.0,
        "Total Expenses": 77090000.0,
        "Total Operating Income As Reported": -77090000.0,
        "Diluted Average Shares": 111838272.0,
        "Basic Average Shares": 111838272.0,
        "Diluted EPS": -0.67,
        "Basic EPS": -0.67,
        "Diluted NI Availto Com Stockholders": -74723000.0,
        "Net Income Common Stockholders": -74723000.0,
        "Net Income": -74723000.0,
        "Net Income Including Noncontrolling Interests": -74723000.0,
        "Net Income Continuous Operations": -74723000.0,
        "Pretax Income": -74723000.0,
        "Other Income Expense": 2367000.0,
        "Other Non Operating Income Expenses": 2367000.0,
        "Operating Income": -77090000.0,
        "Operating Expense": 77090000.0,
        "Research And Development": 48678000.0,
        "Selling General And Administration": 28412000.0,
        "General And Administrative Expense": 28412000.0,
        "Other Gand A": 28412000.0,
        "Total Revenue": 0.0,
        "Operating Revenue": 0.0
    }
}