{
    "2022-12-31": {
        "Tax Effect Of Unusual Items": 0.0,
        "Tax Rate For Calcs": 0.280272,
        "Net Income From Continuing Operation Net Minority Interest": 4553000.0,
        "Reconciled Depreciation": 100000.0,
        "Net Interest Income": 11152000.0,
        "Interest Expense": 2939000.0,
        "Interest Income": 14091000.0,
        "Normalized Income": 4553000.0,
        "Net Income From Continuing And Discontinued Operation": 4553000.0,
        "Diluted Average Shares": NaN,
        "Basic Average Shares": NaN,
        "Diluted EPS": NaN,
        "Basic EPS": NaN,
        "Diluted NI Availto Com Stockholders": 4553000.0,
        "Net Income Common Stockholders": 4553000.0,
        "Net Income": 4553000.0,
        "Net Income Including Noncontrolling Interests": 4553000.0,
        "Net Income Continuous Operations": 4553000.0,
        "Tax Provision": 1773000.0,
        "Pretax Income": 6326000.0,
        "Gain On Sale Of Security": -3000.0,
        "Selling General And Administration": 5569000.0,
        "Selling And Marketing Expense": 511000.0,
        "General And Administrative Expense": 5058000.0,
        "Insurance And Claims": 223000.0,
        "Salaries And Wages": 4835000.0,
        "Total Revenue": 13088000.0,
        "Operating Revenue": 13088000.0
    },
    "2022-09-30": {
        "Tax Effect Of Unusual Items": NaN,
        "Tax Rate For Calcs": NaN,
        "Net Income From Continuing Operation Net Minority Interest": NaN,
        "Reconciled Depreciation": NaN,
        "Net Interest Income": NaN,
        "Interest Expense": NaN,
        "Interest Income": NaN,
        "Normalized Income": NaN,
        "Net Income From Continuing And Discontinued Operation": NaN,
        "Diluted Average Shares": 6688000.0,
        "Basic Average Shares": 6688000.0,
        "Diluted EPS": 0.59,
        "Basic EPS": 0.59,
        "Diluted NI Availto Com Stockholders": NaN,
        "Net Income Common Stockholders": NaN,
        "Net Income": NaN,
        "Net Income Including Noncontrolling Interests": NaN,
        "Net Income Continuous Operations": NaN,
        "Tax Provision": NaN,
        "Pretax Income": NaN,
        "Gain On Sale Of Security": NaN,
        "Selling General And Administration": NaN,
        "Selling And Marketing Expense": NaN,
        "General And Administrative Expense": NaN,
        "Insurance And Claims": NaN,
        "Salaries And Wages": NaN,
        "Total Revenue": NaN,
        "Operating Revenue": NaN
    },
    "2022-06-30": {
        "Tax Effect Of Unusual Items": 0.0,
        "Tax Rate For Calcs": 0.292296,
        "Net Income From Continuing Operation Net Minority Interest": 4501000.0,
        "Reconciled Depreciation": 97000.0,
        "Net Interest Income": 10233000.0,
        "Interest Expense": 1044000.0,
        "Interest Income": 11277000.0,
        "Normalized Income": 4501000.0,
        "Net Income From Continuing And Discontinued Operation": 4501000.0,
        "Diluted Average Shares": 6687000.0,
        "Basic Average Shares": 6687000.0,
        "Diluted EPS": 0.67,
        "Basic EPS": 0.67,
        "Diluted NI Availto Com Stockholders": 4501000.0,
        "Net Income Common Stockholders": 4501000.0,
        "Net Income": 4501000.0,
        "Net Income Including Noncontrolling Interests": 4501000.0,
        "Net Income Continuous Operations": 4501000.0,
        "Tax Provision": 1859000.0,
        "Pretax Income": 6360000.0,
        "Gain On Sale Of Security": 0.0,
        "Selling General And Administration": 4377000.0,
        "Selling And Marketing Expense": 363000.0,
        "General And Administrative Expense": 4014000.0,
        "Other Gand A": 512000.0,
        "Insurance And Claims": 191000.0,
        "Salaries And Wages": 3311000.0,
        "Total Revenue": 12656000.0,
        "Operating Revenue": 12656000.0
    },
    "2023-03-31": {
        "Tax Effect Of Unusual Items": NaN,
        "Tax Rate For Calcs": NaN,
        "Net Income From Continuing Operation Net Minority Interest": NaN,
        "Reconciled Depreciation": NaN,
        "Net Interest Income": NaN,
        "Interest Expense": NaN,
        "Interest Income": NaN,
        "Normalized Income": NaN,
        "Net Income From Continuing And Discontinued Operation": NaN,
        "Diluted Average Shares": 6688000.0,
        "Basic Average Shares": 6688000.0,
        "Diluted EPS": 0.62,
        "Basic EPS": 0.62,
        "Diluted NI Availto Com Stockholders": NaN,
        "Net Income Common Stockholders": NaN,
        "Net Income": NaN,
        "Net Income Including Noncontrolling Interests": NaN,
        "Net Income Continuous Operations": NaN,
        "Tax Provision": NaN,
        "Pretax Income": NaN,
        "Gain On Sale Of Security": NaN,
        "Selling General And Administration": NaN,
        "Selling And Marketing Expense": NaN,
        "General And Administrative Expense": NaN,
        "Insurance And Claims": NaN,
        "Salaries And Wages": NaN,
        "Total Revenue": NaN,
        "Operating Revenue": NaN,
        "Occupancy And Equipment": NaN,
        "Professional Expense And Contract Services Expense": NaN,
        "Other Non Interest Expense": NaN
    },
    "2022-03-31": {
        "Diluted EPS": 0.59,
        "Total Revenue": 13,
        "Gross Profit": 13,
        "Operating Income": 13,
        "EBIT": NaN,
        "Net Income": 4
    },
    "2021-12-31": {
        "Diluted EPS": 0.55,
        "Total Revenue": 12,
        "Gross Profit": 12,
        "Operating Income": 12,
        "EBIT": NaN,
        "Net Income": 4
    },
    "2021-09-30": {
        "Diluted EPS": 0.57,
        "Total Revenue": 12,
        "Gross Profit": 12,
        "Operating Income": 12,
        "EBIT": NaN,
        "Net Income": 4
    },
    "2021-06-30": {
        "Diluted EPS": 0.58,
        "Total Revenue": 12,
        "Gross Profit": 12,
        "Operating Income": 12,
        "EBIT": NaN,
        "Net Income": 4
    },
    "2021-03-31": {
        "Diluted EPS": 0.5,
        "Total Revenue": 11,
        "Gross Profit": 11,
        "Operating Income": 11,
        "EBIT": NaN,
        "Net Income": 3
    },
    "2020-12-31": {
        "Diluted EPS": 0.44,
        "Total Revenue": 11,
        "Gross Profit": 11,
        "Operating Income": 11,
        "EBIT": NaN,
        "Net Income": 3
    },
    "2020-09-30": {
        "Diluted EPS": 0.45,
        "Total Revenue": 10,
        "Gross Profit": 10,
        "Operating Income": 10,
        "EBIT": NaN,
        "Net Income": 3
    },
    "2020-06-30": {
        "Diluted EPS": 0.34,
        "Total Revenue": 10,
        "Gross Profit": 10,
        "Operating Income": 10,
        "EBIT": NaN,
        "Net Income": 2
    },
    "2020-03-31": {
        "Diluted EPS": 0.36,
        "Total Revenue": 10,
        "Gross Profit": 10,
        "Operating Income": 10,
        "EBIT": NaN,
        "Net Income": 2
    },
    "2019-12-31": {
        "Diluted EPS": 0.27,
        "Total Revenue": 9,
        "Gross Profit": 9,
        "Operating Income": 9,
        "EBIT": NaN,
        "Net Income": 2
    },
    "2019-09-30": {
        "Diluted EPS": 0.31,
        "Total Revenue": 9,
        "Gross Profit": 9,
        "Operating Income": 9,
        "EBIT": NaN,
        "Net Income": 2
    },
    "2019-06-30": {
        "Diluted EPS": 0.17,
        "Total Revenue": 8,
        "Gross Profit": 8,
        "Operating Income": 8,
        "EBIT": NaN,
        "Net Income": 1
    },
    "2019-03-31": {
        "Diluted EPS": 0.21,
        "Total Revenue": 8,
        "Gross Profit": 8,
        "Operating Income": 8,
        "EBIT": NaN,
        "Net Income": 1
    },
    "2018-12-31": {
        "Diluted EPS": 0.16,
        "Total Revenue": 7,
        "Gross Profit": 7,
        "Operating Income": 7,
        "EBIT": NaN,
        "Net Income": 1
    },
    "2018-09-30": {
        "Diluted EPS": 0.23,
        "Total Revenue": 7,
        "Gross Profit": 7,
        "Operating Income": 7,
        "EBIT": NaN,
        "Net Income": 2
    },
    "2018-06-30": {
        "Diluted EPS": 0.22,
        "Total Revenue": 7,
        "Gross Profit": 7,
        "Operating Income": 7,
        "EBIT": NaN,
        "Net Income": 1
    },
    "2018-03-31": {
        "Diluted EPS": 0.26,
        "Total Revenue": 7,
        "Gross Profit": 7,
        "Operating Income": 7,
        "EBIT": NaN,
        "Net Income": 2
    },
    "2017-12-31": {
        "Diluted EPS": 0.07,
        "Total Revenue": 6,
        "Gross Profit": 6,
        "Operating Income": 6,
        "EBIT": NaN,
        "Net Income": 0
    },
    "2017-09-30": {
        "Diluted EPS": 0.16,
        "Total Revenue": 6,
        "Gross Profit": 6,
        "Operating Income": 6,
        "EBIT": NaN,
        "Net Income": 1
    },
    "2017-06-30": {
        "Diluted EPS": 0.14,
        "Total Revenue": 5,
        "Gross Profit": 5,
        "Operating Income": 5,
        "EBIT": NaN,
        "Net Income": 1
    },
    "2017-03-31": {
        "Diluted EPS": 0.14,
        "Total Revenue": 5,
        "Gross Profit": 5,
        "Operating Income": 5,
        "EBIT": NaN,
        "Net Income": 1
    },
    "2016-12-31": {
        "Diluted EPS": 0.18,
        "Total Revenue": 5,
        "Gross Profit": 5,
        "Operating Income": 5,
        "EBIT": NaN,
        "Net Income": 1
    },
    "2016-09-30": {
        "Diluted EPS": 0.18,
        "Total Revenue": 5,
        "Gross Profit": 5,
        "Operating Income": 5,
        "EBIT": NaN,
        "Net Income": 1
    },
    "2016-06-30": {
        "Diluted EPS": 0.19,
        "Total Revenue": 6,
        "Gross Profit": 6,
        "Operating Income": 6,
        "EBIT": NaN,
        "Net Income": 1
    },
    "2016-03-31": {
        "Diluted EPS": 0.2,
        "Total Revenue": 5,
        "Gross Profit": 5,
        "Operating Income": 5,
        "EBIT": NaN,
        "Net Income": 1
    },
    "2015-12-31": {
        "Diluted EPS": 0.2,
        "Total Revenue": 5,
        "Gross Profit": 5,
        "Operating Income": 5,
        "EBIT": NaN,
        "Net Income": 1
    },
    "2015-09-30": {
        "Diluted EPS": 0.19,
        "Total Revenue": 5,
        "Gross Profit": 5,
        "Operating Income": 5,
        "EBIT": NaN,
        "Net Income": 1
    },
    "2015-06-30": {
        "Diluted EPS": 0.26,
        "Total Revenue": 5,
        "Gross Profit": 5,
        "Operating Income": 5,
        "EBIT": NaN,
        "Net Income": 2
    },
    "2015-03-31": {
        "Diluted EPS": 0.26,
        "Total Revenue": 6,
        "Gross Profit": 6,
        "Operating Income": 6,
        "EBIT": NaN,
        "Net Income": 2
    },
    "2014-12-31": {
        "Diluted EPS": 0.27,
        "Total Revenue": 5,
        "Gross Profit": 5,
        "Operating Income": 5,
        "EBIT": NaN,
        "Net Income": 2
    },
    "2014-09-30": {
        "Diluted EPS": 0.18,
        "Total Revenue": 5,
        "Gross Profit": 5,
        "Operating Income": 5,
        "EBIT": NaN,
        "Net Income": 1
    },
    "2014-06-30": {
        "Diluted EPS": 0.19,
        "Total Revenue": 5,
        "Gross Profit": 5,
        "Operating Income": 5,
        "EBIT": NaN,
        "Net Income": 1
    },
    "2014-03-31": {
        "Diluted EPS": 0.18,
        "Total Revenue": 5,
        "Gross Profit": 5,
        "Operating Income": 5,
        "EBIT": NaN,
        "Net Income": 1
    },
    "2013-12-31": {
        "Diluted EPS": 0.18,
        "Total Revenue": 5,
        "Gross Profit": 5,
        "Operating Income": 5,
        "EBIT": NaN,
        "Net Income": 1
    },
    "2013-09-30": {
        "Diluted EPS": 0.17,
        "Total Revenue": 5,
        "Gross Profit": 5,
        "Operating Income": 5,
        "EBIT": NaN,
        "Net Income": 1
    },
    "2013-06-30": {
        "Diluted EPS": 0.15,
        "Total Revenue": 5,
        "Gross Profit": 5,
        "Operating Income": 5,
        "EBIT": NaN,
        "Net Income": 1
    },
    "2013-03-31": {
        "Diluted EPS": 0.13,
        "Total Revenue": 5,
        "Gross Profit": 5,
        "Operating Income": 5,
        "EBIT": NaN,
        "Net Income": 1
    },
    "2012-12-31": {
        "Diluted EPS": 0.15,
        "Total Revenue": 5,
        "Gross Profit": 5,
        "Operating Income": 5,
        "EBIT": NaN,
        "Net Income": 1
    },
    "2012-09-30": {
        "Diluted EPS": 0.14,
        "Total Revenue": 6,
        "Gross Profit": 6,
        "Operating Income": 6,
        "EBIT": NaN,
        "Net Income": 1
    },
    "2012-06-30": {
        "Diluted EPS": 0.1,
        "Total Revenue": 5,
        "Gross Profit": 5,
        "Operating Income": 5,
        "EBIT": NaN,
        "Net Income": 1
    },
    "2012-03-31": {
        "Diluted EPS": 0.07,
        "Total Revenue": 6,
        "Gross Profit": 6,
        "Operating Income": 6,
        "EBIT": NaN,
        "Net Income": 1
    },
    "2011-12-31": {
        "Diluted EPS": 0.06,
        "Total Revenue": 5,
        "Gross Profit": 4,
        "Operating Income": 1,
        "EBIT": NaN,
        "Net Income": 1
    },
    "2011-09-30": {
        "Diluted EPS": 0.03,
        "Total Revenue": 6,
        "Gross Profit": 5,
        "Operating Income": 1,
        "EBIT": NaN,
        "Net Income": 0
    },
    "2011-06-30": {
        "Diluted EPS": 0.1,
        "Total Revenue": 5,
        "Gross Profit": 5,
        "Operating Income": 1,
        "EBIT": NaN,
        "Net Income": 1
    },
    "2011-03-31": {
        "Diluted EPS": 0.04,
        "Total Revenue": 5,
        "Gross Profit": 4,
        "Operating Income": 1,
        "EBIT": NaN,
        "Net Income": 0
    },
    "2010-12-31": {
        "Diluted EPS": 0.04,
        "Total Revenue": 5,
        "Gross Profit": 4,
        "Operating Income": 1,
        "EBIT": NaN,
        "Net Income": 0
    },
    "2010-09-30": {
        "Diluted EPS": 0.03,
        "Total Revenue": 5,
        "Gross Profit": 4,
        "Operating Income": 1,
        "EBIT": NaN,
        "Net Income": 0
    },
    "2010-06-30": {
        "Diluted EPS": 0.06,
        "Total Revenue": 5,
        "Gross Profit": 4,
        "Operating Income": 1,
        "EBIT": NaN,
        "Net Income": 1
    },
    "2010-03-31": {
        "Diluted EPS": 0.06,
        "Total Revenue": 5,
        "Gross Profit": 4,
        "Operating Income": 1,
        "EBIT": NaN,
        "Net Income": 1
    },
    "2009-12-31": {
        "Diluted EPS": 0.04,
        "Total Revenue": 5,
        "Gross Profit": 10,
        "Operating Income": 6,
        "EBIT": NaN,
        "Net Income": 0
    },
    "2009-09-30": {
        "Diluted EPS": 0.01,
        "Total Revenue": 5,
        "Gross Profit": 4,
        "Operating Income": 0,
        "EBIT": NaN,
        "Net Income": 0
    },
    "2009-06-30": {
        "Diluted EPS": 0.09,
        "Total Revenue": 6,
        "Gross Profit": 4,
        "Operating Income": 1,
        "EBIT": NaN,
        "Net Income": 1
    },
    "2009-03-31": {
        "Diluted EPS": 0.12,
        "Total Revenue": 6,
        "Gross Profit": 4,
        "Operating Income": 1,
        "EBIT": NaN,
        "Net Income": 1
    },
    "2023-06-30": {
        "Tax Effect Of Unusual Items": NaN,
        "Tax Rate For Calcs": NaN,
        "Net Income From Continuing Operation Net Minority Interest": NaN,
        "Reconciled Depreciation": NaN,
        "Net Interest Income": NaN,
        "Interest Expense": NaN,
        "Interest Income": NaN,
        "Normalized Income": NaN,
        "Net Income From Continuing And Discontinued Operation": NaN,
        "Diluted Average Shares": 6700000.0,
        "Basic Average Shares": 6697000.0,
        "Diluted EPS": 0.45,
        "Basic EPS": 0.45,
        "Diluted NI Availto Com Stockholders": NaN,
        "Net Income Common Stockholders": NaN,
        "Net Income": NaN,
        "Net Income Including Noncontrolling Interests": NaN,
        "Net Income Continuous Operations": NaN,
        "Tax Provision": NaN,
        "Pretax Income": NaN,
        "Gain On Sale Of Security": NaN,
        "Selling General And Administration": NaN,
        "Selling And Marketing Expense": NaN,
        "General And Administrative Expense": NaN,
        "Insurance And Claims": NaN,
        "Salaries And Wages": NaN,
        "Total Revenue": NaN,
        "Operating Revenue": NaN,
        "Occupancy And Equipment": NaN,
        "Professional Expense And Contract Services Expense": NaN,
        "Other Non Interest Expense": NaN
    },
    "2023-09-30": {
        "Tax Effect Of Unusual Items": NaN,
        "Tax Rate For Calcs": NaN,
        "Net Income From Continuing Operation Net Minority Interest": NaN,
        "Reconciled Depreciation": NaN,
        "Net Interest Income": NaN,
        "Interest Expense": NaN,
        "Interest Income": NaN,
        "Normalized Income": NaN,
        "Net Income From Continuing And Discontinued Operation": NaN,
        "Diluted Average Shares": 6705000.0,
        "Basic Average Shares": 6697000.0,
        "Diluted EPS": 0.27,
        "Basic EPS": 0.27,
        "Diluted NI Availto Com Stockholders": NaN,
        "Net Income Common Stockholders": NaN,
        "Net Income": NaN,
        "Net Income Including Noncontrolling Interests": NaN,
        "Net Income Continuous Operations": NaN,
        "Tax Provision": NaN,
        "Pretax Income": NaN,
        "Gain On Sale Of Security": NaN,
        "Selling General And Administration": NaN,
        "Selling And Marketing Expense": NaN,
        "General And Administrative Expense": NaN,
        "Insurance And Claims": NaN,
        "Salaries And Wages": NaN,
        "Total Revenue": NaN,
        "Operating Revenue": NaN,
        "Occupancy And Equipment": NaN,
        "Professional Expense And Contract Services Expense": NaN,
        "Other Non Interest Expense": NaN
    },
    "2023-12-31": {
        "Tax Effect Of Unusual Items": 0.0,
        "Tax Rate For Calcs": 0.298116,
        "Net Income From Continuing Operation Net Minority Interest": 1900000.0,
        "Reconciled Depreciation": 98000.0,
        "Net Interest Income": 7705000.0,
        "Interest Expense": 7207000.0,
        "Interest Income": 14912000.0,
        "Normalized Income": 1900000.0,
        "Net Income From Continuing And Discontinued Operation": 1900000.0,
        "Diluted Average Shares": NaN,
        "Basic Average Shares": NaN,
        "Diluted EPS": NaN,
        "Basic EPS": NaN,
        "Diluted NI Availto Com Stockholders": 1900000.0,
        "Net Income Common Stockholders": 1900000.0,
        "Net Income": 1900000.0,
        "Net Income Including Noncontrolling Interests": 1900000.0,
        "Net Income Continuous Operations": 1900000.0,
        "Tax Provision": 807000.0,
        "Pretax Income": 2707000.0,
        "Gain On Sale Of Security": -31000.0,
        "Selling General And Administration": 3618000.0,
        "Selling And Marketing Expense": 310000.0,
        "General And Administrative Expense": 3308000.0,
        "Insurance And Claims": 252000.0,
        "Salaries And Wages": 3056000.0,
        "Total Revenue": 7770000.0,
        "Operating Revenue": 7770000.0,
        "Occupancy And Equipment": 387000.0,
        "Professional Expense And Contract Services Expense": 300000.0,
        "Other Non Interest Expense": 854000.0
    },
    "2024-03-31": {
        "Tax Effect Of Unusual Items": NaN,
        "Tax Rate For Calcs": NaN,
        "Net Income From Continuing Operation Net Minority Interest": NaN,
        "Reconciled Depreciation": NaN,
        "Net Interest Income": NaN,
        "Interest Expense": NaN,
        "Interest Income": NaN,
        "Normalized Income": NaN,
        "Net Income From Continuing And Discontinued Operation": NaN,
        "Diluted Average Shares": 6697587.0,
        "Basic Average Shares": 6697587.0,
        "Diluted EPS": 0.21,
        "Basic EPS": 0.21,
        "Diluted NI Availto Com Stockholders": NaN,
        "Net Income Common Stockholders": NaN,
        "Net Income": NaN,
        "Net Income Including Noncontrolling Interests": NaN,
        "Net Income Continuous Operations": NaN,
        "Tax Provision": NaN,
        "Pretax Income": NaN,
        "Gain On Sale Of Security": NaN,
        "Selling General And Administration": NaN,
        "Selling And Marketing Expense": NaN,
        "General And Administrative Expense": NaN,
        "Insurance And Claims": NaN,
        "Salaries And Wages": NaN,
        "Total Revenue": NaN,
        "Operating Revenue": NaN,
        "Occupancy And Equipment": NaN,
        "Professional Expense And Contract Services Expense": NaN,
        "Other Non Interest Expense": NaN
    },
    "2024-06-30": {
        "Tax Effect Of Unusual Items": 0.0,
        "Tax Rate For Calcs": 0.277259,
        "Net Income From Continuing Operation Net Minority Interest": 928000.0,
        "Reconciled Depreciation": 93000.0,
        "Net Interest Income": 6966000.0,
        "Interest Expense": 7277000.0,
        "Interest Income": 14243000.0,
        "Normalized Income": 928000.0,
        "Net Income From Continuing And Discontinued Operation": 928000.0,
        "Diluted Average Shares": 6718614.0,
        "Basic Average Shares": 6718614.0,
        "Diluted EPS": 0.14,
        "Basic EPS": 0.14,
        "Diluted NI Availto Com Stockholders": 928000.0,
        "Net Income Common Stockholders": 928000.0,
        "Net Income": 928000.0,
        "Net Income Including Noncontrolling Interests": 928000.0,
        "Net Income Continuous Operations": 928000.0,
        "Tax Provision": 356000.0,
        "Pretax Income": 1284000.0,
        "Gain On Sale Of Security": -4000.0,
        "Selling General And Administration": 4927000.0,
        "Selling And Marketing Expense": 252000.0,
        "General And Administrative Expense": 4675000.0,
        "Insurance And Claims": 468000.0,
        "Salaries And Wages": 4207000.0,
        "Total Revenue": 7891000.0,
        "Operating Revenue": 7891000.0,
        "Occupancy And Equipment": 443000.0,
        "Professional Expense And Contract Services Expense": 402000.0,
        "Other Non Interest Expense": 855000.0
    },
    "2024-09-30": {
        "Tax Effect Of Unusual Items": 0.0,
        "Tax Rate For Calcs": 0.244,
        "Net Income From Continuing Operation Net Minority Interest": 626000.0,
        "Reconciled Depreciation": 98000.0,
        "Net Interest Income": 7144000.0,
        "Interest Expense": 7705000.0,
        "Interest Income": 14849000.0,
        "Normalized Income": 626000.0,
        "Net Income From Continuing And Discontinued Operation": 626000.0,
        "Diluted Average Shares": 6719000.0,
        "Basic Average Shares": 6719000.0,
        "Diluted EPS": 0.09,
        "Basic EPS": 0.09,
        "Diluted NI Availto Com Stockholders": 626000.0,
        "Net Income Common Stockholders": 626000.0,
        "Net Income": 626000.0,
        "Net Income Including Noncontrolling Interests": 626000.0,
        "Net Income Continuous Operations": 626000.0,
        "Tax Provision": 202000.0,
        "Pretax Income": 828000.0,
        "Gain On Sale Of Security": 19000.0,
        "Selling General And Administration": 4662000.0,
        "Selling And Marketing Expense": 213000.0,
        "General And Administrative Expense": 4449000.0,
        "Insurance And Claims": 261000.0,
        "Salaries And Wages": 4188000.0,
        "Total Revenue": 8321000.0,
        "Operating Revenue": 8321000.0,
        "Occupancy And Equipment": 420000.0,
        "Professional Expense And Contract Services Expense": 339000.0,
        "Other Non Interest Expense": 760000.0
    },
    "2024-12-31": {
        "Tax Effect Of Unusual Items": 0.0,
        "Tax Rate For Calcs": 0.1637,
        "Net Income From Continuing Operation Net Minority Interest": -7142000.0,
        "Reconciled Depreciation": 99000.0,
        "Net Interest Income": 7574000.0,
        "Interest Expense": 7233000.0,
        "Interest Income": 14807000.0,
        "Normalized Income": -7142000.0,
        "Net Income From Continuing And Discontinued Operation": -7142000.0,
        "Diluted Average Shares": NaN,
        "Basic Average Shares": NaN,
        "Diluted EPS": NaN,
        "Basic EPS": NaN,
        "Diluted NI Availto Com Stockholders": -7142000.0,
        "Net Income Common Stockholders": -7142000.0,
        "Net Income": -7142000.0,
        "Net Income Including Noncontrolling Interests": -7142000.0,
        "Net Income Continuous Operations": -7142000.0,
        "Tax Provision": -1398000.0,
        "Pretax Income": -8540000.0,
        "Gain On Sale Of Security": 8000.0,
        "Selling General And Administration": 4136000.0,
        "Selling And Marketing Expense": 255000.0,
        "General And Administrative Expense": 3881000.0,
        "Insurance And Claims": 307000.0,
        "Salaries And Wages": 3574000.0,
        "Total Revenue": 8171000.0,
        "Operating Revenue": 8171000.0,
        "Occupancy And Equipment": 413000.0,
        "Professional Expense And Contract Services Expense": 299000.0,
        "Other Non Interest Expense": 1019000.0
    },
    "2025-03-31": {
        "Tax Effect Of Unusual Items": 0.0,
        "Tax Rate For Calcs": 0.1952,
        "Net Income From Continuing Operation Net Minority Interest": 2494000.0,
        "Reconciled Depreciation": 101000.0,
        "Net Interest Income": 7948000.0,
        "Interest Expense": 6464000.0,
        "Interest Income": 14412000.0,
        "Normalized Income": 2494000.0,
        "Net Income From Continuing And Discontinued Operation": 2494000.0,
        "Diluted Average Shares": 6719127.0,
        "Basic Average Shares": 6719127.0,
        "Diluted EPS": 0.37,
        "Basic EPS": 0.37,
        "Diluted NI Availto Com Stockholders": 2494000.0,
        "Net Income Common Stockholders": 2494000.0,
        "Net Income": 2494000.0,
        "Net Income Including Noncontrolling Interests": 2494000.0,
        "Net Income Continuous Operations": 2494000.0,
        "Tax Provision": 605000.0,
        "Pretax Income": 3099000.0,
        "Gain On Sale Of Security": 13000.0,
        "Selling General And Administration": 4681000.0,
        "Selling And Marketing Expense": 283000.0,
        "General And Administrative Expense": 4398000.0,
        "Insurance And Claims": 477000.0,
        "Salaries And Wages": 3921000.0,
        "Total Revenue": 8737000.0,
        "Operating Revenue": 8737000.0,
        "Occupancy And Equipment": 421000.0,
        "Professional Expense And Contract Services Expense": 317000.0,
        "Other Non Interest Expense": 834000.0
    },
    "2025-06-30": {
        "Tax Effect Of Unusual Items": 0.0,
        "Tax Rate For Calcs": 0.254473,
        "Net Income From Continuing Operation Net Minority Interest": 2417000.0,
        "Reconciled Depreciation": 93000.0,
        "Net Interest Income": 9101000.0,
        "Interest Expense": 6001000.0,
        "Interest Income": 15102000.0,
        "Normalized Income": 2417000.0,
        "Net Income From Continuing And Discontinued Operation": 2417000.0,
        "Diluted Average Shares": 6733823.0,
        "Basic Average Shares": 6733823.0,
        "Diluted EPS": 0.36,
        "Basic EPS": 0.36,
        "Diluted NI Availto Com Stockholders": 2417000.0,
        "Net Income Common Stockholders": 2417000.0,
        "Net Income": 2417000.0,
        "Net Income Including Noncontrolling Interests": 2417000.0,
        "Net Income Continuous Operations": 2417000.0,
        "Tax Provision": 825000.0,
        "Pretax Income": 3242000.0,
        "Gain On Sale Of Security": -5000.0,
        "Selling General And Administration": 4884000.0,
        "Selling And Marketing Expense": 289000.0,
        "General And Administrative Expense": 4595000.0,
        "Insurance And Claims": 486000.0,
        "Salaries And Wages": 4109000.0,
        "Total Revenue": 9492000.0,
        "Operating Revenue": 9492000.0,
        "Occupancy And Equipment": 467000.0,
        "Professional Expense And Contract Services Expense": 327000.0,
        "Other Non Interest Expense": 627000.0
    }
}