{
    "2023-06-30": {
        "Tax Effect Of Unusual Items": NaN,
        "Tax Rate For Calcs": NaN,
        "Normalized EBITDA": NaN,
        "Total Unusual Items": NaN,
        "Total Unusual Items Excluding Goodwill": NaN,
        "Net Income From Continuing Operation Net Minority Interest": NaN,
        "Reconciled Depreciation": NaN,
        "Reconciled Cost Of Revenue": NaN,
        "EBITDA": NaN,
        "EBIT": NaN,
        "Net Interest Income": NaN,
        "Interest Expense": NaN,
        "Interest Income": NaN,
        "Normalized Income": NaN,
        "Net Income From Continuing And Discontinued Operation": NaN,
        "Total Expenses": NaN,
        "Total Operating Income As Reported": NaN,
        "Diluted Average Shares": NaN,
        "Basic Average Shares": NaN,
        "Diluted EPS": NaN,
        "Basic EPS": NaN,
        "Diluted NI Availto Com Stockholders": NaN,
        "Net Income Common Stockholders": NaN,
        "Net Income": NaN,
        "Net Income Including Noncontrolling Interests": NaN,
        "Net Income Continuous Operations": NaN,
        "Tax Provision": NaN,
        "Pretax Income": NaN,
        "Other Income Expense": NaN,
        "Other Non Operating Income Expenses": NaN,
        "Special Income Charges": NaN,
        "Gain On Sale Of Business": NaN,
        "Impairment Of Capital Assets": NaN,
        "Restructuring And Mergern Acquisition": NaN,
        "Gain On Sale Of Security": NaN,
        "Net Non Operating Interest Income Expense": NaN,
        "Total Other Finance Cost": 372000.0,
        "Interest Expense Non Operating": NaN,
        "Interest Income Non Operating": NaN,
        "Operating Income": NaN,
        "Operating Expense": NaN,
        "Depreciation Amortization Depletion Income Statement": NaN,
        "Depreciation And Amortization In Income Statement": NaN,
        "Amortization": NaN,
        "Amortization Of Intangibles Income Statement": NaN,
        "Research And Development": NaN,
        "Selling General And Administration": NaN,
        "Gross Profit": NaN,
        "Cost Of Revenue": NaN,
        "Total Revenue": NaN,
        "Operating Revenue": NaN
    },
    "2023-03-31": {
        "Tax Effect Of Unusual Items": NaN,
        "Tax Rate For Calcs": NaN,
        "Normalized EBITDA": NaN,
        "Total Unusual Items": NaN,
        "Total Unusual Items Excluding Goodwill": NaN,
        "Net Income From Continuing Operation Net Minority Interest": NaN,
        "Reconciled Depreciation": NaN,
        "Reconciled Cost Of Revenue": NaN,
        "EBITDA": NaN,
        "EBIT": NaN,
        "Net Interest Income": NaN,
        "Interest Expense": NaN,
        "Interest Income": NaN,
        "Normalized Income": NaN,
        "Net Income From Continuing And Discontinued Operation": NaN,
        "Total Expenses": NaN,
        "Total Operating Income As Reported": NaN,
        "Diluted Average Shares": NaN,
        "Basic Average Shares": NaN,
        "Diluted EPS": NaN,
        "Basic EPS": NaN,
        "Diluted NI Availto Com Stockholders": NaN,
        "Net Income Common Stockholders": NaN,
        "Net Income": NaN,
        "Net Income Including Noncontrolling Interests": NaN,
        "Net Income Continuous Operations": NaN,
        "Tax Provision": NaN,
        "Pretax Income": NaN,
        "Other Income Expense": NaN,
        "Other Non Operating Income Expenses": NaN,
        "Special Income Charges": NaN,
        "Gain On Sale Of Business": NaN,
        "Impairment Of Capital Assets": NaN,
        "Restructuring And Mergern Acquisition": NaN,
        "Gain On Sale Of Security": NaN,
        "Net Non Operating Interest Income Expense": NaN,
        "Total Other Finance Cost": 485000.0,
        "Interest Expense Non Operating": NaN,
        "Interest Income Non Operating": NaN,
        "Operating Income": NaN,
        "Operating Expense": NaN,
        "Depreciation Amortization Depletion Income Statement": NaN,
        "Depreciation And Amortization In Income Statement": NaN,
        "Amortization": NaN,
        "Amortization Of Intangibles Income Statement": NaN,
        "Research And Development": NaN,
        "Selling General And Administration": NaN,
        "Gross Profit": NaN,
        "Cost Of Revenue": NaN,
        "Total Revenue": NaN,
        "Operating Revenue": NaN
    },
    "2022-12-31": {
        "Tax Effect Of Unusual Items": NaN,
        "Tax Rate For Calcs": NaN,
        "Normalized EBITDA": NaN,
        "Total Unusual Items": NaN,
        "Total Unusual Items Excluding Goodwill": NaN,
        "Net Income From Continuing Operation Net Minority Interest": NaN,
        "Reconciled Depreciation": NaN,
        "Reconciled Cost Of Revenue": NaN,
        "EBITDA": NaN,
        "EBIT": NaN,
        "Net Interest Income": NaN,
        "Interest Expense": NaN,
        "Interest Income": NaN,
        "Normalized Income": NaN,
        "Net Income From Continuing And Discontinued Operation": NaN,
        "Total Expenses": NaN,
        "Total Operating Income As Reported": NaN,
        "Diluted Average Shares": NaN,
        "Basic Average Shares": NaN,
        "Diluted EPS": NaN,
        "Basic EPS": NaN,
        "Diluted NI Availto Com Stockholders": NaN,
        "Net Income Common Stockholders": NaN,
        "Net Income": NaN,
        "Net Income Including Noncontrolling Interests": NaN,
        "Net Income Continuous Operations": NaN,
        "Tax Provision": NaN,
        "Pretax Income": NaN,
        "Other Income Expense": NaN,
        "Other Non Operating Income Expenses": NaN,
        "Special Income Charges": NaN,
        "Gain On Sale Of Business": NaN,
        "Other Special Charges": -9575000.0,
        "Restructuring And Mergern Acquisition": NaN,
        "Gain On Sale Of Security": NaN,
        "Net Non Operating Interest Income Expense": NaN,
        "Total Other Finance Cost": 0.0,
        "Interest Expense Non Operating": NaN,
        "Interest Income Non Operating": NaN,
        "Operating Income": NaN,
        "Operating Expense": NaN,
        "Depreciation Amortization Depletion Income Statement": NaN,
        "Depreciation And Amortization In Income Statement": NaN,
        "Amortization": NaN,
        "Amortization Of Intangibles Income Statement": NaN,
        "Research And Development": NaN,
        "Selling General And Administration": NaN,
        "Gross Profit": NaN,
        "Cost Of Revenue": NaN,
        "Total Revenue": NaN,
        "Operating Revenue": NaN
    },
    "2022-09-30": {
        "Tax Effect Of Unusual Items": NaN,
        "Tax Rate For Calcs": NaN,
        "Normalized EBITDA": NaN,
        "Total Unusual Items": NaN,
        "Total Unusual Items Excluding Goodwill": NaN,
        "Net Income From Continuing Operation Net Minority Interest": NaN,
        "Reconciled Depreciation": NaN,
        "Reconciled Cost Of Revenue": NaN,
        "EBITDA": NaN,
        "EBIT": NaN,
        "Net Interest Income": NaN,
        "Interest Expense": NaN,
        "Interest Income": NaN,
        "Normalized Income": NaN,
        "Net Income From Continuing And Discontinued Operation": NaN,
        "Total Expenses": NaN,
        "Total Operating Income As Reported": NaN,
        "Diluted Average Shares": NaN,
        "Basic Average Shares": NaN,
        "Diluted EPS": NaN,
        "Basic EPS": NaN,
        "Diluted NI Availto Com Stockholders": NaN,
        "Net Income Common Stockholders": NaN,
        "Net Income": NaN,
        "Net Income Including Noncontrolling Interests": NaN,
        "Net Income Continuous Operations": NaN,
        "Tax Provision": NaN,
        "Pretax Income": NaN,
        "Other Income Expense": NaN,
        "Other Non Operating Income Expenses": NaN,
        "Special Income Charges": NaN,
        "Gain On Sale Of Business": NaN,
        "Other Special Charges": 11882000.0,
        "Restructuring And Mergern Acquisition": NaN,
        "Gain On Sale Of Security": NaN,
        "Net Non Operating Interest Income Expense": NaN,
        "Total Other Finance Cost": 5468000.0,
        "Interest Expense Non Operating": NaN,
        "Interest Income Non Operating": NaN,
        "Operating Income": NaN,
        "Operating Expense": NaN,
        "Depreciation Amortization Depletion Income Statement": NaN,
        "Depreciation And Amortization In Income Statement": NaN,
        "Amortization": NaN,
        "Amortization Of Intangibles Income Statement": NaN,
        "Research And Development": NaN,
        "Selling General And Administration": NaN,
        "Gross Profit": NaN,
        "Cost Of Revenue": NaN,
        "Total Revenue": NaN,
        "Operating Revenue": NaN
    },
    "2022-06-30": {
        "Tax Effect Of Unusual Items": -4706402.362334,
        "Tax Rate For Calcs": 0.364922,
        "Normalized EBITDA": 149405000.0,
        "Total Unusual Items": -12897000.0,
        "Total Unusual Items Excluding Goodwill": -12897000.0,
        "Net Income From Continuing Operation Net Minority Interest": 34841000.0,
        "Reconciled Depreciation": 36805000.0,
        "Reconciled Cost Of Revenue": 686603000.0,
        "EBITDA": 136508000.0,
        "EBIT": 99703000.0,
        "Net Interest Income": -44842000.0,
        "Interest Expense": 44842000.0,
        "Normalized Income": 43031597.637666,
        "Net Income From Continuing And Discontinued Operation": 34841000.0,
        "Total Expenses": 868708000.0,
        "Total Operating Income As Reported": 138943000.0,
        "Diluted Average Shares": 156994000.0,
        "Basic Average Shares": 156477000.0,
        "Diluted EPS": 0.22,
        "Basic EPS": 0.22,
        "Diluted NI Availto Com Stockholders": 34841000.0,
        "Net Income Common Stockholders": 34841000.0,
        "Net Income": 34841000.0,
        "Net Income Including Noncontrolling Interests": 34841000.0,
        "Net Income Continuous Operations": 34841000.0,
        "Tax Provision": 20020000.0,
        "Pretax Income": 54861000.0,
        "Other Income Expense": -52137000.0,
        "Other Non Operating Income Expenses": -39240000.0,
        "Special Income Charges": -12897000.0,
        "Gain On Sale Of Business": NaN,
        "Other Special Charges": NaN,
        "Restructuring And Mergern Acquisition": 12897000.0,
        "Gain On Sale Of Security": -41000000.0,
        "Net Non Operating Interest Income Expense": -44842000.0,
        "Total Other Finance Cost": NaN,
        "Interest Expense Non Operating": 44842000.0,
        "Operating Income": 151840000.0,
        "Operating Expense": 182105000.0,
        "Depreciation Amortization Depletion Income Statement": 36805000.0,
        "Depreciation And Amortization In Income Statement": 36805000.0,
        "Amortization": 36805000.0,
        "Amortization Of Intangibles Income Statement": 36805000.0,
        "Research And Development": 47971000.0,
        "Selling General And Administration": 97329000.0,
        "Gross Profit": 333945000.0,
        "Cost Of Revenue": 686603000.0,
        "Total Revenue": 1020548000.0,
        "Operating Revenue": 1020548000.0
    },
    "2023-09-30": {
        "Tax Effect Of Unusual Items": NaN,
        "Tax Rate For Calcs": NaN,
        "Normalized EBITDA": NaN,
        "Total Unusual Items": NaN,
        "Total Unusual Items Excluding Goodwill": NaN,
        "Net Income From Continuing Operation Net Minority Interest": NaN,
        "Reconciled Depreciation": NaN,
        "Reconciled Cost Of Revenue": NaN,
        "EBITDA": NaN,
        "EBIT": NaN,
        "Net Interest Income": NaN,
        "Interest Expense": NaN,
        "Interest Income": NaN,
        "Normalized Income": NaN,
        "Net Income From Continuing And Discontinued Operation": NaN,
        "Total Expenses": NaN,
        "Total Operating Income As Reported": NaN,
        "Diluted Average Shares": NaN,
        "Basic Average Shares": NaN,
        "Diluted EPS": NaN,
        "Basic EPS": NaN,
        "Diluted NI Availto Com Stockholders": NaN,
        "Net Income Common Stockholders": NaN,
        "Net Income": NaN,
        "Net Income Including Noncontrolling Interests": NaN,
        "Net Income Continuous Operations": NaN,
        "Tax Provision": NaN,
        "Pretax Income": NaN,
        "Other Income Expense": NaN,
        "Other Non Operating Income Expenses": NaN,
        "Special Income Charges": NaN,
        "Gain On Sale Of Business": NaN,
        "Impairment Of Capital Assets": 0.0,
        "Restructuring And Mergern Acquisition": NaN,
        "Gain On Sale Of Security": NaN,
        "Net Non Operating Interest Income Expense": NaN,
        "Total Other Finance Cost": NaN,
        "Interest Expense Non Operating": NaN,
        "Interest Income Non Operating": NaN,
        "Operating Income": NaN,
        "Operating Expense": NaN,
        "Depreciation Amortization Depletion Income Statement": NaN,
        "Depreciation And Amortization In Income Statement": NaN,
        "Amortization": NaN,
        "Amortization Of Intangibles Income Statement": NaN,
        "Research And Development": NaN,
        "Selling General And Administration": NaN,
        "Gross Profit": NaN,
        "Cost Of Revenue": NaN,
        "Total Revenue": NaN,
        "Operating Revenue": NaN
    },
    "2023-12-31": {
        "Tax Effect Of Unusual Items": NaN,
        "Tax Rate For Calcs": NaN,
        "Normalized EBITDA": NaN,
        "Total Unusual Items": NaN,
        "Total Unusual Items Excluding Goodwill": NaN,
        "Net Income From Continuing Operation Net Minority Interest": NaN,
        "Reconciled Depreciation": NaN,
        "Reconciled Cost Of Revenue": NaN,
        "EBITDA": NaN,
        "EBIT": NaN,
        "Net Interest Income": NaN,
        "Interest Expense": NaN,
        "Interest Income": NaN,
        "Normalized Income": NaN,
        "Net Income From Continuing And Discontinued Operation": NaN,
        "Total Expenses": NaN,
        "Total Operating Income As Reported": NaN,
        "Diluted Average Shares": NaN,
        "Basic Average Shares": NaN,
        "Diluted EPS": NaN,
        "Basic EPS": NaN,
        "Diluted NI Availto Com Stockholders": NaN,
        "Net Income Common Stockholders": NaN,
        "Net Income": NaN,
        "Net Income Including Noncontrolling Interests": NaN,
        "Net Income Continuous Operations": NaN,
        "Tax Provision": NaN,
        "Pretax Income": NaN,
        "Other Income Expense": NaN,
        "Other Non Operating Income Expenses": NaN,
        "Special Income Charges": NaN,
        "Gain On Sale Of Business": NaN,
        "Impairment Of Capital Assets": NaN,
        "Restructuring And Mergern Acquisition": NaN,
        "Gain On Sale Of Security": NaN,
        "Net Non Operating Interest Income Expense": NaN,
        "Total Other Finance Cost": 4556000.0,
        "Interest Expense Non Operating": NaN,
        "Interest Income Non Operating": NaN,
        "Operating Income": NaN,
        "Operating Expense": NaN,
        "Depreciation Amortization Depletion Income Statement": NaN,
        "Depreciation And Amortization In Income Statement": NaN,
        "Amortization": NaN,
        "Amortization Of Intangibles Income Statement": NaN,
        "Research And Development": NaN,
        "Selling General And Administration": NaN,
        "Gross Profit": NaN,
        "Cost Of Revenue": NaN,
        "Total Revenue": NaN,
        "Operating Revenue": NaN
    },
    "2024-03-31": {
        "Tax Effect Of Unusual Items": -2577472.893063,
        "Tax Rate For Calcs": 0.228926,
        "Normalized EBITDA": 220283000.0,
        "Total Unusual Items": -11259000.0,
        "Total Unusual Items Excluding Goodwill": -11259000.0,
        "Net Income From Continuing Operation Net Minority Interest": 76021000.0,
        "Reconciled Depreciation": 72038000.0,
        "Reconciled Cost Of Revenue": 655737000.0,
        "EBITDA": 209024000.0,
        "EBIT": 136986000.0,
        "Net Interest Income": -34657000.0,
        "Interest Expense": 38395000.0,
        "Interest Income": 3738000.0,
        "Normalized Income": 84702527.106937,
        "Net Income From Continuing And Discontinued Operation": 76021000.0,
        "Total Expenses": 861135000.0,
        "Total Operating Income As Reported": 144792000.0,
        "Diluted Average Shares": 150921000.0,
        "Basic Average Shares": 150480000.0,
        "Diluted EPS": 0.5,
        "Basic EPS": 0.51,
        "Diluted NI Availto Com Stockholders": 76021000.0,
        "Net Income Common Stockholders": 76021000.0,
        "Net Income": 76021000.0,
        "Net Income Including Noncontrolling Interests": 76021000.0,
        "Net Income Continuous Operations": 76021000.0,
        "Tax Provision": 22570000.0,
        "Pretax Income": 98591000.0,
        "Other Income Expense": -12326000.0,
        "Other Non Operating Income Expenses": -1067000.0,
        "Special Income Charges": -782000.0,
        "Gain On Sale Of Business": 0.0,
        "Impairment Of Capital Assets": NaN,
        "Restructuring And Mergern Acquisition": 782000.0,
        "Gain On Sale Of Security": -10477000.0,
        "Net Non Operating Interest Income Expense": -34657000.0,
        "Total Other Finance Cost": NaN,
        "Interest Expense Non Operating": 38395000.0,
        "Interest Income Non Operating": 3738000.0,
        "Operating Income": 145574000.0,
        "Operating Expense": 171875000.0,
        "Depreciation Amortization Depletion Income Statement": 38515000.0,
        "Depreciation And Amortization In Income Statement": 38515000.0,
        "Amortization": 38515000.0,
        "Amortization Of Intangibles Income Statement": 38515000.0,
        "Research And Development": 45314000.0,
        "Selling General And Administration": 88046000.0,
        "Gross Profit": 317449000.0,
        "Cost Of Revenue": 689260000.0,
        "Total Revenue": 1006709000.0,
        "Operating Revenue": 1006709000.0
    },
    "2024-06-30": {
        "Tax Effect Of Unusual Items": 558922.643282,
        "Tax Rate For Calcs": 0.275603,
        "Normalized EBITDA": 210396000.0,
        "Total Unusual Items": 2028000.0,
        "Total Unusual Items Excluding Goodwill": 2028000.0,
        "Net Income From Continuing Operation Net Minority Interest": 71703000.0,
        "Reconciled Depreciation": 72578000.0,
        "Reconciled Cost Of Revenue": 690921000.0,
        "EBITDA": 212424000.0,
        "EBIT": 139846000.0,
        "Net Interest Income": -35061000.0,
        "Interest Expense": 40863000.0,
        "Interest Income": 5802000.0,
        "Normalized Income": 70233922.643282,
        "Net Income From Continuing And Discontinued Operation": 71703000.0,
        "Total Expenses": 902097000.0,
        "Total Operating Income As Reported": 129947000.0,
        "Diluted Average Shares": 151129000.0,
        "Basic Average Shares": 150845000.0,
        "Diluted EPS": 0.47,
        "Basic EPS": 0.48,
        "Diluted NI Availto Com Stockholders": 71703000.0,
        "Net Income Common Stockholders": 71703000.0,
        "Net Income": 71703000.0,
        "Net Income Including Noncontrolling Interests": 71703000.0,
        "Net Income Continuous Operations": 71703000.0,
        "Tax Provision": 27280000.0,
        "Pretax Income": 98983000.0,
        "Other Income Expense": 606000.0,
        "Other Non Operating Income Expenses": -1422000.0,
        "Special Income Charges": -3491000.0,
        "Gain On Sale Of Business": 0.0,
        "Impairment Of Capital Assets": NaN,
        "Restructuring And Mergern Acquisition": 3491000.0,
        "Gain On Sale Of Security": 5519000.0,
        "Net Non Operating Interest Income Expense": -35061000.0,
        "Total Other Finance Cost": NaN,
        "Interest Expense Non Operating": 40863000.0,
        "Interest Income Non Operating": 5802000.0,
        "Operating Income": 133438000.0,
        "Operating Expense": 177683000.0,
        "Depreciation Amortization Depletion Income Statement": 39085000.0,
        "Depreciation And Amortization In Income Statement": 39085000.0,
        "Amortization": 39085000.0,
        "Amortization Of Intangibles Income Statement": 39085000.0,
        "Research And Development": 45325000.0,
        "Selling General And Administration": 93273000.0,
        "Gross Profit": 311121000.0,
        "Cost Of Revenue": 724414000.0,
        "Total Revenue": 1035535000.0,
        "Operating Revenue": 1035535000.0
    },
    "2024-09-30": {
        "Tax Effect Of Unusual Items": -61644030.0,
        "Tax Rate For Calcs": 0.21,
        "Normalized EBITDA": 166307000.0,
        "Total Unusual Items": -293543000.0,
        "Total Unusual Items Excluding Goodwill": -293543000.0,
        "Net Income From Continuing Operation Net Minority Interest": -25034000.0,
        "Reconciled Depreciation": 78428000.0,
        "Reconciled Cost Of Revenue": 667767000.0,
        "EBITDA": -127236000.0,
        "EBIT": -205664000.0,
        "Net Interest Income": -42320000.0,
        "Interest Expense": 38942000.0,
        "Interest Income": 5857000.0,
        "Normalized Income": 206864970.0,
        "Net Income From Continuing And Discontinued Operation": -25034000.0,
        "Total Expenses": 891333000.0,
        "Total Operating Income As Reported": -199227000.0,
        "Diluted Average Shares": 150717000.0,
        "Basic Average Shares": 150717000.0,
        "Diluted EPS": -0.17,
        "Basic EPS": -0.17,
        "Diluted NI Availto Com Stockholders": -25034000.0,
        "Net Income Common Stockholders": -25034000.0,
        "Net Income": -25034000.0,
        "Net Income Including Noncontrolling Interests": -25034000.0,
        "Net Income Continuous Operations": -25034000.0,
        "Tax Provision": -219572000.0,
        "Pretax Income": -244606000.0,
        "Other Income Expense": -293783000.0,
        "Other Non Operating Income Expenses": -240000.0,
        "Special Income Charges": -290724000.0,
        "Gain On Sale Of Business": -112854000.0,
        "Impairment Of Capital Assets": 150100000.0,
        "Restructuring And Mergern Acquisition": 27770000.0,
        "Gain On Sale Of Security": -2819000.0,
        "Net Non Operating Interest Income Expense": -42320000.0,
        "Total Other Finance Cost": 9235000.0,
        "Interest Expense Non Operating": 38942000.0,
        "Interest Income Non Operating": 5857000.0,
        "Operating Income": 91497000.0,
        "Operating Expense": 189870000.0,
        "Depreciation Amortization Depletion Income Statement": 44732000.0,
        "Depreciation And Amortization In Income Statement": 44732000.0,
        "Amortization": 44732000.0,
        "Amortization Of Intangibles Income Statement": 44732000.0,
        "Research And Development": 42685000.0,
        "Selling General And Administration": 102453000.0,
        "Gross Profit": 281367000.0,
        "Cost Of Revenue": 701463000.0,
        "Total Revenue": 982830000.0,
        "Operating Revenue": 982830000.0
    },
    "2024-12-31": {
        "Tax Effect Of Unusual Items": -1202670.0,
        "Tax Rate For Calcs": 0.21,
        "Normalized EBITDA": 168350000.0,
        "Total Unusual Items": -5727000.0,
        "Total Unusual Items Excluding Goodwill": -5727000.0,
        "Net Income From Continuing Operation Net Minority Interest": 5787000.0,
        "Reconciled Depreciation": 89835000.0,
        "Reconciled Cost Of Revenue": 595371000.0,
        "EBITDA": 162623000.0,
        "EBIT": 72788000.0,
        "Net Interest Income": -37332000.0,
        "Interest Expense": 37593000.0,
        "Interest Income": 783000.0,
        "Normalized Income": 10311330.0,
        "Net Income From Continuing And Discontinued Operation": 5787000.0,
        "Total Expenses": 829582000.0,
        "Total Operating Income As Reported": 73764000.0,
        "Diluted Average Shares": 149845000.0,
        "Basic Average Shares": 149563000.0,
        "Diluted EPS": 0.04,
        "Basic EPS": 0.04,
        "Diluted NI Availto Com Stockholders": 5787000.0,
        "Net Income Common Stockholders": 5787000.0,
        "Net Income": 5787000.0,
        "Net Income Including Noncontrolling Interests": 5787000.0,
        "Net Income Continuous Operations": 5787000.0,
        "Tax Provision": 29408000.0,
        "Pretax Income": 35195000.0,
        "Other Income Expense": -5581000.0,
        "Other Non Operating Income Expenses": 146000.0,
        "Special Income Charges": -4344000.0,
        "Gain On Sale Of Business": 11361000.0,
        "Impairment Of Capital Assets": 0.0,
        "Restructuring And Mergern Acquisition": 15705000.0,
        "Gain On Sale Of Security": -1383000.0,
        "Net Non Operating Interest Income Expense": -37332000.0,
        "Total Other Finance Cost": 522000.0,
        "Interest Expense Non Operating": 37593000.0,
        "Interest Income Non Operating": 783000.0,
        "Operating Income": 78108000.0,
        "Operating Expense": 167788000.0,
        "Depreciation Amortization Depletion Income Statement": 23412000.0,
        "Depreciation And Amortization In Income Statement": 23412000.0,
        "Amortization": 23412000.0,
        "Amortization Of Intangibles Income Statement": 23412000.0,
        "Research And Development": 35952000.0,
        "Selling General And Administration": 108424000.0,
        "Gross Profit": 245896000.0,
        "Cost Of Revenue": 661794000.0,
        "Total Revenue": 907690000.0,
        "Operating Revenue": 907690000.0
    },
    "2025-03-31": {
        "Tax Effect Of Unusual Items": -1047290.762458,
        "Tax Rate For Calcs": 0.228616,
        "Normalized EBITDA": 194734000.0,
        "Total Unusual Items": -4581000.0,
        "Total Unusual Items Excluding Goodwill": -4581000.0,
        "Net Income From Continuing Operation Net Minority Interest": 69919000.0,
        "Reconciled Depreciation": 61539000.0,
        "Reconciled Cost Of Revenue": 597705000.0,
        "EBITDA": 190153000.0,
        "EBIT": 128614000.0,
        "Net Interest Income": -33683000.0,
        "Interest Expense": 37973000.0,
        "Interest Income": 4290000.0,
        "Normalized Income": 73452709.237542,
        "Net Income From Continuing And Discontinued Operation": 69919000.0,
        "Total Expenses": 782079000.0,
        "Total Operating Income As Reported": 122196000.0,
        "Diluted Average Shares": 148816000.0,
        "Basic Average Shares": 148498000.0,
        "Diluted EPS": 0.47,
        "Basic EPS": 0.47,
        "Diluted NI Availto Com Stockholders": 69919000.0,
        "Net Income Common Stockholders": 69919000.0,
        "Net Income": 69919000.0,
        "Net Income Including Noncontrolling Interests": 69919000.0,
        "Net Income Continuous Operations": 69919000.0,
        "Tax Provision": 20722000.0,
        "Pretax Income": 90641000.0,
        "Other Income Expense": -4852000.0,
        "Other Non Operating Income Expenses": -271000.0,
        "Special Income Charges": -6980000.0,
        "Gain On Sale Of Business": -4420000.0,
        "Impairment Of Capital Assets": NaN,
        "Restructuring And Mergern Acquisition": 2560000.0,
        "Gain On Sale Of Security": 2399000.0,
        "Net Non Operating Interest Income Expense": -33683000.0,
        "Total Other Finance Cost": NaN,
        "Interest Expense Non Operating": 37973000.0,
        "Interest Income Non Operating": 4290000.0,
        "Operating Income": 129176000.0,
        "Operating Expense": 143412000.0,
        "Depreciation Amortization Depletion Income Statement": 20577000.0,
        "Depreciation And Amortization In Income Statement": 20577000.0,
        "Amortization": 20577000.0,
        "Amortization Of Intangibles Income Statement": 20577000.0,
        "Research And Development": 36809000.0,
        "Selling General And Administration": 86026000.0,
        "Gross Profit": 272588000.0,
        "Cost Of Revenue": 638667000.0,
        "Total Revenue": 911255000.0,
        "Operating Revenue": 911255000.0
    },
    "2025-06-30": {
        "Tax Effect Of Unusual Items": -1286670.0,
        "Tax Rate For Calcs": 0.21,
        "Normalized EBITDA": 204108000.0,
        "Total Unusual Items": -6127000.0,
        "Total Unusual Items Excluding Goodwill": -6127000.0,
        "Net Income From Continuing Operation Net Minority Interest": 60668000.0,
        "Reconciled Depreciation": 54522000.0,
        "Reconciled Cost Of Revenue": 623766000.0,
        "EBITDA": 197981000.0,
        "EBIT": 143459000.0,
        "Net Interest Income": -33212000.0,
        "Interest Expense": 37679000.0,
        "Interest Income": 4467000.0,
        "Normalized Income": 65508330.0,
        "Net Income From Continuing And Discontinued Operation": 60668000.0,
        "Total Expenses": 798710000.0,
        "Total Operating Income As Reported": 138062000.0,
        "Diluted Average Shares": 146509000.0,
        "Basic Average Shares": 146209000.0,
        "Diluted EPS": 0.41,
        "Basic EPS": 0.41,
        "Diluted NI Availto Com Stockholders": 60668000.0,
        "Net Income Common Stockholders": 60668000.0,
        "Net Income": 60668000.0,
        "Net Income Including Noncontrolling Interests": 60668000.0,
        "Net Income Continuous Operations": 60668000.0,
        "Tax Provision": 45112000.0,
        "Pretax Income": 105780000.0,
        "Other Income Expense": -5682000.0,
        "Other Non Operating Income Expenses": 445000.0,
        "Special Income Charges": -6612000.0,
        "Gain On Sale Of Business": 0.0,
        "Impairment Of Capital Assets": NaN,
        "Restructuring And Mergern Acquisition": 6612000.0,
        "Gain On Sale Of Security": 485000.0,
        "Net Non Operating Interest Income Expense": -33212000.0,
        "Total Other Finance Cost": NaN,
        "Interest Expense Non Operating": 37679000.0,
        "Interest Income Non Operating": 4467000.0,
        "Operating Income": 144674000.0,
        "Operating Expense": 141606000.0,
        "Depreciation Amortization Depletion Income Statement": 21184000.0,
        "Depreciation And Amortization In Income Statement": 21184000.0,
        "Amortization": 21184000.0,
        "Amortization Of Intangibles Income Statement": 21184000.0,
        "Research And Development": 32589000.0,
        "Selling General And Administration": 87833000.0,
        "Gross Profit": 286280000.0,
        "Cost Of Revenue": 657104000.0,
        "Total Revenue": 943384000.0,
        "Operating Revenue": 943384000.0
    },
    "2025-09-30": {
        "Tax Effect Of Unusual Items": -49817880.0,
        "Tax Rate For Calcs": 0.21,
        "Normalized EBITDA": 199470000.0,
        "Total Unusual Items": -237228000.0,
        "Total Unusual Items Excluding Goodwill": -237228000.0,
        "Net Income From Continuing Operation Net Minority Interest": -162523000.0,
        "Reconciled Depreciation": 72954000.0,
        "Reconciled Cost Of Revenue": 619249000.0,
        "EBITDA": -37758000.0,
        "EBIT": -110712000.0,
        "Net Interest Income": -32402000.0,
        "Interest Expense": 37715000.0,
        "Interest Income": 5313000.0,
        "Normalized Income": 24887120.0,
        "Net Income From Continuing And Discontinued Operation": -162523000.0,
        "Total Expenses": 811000000.0,
        "Total Operating Income As Reported": -122888000.0,
        "Diluted Average Shares": 145663000.0,
        "Basic Average Shares": 145663000.0,
        "Diluted EPS": -1.12,
        "Basic EPS": -1.12,
        "Diluted NI Availto Com Stockholders": -162523000.0,
        "Net Income Common Stockholders": -162523000.0,
        "Net Income": -162523000.0,
        "Net Income Including Noncontrolling Interests": -162523000.0,
        "Net Income Continuous Operations": -162523000.0,
        "Tax Provision": 14096000.0,
        "Pretax Income": -148427000.0,
        "Other Income Expense": -237003000.0,
        "Other Non Operating Income Expenses": 225000.0,
        "Special Income Charges": -243866000.0,
        "Gain On Sale Of Business": -11489000.0,
        "Impairment Of Capital Assets": 225700000.0,
        "Restructuring And Mergern Acquisition": 6677000.0,
        "Gain On Sale Of Security": 6638000.0,
        "Net Non Operating Interest Income Expense": -32402000.0,
        "Total Other Finance Cost": NaN,
        "Interest Expense Non Operating": 37715000.0,
        "Interest Income Non Operating": 5313000.0,
        "Operating Income": 120978000.0,
        "Operating Expense": 138398000.0,
        "Depreciation Amortization Depletion Income Statement": 19601000.0,
        "Depreciation And Amortization In Income Statement": 19601000.0,
        "Amortization": 19601000.0,
        "Amortization Of Intangibles Income Statement": 19601000.0,
        "Research And Development": 33034000.0,
        "Selling General And Administration": 85763000.0,
        "Gross Profit": 259376000.0,
        "Cost Of Revenue": 672602000.0,
        "Total Revenue": 931978000.0,
        "Operating Revenue": 931978000.0
    }
}