{
    "2023-06-30": {
        "Tax Effect Of Unusual Items": NaN,
        "Tax Rate For Calcs": NaN,
        "Normalized EBITDA": NaN,
        "Net Income From Continuing Operation Net Minority Interest": NaN,
        "Reconciled Depreciation": NaN,
        "Reconciled Cost Of Revenue": NaN,
        "EBITDA": NaN,
        "EBIT": NaN,
        "Net Interest Income": NaN,
        "Interest Expense": NaN,
        "Normalized Income": NaN,
        "Net Income From Continuing And Discontinued Operation": NaN,
        "Total Expenses": NaN,
        "Total Operating Income As Reported": NaN,
        "Diluted Average Shares": NaN,
        "Basic Average Shares": NaN,
        "Diluted EPS": NaN,
        "Basic EPS": NaN,
        "Diluted NI Availto Com Stockholders": NaN,
        "Average Dilution Earnings": 0.0,
        "Net Income Common Stockholders": NaN,
        "Net Income": NaN,
        "Minority Interests": NaN,
        "Net Income Including Noncontrolling Interests": NaN,
        "Net Income Continuous Operations": NaN,
        "Tax Provision": NaN,
        "Pretax Income": NaN,
        "Other Income Expense": NaN,
        "Other Non Operating Income Expenses": NaN,
        "Earnings From Equity Interest": NaN,
        "Net Non Operating Interest Income Expense": NaN,
        "Interest Expense Non Operating": NaN,
        "Operating Income": NaN,
        "Operating Expense": NaN,
        "Depreciation Amortization Depletion Income Statement": NaN,
        "Depreciation And Amortization In Income Statement": NaN,
        "Amortization": NaN,
        "Amortization Of Intangibles Income Statement": NaN,
        "Selling General And Administration": NaN,
        "General And Administrative Expense": 141209000.0,
        "Other Gand A": 141209000.0,
        "Salaries And Wages": 90990000.0,
        "Gross Profit": NaN,
        "Cost Of Revenue": NaN,
        "Total Revenue": NaN,
        "Operating Revenue": NaN
    },
    "2023-03-31": {
        "Tax Effect Of Unusual Items": NaN,
        "Tax Rate For Calcs": NaN,
        "Normalized EBITDA": NaN,
        "Net Income From Continuing Operation Net Minority Interest": NaN,
        "Reconciled Depreciation": NaN,
        "Reconciled Cost Of Revenue": NaN,
        "EBITDA": NaN,
        "EBIT": NaN,
        "Net Interest Income": NaN,
        "Interest Expense": NaN,
        "Normalized Income": NaN,
        "Net Income From Continuing And Discontinued Operation": NaN,
        "Total Expenses": NaN,
        "Total Operating Income As Reported": NaN,
        "Diluted Average Shares": NaN,
        "Basic Average Shares": NaN,
        "Diluted EPS": NaN,
        "Basic EPS": NaN,
        "Diluted NI Availto Com Stockholders": NaN,
        "Average Dilution Earnings": NaN,
        "Net Income Common Stockholders": NaN,
        "Net Income": NaN,
        "Minority Interests": NaN,
        "Net Income Including Noncontrolling Interests": NaN,
        "Net Income Continuous Operations": NaN,
        "Tax Provision": NaN,
        "Pretax Income": NaN,
        "Other Income Expense": NaN,
        "Other Non Operating Income Expenses": NaN,
        "Earnings From Equity Interest": NaN,
        "Net Non Operating Interest Income Expense": NaN,
        "Interest Expense Non Operating": NaN,
        "Operating Income": NaN,
        "Operating Expense": NaN,
        "Depreciation Amortization Depletion Income Statement": NaN,
        "Depreciation And Amortization In Income Statement": NaN,
        "Amortization": NaN,
        "Amortization Of Intangibles Income Statement": NaN,
        "Selling General And Administration": NaN,
        "General And Administrative Expense": 144309000.0,
        "Other Gand A": 144309000.0,
        "Salaries And Wages": 69575000.0,
        "Gross Profit": NaN,
        "Cost Of Revenue": NaN,
        "Total Revenue": NaN,
        "Operating Revenue": NaN
    },
    "2022-12-31": {
        "Tax Effect Of Unusual Items": NaN,
        "Tax Rate For Calcs": NaN,
        "Normalized EBITDA": NaN,
        "Net Income From Continuing Operation Net Minority Interest": NaN,
        "Reconciled Depreciation": NaN,
        "Reconciled Cost Of Revenue": NaN,
        "EBITDA": NaN,
        "EBIT": NaN,
        "Net Interest Income": NaN,
        "Interest Expense": NaN,
        "Normalized Income": NaN,
        "Net Income From Continuing And Discontinued Operation": NaN,
        "Total Expenses": NaN,
        "Total Operating Income As Reported": NaN,
        "Diluted Average Shares": NaN,
        "Basic Average Shares": NaN,
        "Diluted EPS": NaN,
        "Basic EPS": NaN,
        "Diluted NI Availto Com Stockholders": NaN,
        "Average Dilution Earnings": NaN,
        "Net Income Common Stockholders": NaN,
        "Net Income": NaN,
        "Minority Interests": NaN,
        "Net Income Including Noncontrolling Interests": NaN,
        "Net Income Continuous Operations": NaN,
        "Tax Provision": NaN,
        "Pretax Income": NaN,
        "Other Income Expense": NaN,
        "Other Non Operating Income Expenses": NaN,
        "Earnings From Equity Interest": NaN,
        "Net Non Operating Interest Income Expense": NaN,
        "Interest Expense Non Operating": NaN,
        "Operating Income": NaN,
        "Operating Expense": NaN,
        "Depreciation Amortization Depletion Income Statement": NaN,
        "Depreciation And Amortization In Income Statement": NaN,
        "Amortization": NaN,
        "Amortization Of Intangibles Income Statement": NaN,
        "Selling General And Administration": NaN,
        "General And Administrative Expense": 142602000.0,
        "Other Gand A": 142602000.0,
        "Salaries And Wages": 79218000.0,
        "Gross Profit": NaN,
        "Cost Of Revenue": NaN,
        "Total Revenue": NaN,
        "Operating Revenue": NaN
    },
    "2022-09-30": {
        "Tax Effect Of Unusual Items": NaN,
        "Tax Rate For Calcs": NaN,
        "Normalized EBITDA": NaN,
        "Net Income From Continuing Operation Net Minority Interest": NaN,
        "Reconciled Depreciation": NaN,
        "Reconciled Cost Of Revenue": NaN,
        "EBITDA": NaN,
        "EBIT": NaN,
        "Net Interest Income": NaN,
        "Interest Expense": NaN,
        "Normalized Income": NaN,
        "Net Income From Continuing And Discontinued Operation": NaN,
        "Total Expenses": NaN,
        "Total Operating Income As Reported": NaN,
        "Diluted Average Shares": NaN,
        "Basic Average Shares": NaN,
        "Diluted EPS": NaN,
        "Basic EPS": NaN,
        "Diluted NI Availto Com Stockholders": NaN,
        "Average Dilution Earnings": 0.0,
        "Net Income Common Stockholders": NaN,
        "Net Income": NaN,
        "Minority Interests": NaN,
        "Net Income Including Noncontrolling Interests": NaN,
        "Net Income Continuous Operations": NaN,
        "Tax Provision": NaN,
        "Pretax Income": NaN,
        "Other Income Expense": NaN,
        "Other Non Operating Income Expenses": NaN,
        "Earnings From Equity Interest": NaN,
        "Net Non Operating Interest Income Expense": NaN,
        "Interest Expense Non Operating": NaN,
        "Operating Income": NaN,
        "Operating Expense": NaN,
        "Depreciation Amortization Depletion Income Statement": NaN,
        "Depreciation And Amortization In Income Statement": NaN,
        "Amortization": NaN,
        "Amortization Of Intangibles Income Statement": NaN,
        "Selling General And Administration": NaN,
        "General And Administrative Expense": 132627000.0,
        "Other Gand A": 132627000.0,
        "Salaries And Wages": 105122000.0,
        "Gross Profit": NaN,
        "Cost Of Revenue": NaN,
        "Total Revenue": NaN,
        "Operating Revenue": NaN
    },
    "2022-06-30": {
        "Tax Effect Of Unusual Items": 0.0,
        "Tax Rate For Calcs": 0.239139,
        "Normalized EBITDA": 1717785000.0,
        "Net Income From Continuing Operation Net Minority Interest": 1209554000.0,
        "Reconciled Depreciation": 95701000.0,
        "Reconciled Cost Of Revenue": 4240995000.0,
        "EBITDA": 1717785000.0,
        "EBIT": 1622084000.0,
        "Net Interest Income": -25667000.0,
        "Interest Expense": 25667000.0,
        "Normalized Income": 1209554000.0,
        "Net Income From Continuing And Discontinued Operation": 1209554000.0,
        "Total Expenses": 4594815000.0,
        "Total Operating Income As Reported": 1618063000.0,
        "Diluted Average Shares": 187740000.0,
        "Basic Average Shares": 186442000.0,
        "Diluted EPS": 6.44,
        "Basic EPS": 6.49,
        "Diluted NI Availto Com Stockholders": 1209554000.0,
        "Average Dilution Earnings": 0.0,
        "Net Income Common Stockholders": 1209554000.0,
        "Net Income": 1209554000.0,
        "Minority Interests": -5098000.0,
        "Net Income Including Noncontrolling Interests": 1214652000.0,
        "Net Income Continuous Operations": 1214652000.0,
        "Tax Provision": 381765000.0,
        "Pretax Income": 1596417000.0,
        "Other Income Expense": 4021000.0,
        "Other Non Operating Income Expenses": 4021000.0,
        "Net Non Operating Interest Income Expense": -25667000.0,
        "Interest Expense Non Operating": 25667000.0,
        "Operating Income": 1618063000.0,
        "Operating Expense": 265279000.0,
        "Depreciation Amortization Depletion Income Statement": 7160000.0,
        "Depreciation And Amortization In Income Statement": 7160000.0,
        "Amortization": 7160000.0,
        "Amortization Of Intangibles Income Statement": 7160000.0,
        "Selling General And Administration": 258119000.0,
        "General And Administrative Expense": 258119000.0,
        "Other Gand A": 118377000.0,
        "Salaries And Wages": 139742000.0,
        "Gross Profit": 1883342000.0,
        "Cost Of Revenue": 4329536000.0,
        "Total Revenue": 6212878000.0,
        "Operating Revenue": 5877510000.0
    },
    "2022-03-31": {
        "Diluted EPS": 5.71,
        "Total Revenue": NaN,
        "Gross Profit": NaN,
        "Operating Income": NaN,
        "EBIT": NaN,
        "Net Income": NaN
    },
    "2021-12-31": {
        "Diluted EPS": 5.36,
        "Total Revenue": NaN,
        "Gross Profit": NaN,
        "Operating Income": NaN,
        "EBIT": NaN,
        "Net Income": NaN
    },
    "2021-09-30": {
        "Diluted EPS": 4.85,
        "Total Revenue": NaN,
        "Gross Profit": NaN,
        "Operating Income": NaN,
        "EBIT": NaN,
        "Net Income": 991
    },
    "2021-06-30": {
        "Diluted EPS": 3.32,
        "Total Revenue": NaN,
        "Gross Profit": NaN,
        "Operating Income": 956,
        "EBIT": NaN,
        "Net Income": 702
    },
    "2021-03-31": {
        "Diluted EPS": 2.03,
        "Total Revenue": NaN,
        "Gross Profit": 800,
        "Operating Income": 594,
        "EBIT": 681,
        "Net Income": 431
    },
    "2020-12-31": {
        "Diluted EPS": 0.88,
        "Total Revenue": NaN,
        "Gross Profit": 442,
        "Operating Income": 259,
        "EBIT": 344,
        "Net Income": 188
    },
    "2020-09-30": {
        "Diluted EPS": 0.47,
        "Total Revenue": NaN,
        "Gross Profit": 293,
        "Operating Income": 156,
        "EBIT": 238,
        "Net Income": 100
    },
    "2020-06-30": {
        "Diluted EPS": 0.36,
        "Total Revenue": NaN,
        "Gross Profit": 284,
        "Operating Income": 159,
        "EBIT": 238,
        "Net Income": 75
    },
    "2020-03-31": {
        "Diluted EPS": 0.88,
        "Total Revenue": NaN,
        "Gross Profit": 415,
        "Operating Income": 274,
        "EBIT": 354,
        "Net Income": 187
    },
    "2019-12-31": {
        "Diluted EPS": 0.57,
        "Total Revenue": NaN,
        "Gross Profit": 316,
        "Operating Income": 182,
        "EBIT": 262,
        "Net Income": 121
    },
    "2019-09-30": {
        "Diluted EPS": 0.69,
        "Total Revenue": NaN,
        "Gross Profit": 360,
        "Operating Income": 228,
        "EBIT": 308,
        "Net Income": 151
    },
    "2019-06-30": {
        "Diluted EPS": 0.87,
        "Total Revenue": NaN,
        "Gross Profit": 421,
        "Operating Income": 285,
        "EBIT": 366,
        "Net Income": 194
    },
    "2019-03-31": {
        "Diluted EPS": 0.91,
        "Total Revenue": NaN,
        "Gross Profit": 434,
        "Operating Income": 292,
        "EBIT": 372,
        "Net Income": 204
    },
    "2018-12-31": {
        "Diluted EPS": 1.17,
        "Total Revenue": NaN,
        "Gross Profit": 521,
        "Operating Income": 366,
        "EBIT": 446,
        "Net Income": 270
    },
    "2018-09-30": {
        "Diluted EPS": 1.69,
        "Total Revenue": NaN,
        "Gross Profit": 686,
        "Operating Income": 532,
        "EBIT": 613,
        "Net Income": 398
    },
    "2018-06-30": {
        "Diluted EPS": 1.53,
        "Total Revenue": NaN,
        "Gross Profit": 652,
        "Operating Income": 502,
        "EBIT": 581,
        "Net Income": 362
    },
    "2018-03-31": {
        "Diluted EPS": 0.96,
        "Total Revenue": NaN,
        "Gross Profit": 463,
        "Operating Income": 323,
        "EBIT": 400,
        "Net Income": 228
    },
    "2017-12-31": {
        "Diluted EPS": 1.26,
        "Total Revenue": NaN,
        "Gross Profit": 321,
        "Operating Income": 196,
        "EBIT": 271,
        "Net Income": 305
    },
    "2017-09-30": {
        "Diluted EPS": 0.64,
        "Total Revenue": NaN,
        "Gross Profit": 397,
        "Operating Income": 271,
        "EBIT": 346,
        "Net Income": 153
    },
    "2017-06-30": {
        "Diluted EPS": 0.64,
        "Total Revenue": NaN,
        "Gross Profit": 393,
        "Operating Income": 265,
        "EBIT": 339,
        "Net Income": 154
    },
    "2017-03-31": {
        "Diluted EPS": 0.82,
        "Total Revenue": NaN,
        "Gross Profit": 472,
        "Operating Income": 335,
        "EBIT": 410,
        "Net Income": 201
    },
    "2016-12-31": {
        "Diluted EPS": 0.08,
        "Total Revenue": NaN,
        "Gross Profit": 310,
        "Operating Income": 56,
        "EBIT": 129,
        "Net Income": 20
    },
    "2016-09-30": {
        "Diluted EPS": 0.64,
        "Total Revenue": NaN,
        "Gross Profit": 409,
        "Operating Income": 284,
        "EBIT": 358,
        "Net Income": 157
    },
    "2016-06-30": {
        "Diluted EPS": 0.58,
        "Total Revenue": NaN,
        "Gross Profit": 380,
        "Operating Income": 256,
        "EBIT": 331,
        "Net Income": 142
    },
    "2016-03-31": {
        "Diluted EPS": 0.26,
        "Total Revenue": NaN,
        "Gross Profit": 236,
        "Operating Income": 132,
        "EBIT": 206,
        "Net Income": 63
    },
    "2015-12-31": {
        "Diluted EPS": -1.05,
        "Total Revenue": NaN,
        "Gross Profit": 144,
        "Operating Income": -381,
        "EBIT": -308,
        "Net Income": -253
    },
    "2015-09-30": {
        "Diluted EPS": 0.25,
        "Total Revenue": NaN,
        "Gross Profit": 229,
        "Operating Income": 131,
        "EBIT": 205,
        "Net Income": 61
    },
    "2015-06-30": {
        "Diluted EPS": 0.13,
        "Total Revenue": NaN,
        "Gross Profit": 172,
        "Operating Income": 78,
        "EBIT": 152,
        "Net Income": 32
    },
    "2015-03-31": {
        "Diluted EPS": 0.13,
        "Total Revenue": NaN,
        "Gross Profit": 187,
        "Operating Income": 100,
        "EBIT": 173,
        "Net Income": 31
    },
    "2014-12-31": {
        "Diluted EPS": -0.19,
        "Total Revenue": NaN,
        "Gross Profit": 292,
        "Operating Income": -81,
        "EBIT": 0,
        "Net Income": -45
    },
    "2014-09-30": {
        "Diluted EPS": 0.38,
        "Total Revenue": NaN,
        "Gross Profit": 289,
        "Operating Income": 189,
        "EBIT": 255,
        "Net Income": 91
    },
    "2014-06-30": {
        "Diluted EPS": 0.31,
        "Total Revenue": NaN,
        "Gross Profit": 223,
        "Operating Income": 132,
        "EBIT": 190,
        "Net Income": 72
    },
    "2014-03-31": {
        "Diluted EPS": 0.17,
        "Total Revenue": NaN,
        "Gross Profit": 163,
        "Operating Income": 81,
        "EBIT": 139,
        "Net Income": 39
    },
    "2013-12-31": {
        "Diluted EPS": 0.24,
        "Total Revenue": NaN,
        "Gross Profit": 198,
        "Operating Income": 108,
        "EBIT": 167,
        "Net Income": 55
    },
    "2013-09-30": {
        "Diluted EPS": 0.25,
        "Total Revenue": NaN,
        "Gross Profit": 197,
        "Operating Income": 113,
        "EBIT": 171,
        "Net Income": 57
    },
    "2013-06-30": {
        "Diluted EPS": 0.13,
        "Total Revenue": NaN,
        "Gross Profit": 148,
        "Operating Income": 69,
        "EBIT": 126,
        "Net Income": 29
    },
    "2013-03-31": {
        "Diluted EPS": 0.21,
        "Total Revenue": NaN,
        "Gross Profit": 176,
        "Operating Income": 96,
        "EBIT": 153,
        "Net Income": 48
    },
    "2012-12-31": {
        "Diluted EPS": 0.27,
        "Total Revenue": NaN,
        "Gross Profit": 180,
        "Operating Income": 95,
        "EBIT": 150,
        "Net Income": 61
    },
    "2012-09-30": {
        "Diluted EPS": 0.06,
        "Total Revenue": NaN,
        "Gross Profit": 156,
        "Operating Income": 73,
        "EBIT": 132,
        "Net Income": 13
    },
    "2012-06-30": {
        "Diluted EPS": 0.2,
        "Total Revenue": NaN,
        "Gross Profit": 182,
        "Operating Income": 104,
        "EBIT": 159,
        "Net Income": 44
    },
    "2012-03-31": {
        "Diluted EPS": 0.2,
        "Total Revenue": NaN,
        "Gross Profit": 201,
        "Operating Income": 120,
        "EBIT": 175,
        "Net Income": 46
    },
    "2011-12-31": {
        "Diluted EPS": 0.14,
        "Total Revenue": NaN,
        "Gross Profit": 160,
        "Operating Income": 82,
        "EBIT": 138,
        "Net Income": 30
    },
    "2011-09-30": {
        "Diluted EPS": 0.19,
        "Total Revenue": NaN,
        "Gross Profit": 199,
        "Operating Income": 109,
        "EBIT": 165,
        "Net Income": 43
    },
    "2011-06-30": {
        "Diluted EPS": 0.43,
        "Total Revenue": NaN,
        "Gross Profit": 276,
        "Operating Income": 188,
        "EBIT": 244,
        "Net Income": 99
    },
    "2011-03-31": {
        "Diluted EPS": 0.46,
        "Total Revenue": NaN,
        "Gross Profit": 296,
        "Operating Income": 205,
        "EBIT": 260,
        "Net Income": 106
    },
    "2010-12-31": {
        "Diluted EPS": 0.04,
        "Total Revenue": NaN,
        "Gross Profit": 134,
        "Operating Income": 47,
        "EBIT": 103,
        "Net Income": 8
    },
    "2010-09-30": {
        "Diluted EPS": 0.09,
        "Total Revenue": NaN,
        "Gross Profit": 140,
        "Operating Income": 69,
        "EBIT": 126,
        "Net Income": 19
    },
    "2010-06-30": {
        "Diluted EPS": 0.22,
        "Total Revenue": NaN,
        "Gross Profit": 192,
        "Operating Income": 117,
        "EBIT": 172,
        "Net Income": 49
    },
    "2010-03-31": {
        "Diluted EPS": 0.29,
        "Total Revenue": NaN,
        "Gross Profit": 210,
        "Operating Income": 132,
        "EBIT": 189,
        "Net Income": 65
    },
    "2009-12-31": {
        "Diluted EPS": 0.22,
        "Total Revenue": NaN,
        "Gross Profit": 154,
        "Operating Income": 78,
        "EBIT": 133,
        "Net Income": 27
    },
    "2009-09-30": {
        "Diluted EPS": 0.3,
        "Total Revenue": NaN,
        "Gross Profit": 217,
        "Operating Income": 148,
        "EBIT": 200,
        "Net Income": 69
    },
    "2009-06-30": {
        "Diluted EPS": -0.08,
        "Total Revenue": 792,
        "Gross Profit": 69,
        "Operating Income": 6,
        "EBIT": 64,
        "Net Income": -16
    },
    "2009-03-31": {
        "Diluted EPS": -0.48,
        "Total Revenue": 815,
        "Gross Profit": -41,
        "Operating Income": -114,
        "EBIT": -57,
        "Net Income": -88
    },
    "2023-09-30": {
        "Tax Effect Of Unusual Items": NaN,
        "Tax Rate For Calcs": NaN,
        "Normalized EBITDA": NaN,
        "Net Income From Continuing Operation Net Minority Interest": NaN,
        "Reconciled Depreciation": NaN,
        "Reconciled Cost Of Revenue": NaN,
        "EBITDA": NaN,
        "EBIT": NaN,
        "Net Interest Income": NaN,
        "Interest Expense": NaN,
        "Normalized Income": NaN,
        "Net Income From Continuing And Discontinued Operation": NaN,
        "Total Expenses": NaN,
        "Total Operating Income As Reported": NaN,
        "Diluted Average Shares": NaN,
        "Basic Average Shares": NaN,
        "Diluted EPS": NaN,
        "Basic EPS": NaN,
        "Diluted NI Availto Com Stockholders": NaN,
        "Average Dilution Earnings": NaN,
        "Net Income Common Stockholders": NaN,
        "Net Income": NaN,
        "Minority Interests": NaN,
        "Net Income Including Noncontrolling Interests": NaN,
        "Net Income Continuous Operations": NaN,
        "Tax Provision": NaN,
        "Pretax Income": NaN,
        "Other Income Expense": NaN,
        "Other Non Operating Income Expenses": NaN,
        "Earnings From Equity Interest": NaN,
        "Net Non Operating Interest Income Expense": NaN,
        "Interest Expense Non Operating": NaN,
        "Operating Income": NaN,
        "Operating Expense": NaN,
        "Depreciation Amortization Depletion Income Statement": NaN,
        "Depreciation And Amortization In Income Statement": NaN,
        "Amortization": NaN,
        "Amortization Of Intangibles Income Statement": NaN,
        "Selling General And Administration": NaN,
        "General And Administrative Expense": 145896000.0,
        "Other Gand A": 145896000.0,
        "Gross Profit": NaN,
        "Cost Of Revenue": NaN,
        "Total Revenue": NaN,
        "Operating Revenue": NaN
    },
    "2023-12-31": {
        "Tax Effect Of Unusual Items": 0.0,
        "Tax Rate For Calcs": 0.212451,
        "Normalized EBITDA": 668756000.0,
        "Net Income From Continuing Operation Net Minority Interest": 424270000.0,
        "Reconciled Depreciation": 111722000.0,
        "Reconciled Cost Of Revenue": 3398903000.0,
        "EBITDA": 668756000.0,
        "EBIT": 557034000.0,
        "Net Interest Income": -14795000.0,
        "Interest Expense": 14795000.0,
        "Normalized Income": 424270000.0,
        "Net Income From Continuing And Discontinued Operation": 424270000.0,
        "Total Expenses": 3667832000.0,
        "Total Operating Income As Reported": 518536000.0,
        "Diluted Average Shares": 162276000.0,
        "Basic Average Shares": 161434000.0,
        "Diluted EPS": 2.61,
        "Basic EPS": 2.63,
        "Diluted NI Availto Com Stockholders": 424270000.0,
        "Average Dilution Earnings": NaN,
        "Net Income Common Stockholders": 424270000.0,
        "Net Income": 424270000.0,
        "Minority Interests": -2770000.0,
        "Net Income Including Noncontrolling Interests": 427040000.0,
        "Net Income Continuous Operations": 427040000.0,
        "Tax Provision": 115199000.0,
        "Pretax Income": 542239000.0,
        "Other Income Expense": -8557000.0,
        "Other Non Operating Income Expenses": 38498000.0,
        "Earnings From Equity Interest": -47055000.0,
        "Net Non Operating Interest Income Expense": -14795000.0,
        "Interest Expense Non Operating": 14795000.0,
        "Operating Income": 565591000.0,
        "Operating Expense": 165293000.0,
        "Depreciation Amortization Depletion Income Statement": 8086000.0,
        "Depreciation And Amortization In Income Statement": 8086000.0,
        "Amortization": 8086000.0,
        "Amortization Of Intangibles Income Statement": 8086000.0,
        "Selling General And Administration": 157207000.0,
        "General And Administrative Expense": NaN,
        "Other Gand A": NaN,
        "Gross Profit": 730884000.0,
        "Cost Of Revenue": 3502539000.0,
        "Total Revenue": 4233423000.0,
        "Operating Revenue": 4233423000.0
    },
    "2024-03-31": {
        "Tax Effect Of Unusual Items": NaN,
        "Tax Rate For Calcs": NaN,
        "Normalized EBITDA": NaN,
        "Net Income From Continuing Operation Net Minority Interest": NaN,
        "Reconciled Depreciation": NaN,
        "Reconciled Cost Of Revenue": NaN,
        "EBITDA": NaN,
        "EBIT": NaN,
        "Net Interest Income": NaN,
        "Interest Expense": NaN,
        "Normalized Income": NaN,
        "Net Income From Continuing And Discontinued Operation": NaN,
        "Total Expenses": NaN,
        "Total Operating Income As Reported": NaN,
        "Diluted Average Shares": NaN,
        "Basic Average Shares": NaN,
        "Diluted EPS": NaN,
        "Basic EPS": NaN,
        "Diluted NI Availto Com Stockholders": NaN,
        "Average Dilution Earnings": 0.0,
        "Net Income Common Stockholders": NaN,
        "Net Income": NaN,
        "Minority Interests": NaN,
        "Net Income Including Noncontrolling Interests": NaN,
        "Net Income Continuous Operations": NaN,
        "Tax Provision": NaN,
        "Pretax Income": NaN,
        "Other Income Expense": NaN,
        "Other Non Operating Income Expenses": NaN,
        "Earnings From Equity Interest": NaN,
        "Net Non Operating Interest Income Expense": NaN,
        "Interest Expense Non Operating": NaN,
        "Operating Income": NaN,
        "Operating Expense": NaN,
        "Depreciation Amortization Depletion Income Statement": NaN,
        "Depreciation And Amortization In Income Statement": NaN,
        "Amortization": NaN,
        "Amortization Of Intangibles Income Statement": NaN,
        "Selling General And Administration": NaN,
        "General And Administrative Expense": NaN,
        "Other Gand A": NaN,
        "Gross Profit": NaN,
        "Cost Of Revenue": NaN,
        "Total Revenue": NaN,
        "Operating Revenue": NaN
    },
    "2024-06-30": {
        "Tax Effect Of Unusual Items": 0.0,
        "Tax Rate For Calcs": 0.236,
        "Normalized EBITDA": 694884000.0,
        "Net Income From Continuing Operation Net Minority Interest": 427998000.0,
        "Reconciled Depreciation": 117053000.0,
        "Reconciled Cost Of Revenue": 3748389000.0,
        "EBITDA": 694884000.0,
        "EBIT": 577831000.0,
        "Net Interest Income": -12719000.0,
        "Interest Expense": 12719000.0,
        "Normalized Income": 427998000.0,
        "Net Income From Continuing And Discontinued Operation": 427998000.0,
        "Total Expenses": 4025458000.0,
        "Total Operating Income As Reported": 559123000.0,
        "Diluted Average Shares": 157579000.0,
        "Basic Average Shares": 156856000.0,
        "Diluted EPS": 2.72,
        "Basic EPS": 2.73,
        "Diluted NI Availto Com Stockholders": 427998000.0,
        "Average Dilution Earnings": 0.0,
        "Net Income Common Stockholders": 427998000.0,
        "Net Income": 427998000.0,
        "Minority Interests": -3692000.0,
        "Net Income Including Noncontrolling Interests": 431690000.0,
        "Net Income Continuous Operations": 431690000.0,
        "Tax Provision": 133422000.0,
        "Pretax Income": 565112000.0,
        "Other Income Expense": -29345000.0,
        "Other Non Operating Income Expenses": 18708000.0,
        "Earnings From Equity Interest": -48053000.0,
        "Net Non Operating Interest Income Expense": -12719000.0,
        "Interest Expense Non Operating": 12719000.0,
        "Operating Income": 607176000.0,
        "Operating Expense": 167661000.0,
        "Depreciation Amortization Depletion Income Statement": 7645000.0,
        "Depreciation And Amortization In Income Statement": 7645000.0,
        "Amortization": 7645000.0,
        "Amortization Of Intangibles Income Statement": 7645000.0,
        "Selling General And Administration": 160016000.0,
        "General And Administrative Expense": 160016000.0,
        "Other Gand A": 160016000.0,
        "Gross Profit": 774837000.0,
        "Cost Of Revenue": 3857797000.0,
        "Total Revenue": 4632634000.0,
        "Operating Revenue": 4632634000.0
    },
    "2024-09-30": {
        "Tax Effect Of Unusual Items": 0.0,
        "Tax Rate For Calcs": 0.214,
        "Normalized EBITDA": 546148000.0,
        "Net Income From Continuing Operation Net Minority Interest": 317802000.0,
        "Reconciled Depreciation": 121052000.0,
        "Reconciled Cost Of Revenue": 3622990000.0,
        "EBITDA": 546148000.0,
        "EBIT": 425096000.0,
        "Net Interest Income": -17071000.0,
        "Interest Expense": 17071000.0,
        "Normalized Income": 317802000.0,
        "Net Income From Continuing And Discontinued Operation": 317802000.0,
        "Total Expenses": 3911734000.0,
        "Total Operating Income As Reported": 395437000.0,
        "Diluted Average Shares": 154810000.0,
        "Basic Average Shares": 154061000.0,
        "Diluted EPS": 2.05,
        "Basic EPS": 2.06,
        "Diluted NI Availto Com Stockholders": 317802000.0,
        "Average Dilution Earnings": NaN,
        "Net Income Common Stockholders": 317802000.0,
        "Net Income": 317802000.0,
        "Minority Interests": -3092000.0,
        "Net Income Including Noncontrolling Interests": 320894000.0,
        "Net Income Continuous Operations": 320894000.0,
        "Tax Provision": 87131000.0,
        "Pretax Income": 408025000.0,
        "Other Income Expense": -4785000.0,
        "Other Non Operating Income Expenses": 29659000.0,
        "Earnings From Equity Interest": -34444000.0,
        "Net Non Operating Interest Income Expense": -17071000.0,
        "Interest Expense Non Operating": 17071000.0,
        "Operating Income": 429881000.0,
        "Operating Expense": 175336000.0,
        "Depreciation Amortization Depletion Income Statement": 7644000.0,
        "Depreciation And Amortization In Income Statement": 7644000.0,
        "Amortization": 7644000.0,
        "Amortization Of Intangibles Income Statement": 7644000.0,
        "Selling General And Administration": 167692000.0,
        "General And Administrative Expense": 167692000.0,
        "Other Gand A": 167692000.0,
        "Gross Profit": 605217000.0,
        "Cost Of Revenue": 3736398000.0,
        "Total Revenue": 4341615000.0,
        "Operating Revenue": 4341615000.0
    },
    "2024-12-31": {
        "Tax Effect Of Unusual Items": 0.0,
        "Tax Rate For Calcs": 0.139738,
        "Normalized EBITDA": 384092000.0,
        "Net Income From Continuing Operation Net Minority Interest": 207293000.0,
        "Reconciled Depreciation": 125550000.0,
        "Reconciled Cost Of Revenue": 3312427000.0,
        "EBITDA": 384092000.0,
        "EBIT": 258542000.0,
        "Net Interest Income": -14579000.0,
        "Interest Expense": 14579000.0,
        "Normalized Income": 207293000.0,
        "Net Income From Continuing And Discontinued Operation": 207293000.0,
        "Total Expenses": 3614881000.0,
        "Total Operating Income As Reported": 237502000.0,
        "Diluted Average Shares": 152801000.0,
        "Basic Average Shares": 152096000.0,
        "Diluted EPS": 1.36,
        "Basic EPS": 1.36,
        "Diluted NI Availto Com Stockholders": 207293000.0,
        "Average Dilution Earnings": NaN,
        "Net Income Common Stockholders": 207293000.0,
        "Net Income": 207293000.0,
        "Minority Interests": -2579000.0,
        "Net Income Including Noncontrolling Interests": 209872000.0,
        "Net Income Continuous Operations": 209872000.0,
        "Tax Provision": 34091000.0,
        "Pretax Income": 243963000.0,
        "Other Income Expense": 1285000.0,
        "Other Non Operating Income Expenses": 21040000.0,
        "Earnings From Equity Interest": -19755000.0,
        "Net Non Operating Interest Income Expense": -14579000.0,
        "Interest Expense Non Operating": 14579000.0,
        "Operating Income": 257257000.0,
        "Operating Expense": 184477000.0,
        "Depreciation Amortization Depletion Income Statement": 7573000.0,
        "Depreciation And Amortization In Income Statement": 7573000.0,
        "Amortization": 7573000.0,
        "Amortization Of Intangibles Income Statement": 7573000.0,
        "Selling General And Administration": 176904000.0,
        "General And Administrative Expense": NaN,
        "Other Gand A": NaN,
        "Gross Profit": 441734000.0,
        "Cost Of Revenue": 3430404000.0,
        "Total Revenue": 3872138000.0,
        "Operating Revenue": 3872138000.0
    },
    "2025-03-31": {
        "Tax Effect Of Unusual Items": 0.0,
        "Tax Rate For Calcs": 0.224,
        "Normalized EBITDA": 426541000.0,
        "Net Income From Continuing Operation Net Minority Interest": 217151000.0,
        "Reconciled Depreciation": 133756000.0,
        "Reconciled Cost Of Revenue": 3755792000.0,
        "EBITDA": 426541000.0,
        "EBIT": 292785000.0,
        "Net Interest Income": -12131000.0,
        "Interest Expense": 12131000.0,
        "Normalized Income": 217151000.0,
        "Net Income From Continuing And Discontinued Operation": 217151000.0,
        "Total Expenses": 4071356000.0,
        "Total Operating Income As Reported": 275144000.0,
        "Diluted Average Shares": 150809000.0,
        "Basic Average Shares": 150262000.0,
        "Diluted EPS": 1.44,
        "Basic EPS": 1.45,
        "Diluted NI Availto Com Stockholders": 217151000.0,
        "Average Dilution Earnings": 0.0,
        "Net Income Common Stockholders": 217151000.0,
        "Net Income": 217151000.0,
        "Minority Interests": -528000.0,
        "Net Income Including Noncontrolling Interests": 217679000.0,
        "Net Income Continuous Operations": 217679000.0,
        "Tax Provision": 62975000.0,
        "Pretax Income": 280654000.0,
        "Other Income Expense": -5054000.0,
        "Other Non Operating Income Expenses": 17641000.0,
        "Earnings From Equity Interest": -22695000.0,
        "Net Non Operating Interest Income Expense": -12131000.0,
        "Interest Expense Non Operating": 12131000.0,
        "Operating Income": 297839000.0,
        "Operating Expense": 188705000.0,
        "Depreciation Amortization Depletion Income Statement": 6897000.0,
        "Depreciation And Amortization In Income Statement": 6897000.0,
        "Amortization": 6897000.0,
        "Amortization Of Intangibles Income Statement": 6897000.0,
        "Selling General And Administration": 181808000.0,
        "General And Administrative Expense": NaN,
        "Other Gand A": NaN,
        "Gross Profit": 486544000.0,
        "Cost Of Revenue": 3882651000.0,
        "Total Revenue": 4369195000.0,
        "Operating Revenue": 4369195000.0
    },
    "2025-06-30": {
        "Tax Effect Of Unusual Items": 0.0,
        "Tax Rate For Calcs": 0.223,
        "Normalized EBITDA": 538112000.0,
        "Net Income From Continuing Operation Net Minority Interest": 298726000.0,
        "Reconciled Depreciation": 132865000.0,
        "Reconciled Cost Of Revenue": 3820687000.0,
        "EBITDA": 538112000.0,
        "EBIT": 405247000.0,
        "Net Interest Income": -17381000.0,
        "Interest Expense": 17381000.0,
        "Normalized Income": 298726000.0,
        "Net Income From Continuing And Discontinued Operation": 298726000.0,
        "Total Expenses": 4151562000.0,
        "Total Operating Income As Reported": 382855000.0,
        "Diluted Average Shares": 148960000.0,
        "Basic Average Shares": 148387000.0,
        "Diluted EPS": 2.01,
        "Basic EPS": 2.01,
        "Diluted NI Availto Com Stockholders": 298726000.0,
        "Average Dilution Earnings": 0.0,
        "Net Income Common Stockholders": 298726000.0,
        "Net Income": 298726000.0,
        "Minority Interests": -2465000.0,
        "Net Income Including Noncontrolling Interests": 301191000.0,
        "Net Income Continuous Operations": 301191000.0,
        "Tax Provision": 86675000.0,
        "Pretax Income": 387866000.0,
        "Other Income Expense": -8314000.0,
        "Other Non Operating Income Expenses": 22392000.0,
        "Earnings From Equity Interest": -30706000.0,
        "Net Non Operating Interest Income Expense": -17381000.0,
        "Interest Expense Non Operating": 17381000.0,
        "Operating Income": 413561000.0,
        "Operating Expense": 204907000.0,
        "Depreciation Amortization Depletion Income Statement": 6897000.0,
        "Depreciation And Amortization In Income Statement": 6897000.0,
        "Amortization": 6897000.0,
        "Amortization Of Intangibles Income Statement": 6897000.0,
        "Selling General And Administration": 198010000.0,
        "General And Administrative Expense": 198010000.0,
        "Other Gand A": 198010000.0,
        "Gross Profit": 618468000.0,
        "Cost Of Revenue": 3946655000.0,
        "Total Revenue": 4565123000.0,
        "Operating Revenue": 4565123000.0
    }
}