{
    "2023-06-30": {
        "Tax Effect Of Unusual Items": NaN,
        "Tax Rate For Calcs": NaN,
        "Normalized EBITDA": NaN,
        "Total Unusual Items": NaN,
        "Total Unusual Items Excluding Goodwill": NaN,
        "Net Income From Continuing Operation Net Minority Interest": NaN,
        "Reconciled Depreciation": NaN,
        "Reconciled Cost Of Revenue": NaN,
        "EBITDA": NaN,
        "EBIT": NaN,
        "Net Interest Income": NaN,
        "Interest Expense": NaN,
        "Interest Income": NaN,
        "Normalized Income": NaN,
        "Net Income From Continuing And Discontinued Operation": NaN,
        "Total Expenses": NaN,
        "Total Operating Income As Reported": NaN,
        "Diluted Average Shares": NaN,
        "Basic Average Shares": NaN,
        "Diluted EPS": NaN,
        "Basic EPS": NaN,
        "Diluted NI Availto Com Stockholders": NaN,
        "Net Income Common Stockholders": NaN,
        "Net Income": NaN,
        "Minority Interests": NaN,
        "Net Income Including Noncontrolling Interests": NaN,
        "Net Income Continuous Operations": NaN,
        "Tax Provision": NaN,
        "Pretax Income": NaN,
        "Other Income Expense": NaN,
        "Other Non Operating Income Expenses": NaN,
        "Special Income Charges": NaN,
        "Gain On Sale Of Ppe": NaN,
        "Other Special Charges": NaN,
        "Restructuring And Mergern Acquisition": 34000000.0,
        "Gain On Sale Of Security": NaN,
        "Net Non Operating Interest Income Expense": NaN,
        "Total Other Finance Cost": NaN,
        "Interest Expense Non Operating": NaN,
        "Interest Income Non Operating": NaN,
        "Operating Income": NaN,
        "Operating Expense": NaN,
        "Other Operating Expenses": -27000000.0,
        "Research And Development": NaN,
        "Selling General And Administration": NaN,
        "General And Administrative Expense": 414000000.0,
        "Other Gand A": 414000000.0,
        "Salaries And Wages": 5000000.0,
        "Gross Profit": NaN,
        "Cost Of Revenue": NaN,
        "Total Revenue": NaN,
        "Operating Revenue": NaN
    },
    "2023-03-31": {
        "Tax Effect Of Unusual Items": NaN,
        "Tax Rate For Calcs": NaN,
        "Normalized EBITDA": NaN,
        "Total Unusual Items": NaN,
        "Total Unusual Items Excluding Goodwill": NaN,
        "Net Income From Continuing Operation Net Minority Interest": NaN,
        "Reconciled Depreciation": NaN,
        "Reconciled Cost Of Revenue": NaN,
        "EBITDA": NaN,
        "EBIT": NaN,
        "Net Interest Income": NaN,
        "Interest Expense": NaN,
        "Interest Income": NaN,
        "Normalized Income": NaN,
        "Net Income From Continuing And Discontinued Operation": NaN,
        "Total Expenses": NaN,
        "Total Operating Income As Reported": NaN,
        "Diluted Average Shares": NaN,
        "Basic Average Shares": NaN,
        "Diluted EPS": NaN,
        "Basic EPS": NaN,
        "Diluted NI Availto Com Stockholders": NaN,
        "Net Income Common Stockholders": NaN,
        "Net Income": NaN,
        "Minority Interests": NaN,
        "Net Income Including Noncontrolling Interests": NaN,
        "Net Income Continuous Operations": NaN,
        "Tax Provision": NaN,
        "Pretax Income": NaN,
        "Other Income Expense": NaN,
        "Other Non Operating Income Expenses": NaN,
        "Special Income Charges": NaN,
        "Gain On Sale Of Ppe": NaN,
        "Gain On Sale Of Business": 1000000.0,
        "Other Special Charges": NaN,
        "Restructuring And Mergern Acquisition": NaN,
        "Gain On Sale Of Security": NaN,
        "Net Non Operating Interest Income Expense": NaN,
        "Total Other Finance Cost": NaN,
        "Interest Expense Non Operating": NaN,
        "Interest Income Non Operating": NaN,
        "Operating Income": NaN,
        "Operating Expense": NaN,
        "Other Operating Expenses": 9000000.0,
        "Research And Development": NaN,
        "Selling General And Administration": NaN,
        "General And Administrative Expense": 400000000.0,
        "Other Gand A": 395000000.0,
        "Salaries And Wages": 5000000.0,
        "Gross Profit": NaN,
        "Cost Of Revenue": NaN,
        "Total Revenue": NaN,
        "Operating Revenue": NaN
    },
    "2022-12-31": {
        "Tax Effect Of Unusual Items": NaN,
        "Tax Rate For Calcs": NaN,
        "Normalized EBITDA": NaN,
        "Total Unusual Items": NaN,
        "Total Unusual Items Excluding Goodwill": NaN,
        "Net Income From Continuing Operation Net Minority Interest": NaN,
        "Reconciled Depreciation": NaN,
        "Reconciled Cost Of Revenue": NaN,
        "EBITDA": NaN,
        "EBIT": NaN,
        "Net Interest Income": NaN,
        "Interest Expense": NaN,
        "Interest Income": NaN,
        "Normalized Income": NaN,
        "Net Income From Continuing And Discontinued Operation": NaN,
        "Total Expenses": NaN,
        "Total Operating Income As Reported": NaN,
        "Diluted Average Shares": NaN,
        "Basic Average Shares": NaN,
        "Diluted EPS": NaN,
        "Basic EPS": NaN,
        "Diluted NI Availto Com Stockholders": NaN,
        "Net Income Common Stockholders": NaN,
        "Net Income": NaN,
        "Minority Interests": NaN,
        "Net Income Including Noncontrolling Interests": NaN,
        "Net Income Continuous Operations": NaN,
        "Tax Provision": NaN,
        "Pretax Income": NaN,
        "Other Income Expense": NaN,
        "Other Non Operating Income Expenses": NaN,
        "Special Income Charges": NaN,
        "Gain On Sale Of Ppe": NaN,
        "Gain On Sale Of Business": NaN,
        "Other Special Charges": NaN,
        "Write Off": 0.0,
        "Restructuring And Mergern Acquisition": NaN,
        "Gain On Sale Of Security": NaN,
        "Net Non Operating Interest Income Expense": NaN,
        "Total Other Finance Cost": NaN,
        "Interest Expense Non Operating": NaN,
        "Interest Income Non Operating": NaN,
        "Operating Income": NaN,
        "Operating Expense": NaN,
        "Other Operating Expenses": NaN,
        "Research And Development": NaN,
        "Selling General And Administration": NaN,
        "General And Administrative Expense": NaN,
        "Other Gand A": NaN,
        "Salaries And Wages": NaN,
        "Gross Profit": NaN,
        "Cost Of Revenue": NaN,
        "Total Revenue": NaN,
        "Operating Revenue": NaN
    },
    "2022-09-30": {
        "Tax Effect Of Unusual Items": NaN,
        "Tax Rate For Calcs": NaN,
        "Normalized EBITDA": NaN,
        "Total Unusual Items": NaN,
        "Total Unusual Items Excluding Goodwill": NaN,
        "Net Income From Continuing Operation Net Minority Interest": NaN,
        "Reconciled Depreciation": NaN,
        "Reconciled Cost Of Revenue": NaN,
        "EBITDA": NaN,
        "EBIT": NaN,
        "Net Interest Income": NaN,
        "Interest Expense": NaN,
        "Interest Income": NaN,
        "Normalized Income": NaN,
        "Net Income From Continuing And Discontinued Operation": NaN,
        "Total Expenses": NaN,
        "Total Operating Income As Reported": NaN,
        "Diluted Average Shares": NaN,
        "Basic Average Shares": NaN,
        "Diluted EPS": NaN,
        "Basic EPS": NaN,
        "Diluted NI Availto Com Stockholders": NaN,
        "Net Income Common Stockholders": NaN,
        "Net Income": NaN,
        "Minority Interests": NaN,
        "Net Income Including Noncontrolling Interests": NaN,
        "Net Income Continuous Operations": NaN,
        "Tax Provision": NaN,
        "Pretax Income": NaN,
        "Other Income Expense": NaN,
        "Other Non Operating Income Expenses": NaN,
        "Special Income Charges": NaN,
        "Gain On Sale Of Ppe": NaN,
        "Gain On Sale Of Business": 0.0,
        "Other Special Charges": NaN,
        "Write Off": 0.0,
        "Restructuring And Mergern Acquisition": NaN,
        "Gain On Sale Of Security": NaN,
        "Net Non Operating Interest Income Expense": NaN,
        "Total Other Finance Cost": -16000000.0,
        "Interest Expense Non Operating": NaN,
        "Interest Income Non Operating": NaN,
        "Operating Income": NaN,
        "Operating Expense": NaN,
        "Other Operating Expenses": -28000000.0,
        "Research And Development": NaN,
        "Selling General And Administration": NaN,
        "General And Administrative Expense": 352000000.0,
        "Other Gand A": 352000000.0,
        "Salaries And Wages": NaN,
        "Gross Profit": NaN,
        "Cost Of Revenue": NaN,
        "Total Revenue": NaN,
        "Operating Revenue": NaN
    },
    "2022-06-30": {
        "Tax Effect Of Unusual Items": 275793.650794,
        "Tax Rate For Calcs": 0.137897,
        "Normalized EBITDA": 1299000000.0,
        "Total Unusual Items": 2000000.0,
        "Total Unusual Items Excluding Goodwill": 2000000.0,
        "Net Income From Continuing Operation Net Minority Interest": 867000000.0,
        "Reconciled Depreciation": 290000000.0,
        "Reconciled Cost Of Revenue": 2018000000.0,
        "EBITDA": 1301000000.0,
        "EBIT": 1011000000.0,
        "Net Interest Income": 6000000.0,
        "Interest Expense": 3000000.0,
        "Interest Income": 9000000.0,
        "Normalized Income": 865275793.650794,
        "Net Income From Continuing And Discontinued Operation": 867000000.0,
        "Total Expenses": 2834000000.0,
        "Total Operating Income As Reported": 1004000000.0,
        "Diluted Average Shares": 944482138.0,
        "Basic Average Shares": 905073119.0,
        "Diluted EPS": 0.92,
        "Basic EPS": 0.96,
        "Diluted NI Availto Com Stockholders": 867000000.0,
        "Net Income Common Stockholders": 867000000.0,
        "Net Income": 867000000.0,
        "Minority Interests": -2000000.0,
        "Net Income Including Noncontrolling Interests": 869000000.0,
        "Net Income Continuous Operations": 869000000.0,
        "Tax Provision": 139000000.0,
        "Pretax Income": 1008000000.0,
        "Other Income Expense": -1000000.0,
        "Other Non Operating Income Expenses": -3000000.0,
        "Special Income Charges": -3000000.0,
        "Gain On Sale Of Ppe": 2000000.0,
        "Gain On Sale Of Business": NaN,
        "Other Special Charges": 4000000.0,
        "Write Off": 0.0,
        "Restructuring And Mergern Acquisition": 1000000.0,
        "Gain On Sale Of Security": 5000000.0,
        "Net Non Operating Interest Income Expense": 6000000.0,
        "Total Other Finance Cost": -6000000.0,
        "Interest Expense Non Operating": 3000000.0,
        "Interest Income Non Operating": 9000000.0,
        "Operating Income": 1003000000.0,
        "Operating Expense": 816000000.0,
        "Other Operating Expenses": -39000000.0,
        "Research And Development": 489000000.0,
        "Selling General And Administration": 366000000.0,
        "General And Administrative Expense": 366000000.0,
        "Other Gand A": 366000000.0,
        "Gross Profit": 1819000000.0,
        "Cost Of Revenue": 2018000000.0,
        "Total Revenue": 3837000000.0,
        "Operating Revenue": 3830000000.0
    },
    "2022-03-31": {
        "Diluted EPS": 0.79,
        "Total Revenue": NaN,
        "Gross Profit": NaN,
        "Operating Income": 877,
        "EBIT": NaN,
        "Net Income": 747
    },
    "2021-12-31": {
        "Diluted EPS": 0.82,
        "Total Revenue": NaN,
        "Gross Profit": NaN,
        "Operating Income": 885,
        "EBIT": NaN,
        "Net Income": 750
    },
    "2021-09-30": {
        "Diluted EPS": 0.51,
        "Total Revenue": NaN,
        "Gross Profit": NaN,
        "Operating Income": 605,
        "EBIT": 899,
        "Net Income": 474
    },
    "2021-06-30": {
        "Diluted EPS": 0.44,
        "Total Revenue": NaN,
        "Gross Profit": NaN,
        "Operating Income": 489,
        "EBIT": 736,
        "Net Income": 412
    },
    "2021-03-31": {
        "Diluted EPS": 0.39,
        "Total Revenue": NaN,
        "Gross Profit": NaN,
        "Operating Income": 440,
        "EBIT": 707,
        "Net Income": 364
    },
    "2020-12-31": {
        "Diluted EPS": 0.63,
        "Total Revenue": NaN,
        "Gross Profit": NaN,
        "Operating Income": 657,
        "EBIT": 924,
        "Net Income": 582
    },
    "2020-09-30": {
        "Diluted EPS": 0.26,
        "Total Revenue": NaN,
        "Gross Profit": 959,
        "Operating Income": 329,
        "EBIT": 576,
        "Net Income": 242
    },
    "2020-06-30": {
        "Diluted EPS": 0.1,
        "Total Revenue": NaN,
        "Gross Profit": 730,
        "Operating Income": 106,
        "EBIT": 348,
        "Net Income": 90
    },
    "2020-03-31": {
        "Diluted EPS": 0.21,
        "Total Revenue": NaN,
        "Gross Profit": 846,
        "Operating Income": 231,
        "EBIT": 442,
        "Net Income": 192
    },
    "2019-12-31": {
        "Diluted EPS": 0.42,
        "Total Revenue": NaN,
        "Gross Profit": NaN,
        "Operating Income": 460,
        "EBIT": 690,
        "Net Income": 392
    },
    "2019-09-30": {
        "Diluted EPS": 0.34,
        "Total Revenue": NaN,
        "Gross Profit": 967,
        "Operating Income": 336,
        "EBIT": 580,
        "Net Income": 302
    },
    "2019-06-30": {
        "Diluted EPS": 0.18,
        "Total Revenue": NaN,
        "Gross Profit": 830,
        "Operating Income": 196,
        "EBIT": 399,
        "Net Income": 160
    },
    "2019-03-31": {
        "Diluted EPS": 0.2,
        "Total Revenue": NaN,
        "Gross Profit": 818,
        "Operating Income": 211,
        "EBIT": 426,
        "Net Income": 178
    },
    "2018-12-31": {
        "Diluted EPS": 0.45,
        "Total Revenue": NaN,
        "Gross Profit": NaN,
        "Operating Income": 444,
        "EBIT": 665,
        "Net Income": 418
    },
    "2018-09-30": {
        "Diluted EPS": 0.41,
        "Total Revenue": NaN,
        "Gross Profit": NaN,
        "Operating Income": 398,
        "EBIT": 609,
        "Net Income": 369
    },
    "2018-06-30": {
        "Diluted EPS": 0.29,
        "Total Revenue": NaN,
        "Gross Profit": 911,
        "Operating Income": 289,
        "EBIT": 491,
        "Net Income": 261
    },
    "2018-03-31": {
        "Diluted EPS": 0.26,
        "Total Revenue": NaN,
        "Gross Profit": 888,
        "Operating Income": 269,
        "EBIT": 463,
        "Net Income": 239
    },
    "2017-12-31": {
        "Diluted EPS": 0.34,
        "Total Revenue": NaN,
        "Gross Profit": NaN,
        "Operating Income": 414,
        "EBIT": 414,
        "Net Income": 307
    },
    "2017-09-30": {
        "Diluted EPS": 0.26,
        "Total Revenue": NaN,
        "Gross Profit": 846,
        "Operating Income": 281,
        "EBIT": 281,
        "Net Income": 236
    },
    "2017-06-30": {
        "Diluted EPS": 0.17,
        "Total Revenue": NaN,
        "Gross Profit": 736,
        "Operating Income": 178,
        "EBIT": 336,
        "Net Income": 151
    },
    "2017-03-31": {
        "Diluted EPS": 0.12,
        "Total Revenue": NaN,
        "Gross Profit": 686,
        "Operating Income": 132,
        "EBIT": 291,
        "Net Income": 108
    },
    "2016-12-31": {
        "Diluted EPS": 0.13,
        "Total Revenue": NaN,
        "Gross Profit": 697,
        "Operating Income": 129,
        "EBIT": 129,
        "Net Income": 112
    },
    "2016-09-30": {
        "Diluted EPS": 0.08,
        "Total Revenue": NaN,
        "Gross Profit": 643,
        "Operating Income": 90,
        "EBIT": 90,
        "Net Income": 71
    },
    "2016-06-30": {
        "Diluted EPS": 0.03,
        "Total Revenue": NaN,
        "Gross Profit": 577,
        "Operating Income": 28,
        "EBIT": 213,
        "Net Income": 23
    },
    "2016-03-31": {
        "Diluted EPS": -0.05,
        "Total Revenue": NaN,
        "Gross Profit": 538,
        "Operating Income": -33,
        "EBIT": 156,
        "Net Income": -41
    },
    "2015-12-31": {
        "Diluted EPS": 0.01,
        "Total Revenue": NaN,
        "Gross Profit": 558,
        "Operating Income": 25,
        "EBIT": 25,
        "Net Income": 1
    },
    "2015-09-30": {
        "Diluted EPS": 0.1,
        "Total Revenue": NaN,
        "Gross Profit": 613,
        "Operating Income": 91,
        "EBIT": 91,
        "Net Income": 90
    },
    "2015-06-30": {
        "Diluted EPS": 0.04,
        "Total Revenue": NaN,
        "Gross Profit": 595,
        "Operating Income": 12,
        "EBIT": 198,
        "Net Income": 35
    },
    "2015-03-31": {
        "Diluted EPS": -0.03,
        "Total Revenue": NaN,
        "Gross Profit": 566,
        "Operating Income": -19,
        "EBIT": 161,
        "Net Income": -22
    },
    "2014-12-31": {
        "Diluted EPS": 0.05,
        "Total Revenue": NaN,
        "Gross Profit": 619,
        "Operating Income": 37,
        "EBIT": 241,
        "Net Income": 42
    },
    "2014-09-30": {
        "Diluted EPS": 0.08,
        "Total Revenue": NaN,
        "Gross Profit": 646,
        "Operating Income": 37,
        "EBIT": 241,
        "Net Income": 72
    },
    "2014-06-30": {
        "Diluted EPS": 0.04,
        "Total Revenue": NaN,
        "Gross Profit": 634,
        "Operating Income": 98,
        "EBIT": 306,
        "Net Income": 38
    },
    "2014-03-31": {
        "Diluted EPS": -0.03,
        "Total Revenue": NaN,
        "Gross Profit": 599,
        "Operating Income": -4,
        "EBIT": 201,
        "Net Income": -24
    },
    "2013-12-31": {
        "Diluted EPS": -0.04,
        "Total Revenue": NaN,
        "Gross Profit": 662,
        "Operating Income": -11,
        "EBIT": 214,
        "Net Income": -35
    },
    "2013-09-30": {
        "Diluted EPS": -0.16,
        "Total Revenue": NaN,
        "Gross Profit": 652,
        "Operating Income": -66,
        "EBIT": 158,
        "Net Income": -142
    },
    "2013-06-30": {
        "Diluted EPS": -0.17,
        "Total Revenue": NaN,
        "Gross Profit": 672,
        "Operating Income": -107,
        "EBIT": 117,
        "Net Income": -152
    },
    "2013-03-31": {
        "Diluted EPS": -0.19,
        "Total Revenue": NaN,
        "Gross Profit": 628,
        "Operating Income": -281,
        "EBIT": -44,
        "Net Income": -171
    },
    "2012-12-31": {
        "Diluted EPS": -0.49,
        "Total Revenue": NaN,
        "Gross Profit": 698,
        "Operating Income": -730,
        "EBIT": -458,
        "Net Income": -429
    },
    "2012-09-30": {
        "Diluted EPS": -0.54,
        "Total Revenue": NaN,
        "Gross Profit": 753,
        "Operating Income": -792,
        "EBIT": -526,
        "Net Income": -478
    },
    "2012-06-30": {
        "Diluted EPS": -0.08,
        "Total Revenue": NaN,
        "Gross Profit": 736,
        "Operating Income": -207,
        "EBIT": 74,
        "Net Income": -75
    },
    "2012-03-31": {
        "Diluted EPS": -0.2,
        "Total Revenue": NaN,
        "Gross Profit": 596,
        "Operating Income": -352,
        "EBIT": -64,
        "Net Income": -176
    },
    "2011-12-31": {
        "Diluted EPS": -0.01,
        "Total Revenue": NaN,
        "Gross Profit": 733,
        "Operating Income": -132,
        "EBIT": 183,
        "Net Income": -11
    },
    "2011-09-30": {
        "Diluted EPS": 0.08,
        "Total Revenue": NaN,
        "Gross Profit": 873,
        "Operating Income": -23,
        "EBIT": 302,
        "Net Income": 71
    },
    "2011-06-30": {
        "Diluted EPS": 0.46,
        "Total Revenue": NaN,
        "Gross Profit": 977,
        "Operating Income": 83,
        "EBIT": 405,
        "Net Income": 420
    },
    "2011-03-31": {
        "Diluted EPS": 0.19,
        "Total Revenue": NaN,
        "Gross Profit": 991,
        "Operating Income": 118,
        "EBIT": 435,
        "Net Income": 170
    },
    "2010-12-31": {
        "Diluted EPS": 0.25,
        "Total Revenue": NaN,
        "Gross Profit": NaN,
        "Operating Income": 212,
        "EBIT": 539,
        "Net Income": 219
    },
    "2010-09-30": {
        "Diluted EPS": 0.22,
        "Total Revenue": NaN,
        "Gross Profit": NaN,
        "Operating Income": 193,
        "EBIT": 487,
        "Net Income": 198
    },
    "2010-06-30": {
        "Diluted EPS": 0.39,
        "Total Revenue": NaN,
        "Gross Profit": 968,
        "Operating Income": 91,
        "EBIT": 400,
        "Net Income": 356
    },
    "2010-03-31": {
        "Diluted EPS": 0.06,
        "Total Revenue": NaN,
        "Gross Profit": 876,
        "Operating Income": -20,
        "EBIT": 290,
        "Net Income": 57
    },
    "2009-12-31": {
        "Diluted EPS": -0.08,
        "Total Revenue": NaN,
        "Gross Profit": 956,
        "Operating Income": -6,
        "EBIT": 337,
        "Net Income": -71
    },
    "2009-09-30": {
        "Diluted EPS": -0.23,
        "Total Revenue": NaN,
        "Gross Profit": 713,
        "Operating Income": -196,
        "EBIT": 150,
        "Net Income": -201
    },
    "2009-06-30": {
        "Diluted EPS": -0.36,
        "Total Revenue": NaN,
        "Gross Profit": 520,
        "Operating Income": -428,
        "EBIT": -89,
        "Net Income": -318
    },
    "2009-03-31": {
        "Diluted EPS": -0.62,
        "Total Revenue": NaN,
        "Gross Profit": 437,
        "Operating Income": -393,
        "EBIT": -54,
        "Net Income": -541
    },
    "2023-09-30": {
        "Tax Effect Of Unusual Items": NaN,
        "Tax Rate For Calcs": NaN,
        "Normalized EBITDA": NaN,
        "Total Unusual Items": NaN,
        "Total Unusual Items Excluding Goodwill": NaN,
        "Net Income From Continuing Operation Net Minority Interest": NaN,
        "Reconciled Depreciation": NaN,
        "Reconciled Cost Of Revenue": NaN,
        "EBITDA": NaN,
        "EBIT": NaN,
        "Net Interest Income": NaN,
        "Interest Expense": NaN,
        "Interest Income": NaN,
        "Normalized Income": NaN,
        "Net Income From Continuing And Discontinued Operation": NaN,
        "Total Expenses": NaN,
        "Total Operating Income As Reported": NaN,
        "Diluted Average Shares": NaN,
        "Basic Average Shares": NaN,
        "Diluted EPS": NaN,
        "Basic EPS": NaN,
        "Diluted NI Availto Com Stockholders": NaN,
        "Net Income Common Stockholders": NaN,
        "Net Income": NaN,
        "Minority Interests": NaN,
        "Net Income Including Noncontrolling Interests": NaN,
        "Net Income Continuous Operations": NaN,
        "Tax Provision": NaN,
        "Pretax Income": NaN,
        "Other Income Expense": NaN,
        "Other Non Operating Income Expenses": NaN,
        "Special Income Charges": NaN,
        "Gain On Sale Of Ppe": NaN,
        "Other Special Charges": NaN,
        "Write Off": NaN,
        "Restructuring And Mergern Acquisition": NaN,
        "Gain On Sale Of Security": NaN,
        "Net Non Operating Interest Income Expense": NaN,
        "Total Other Finance Cost": -44000000.0,
        "Interest Expense Non Operating": NaN,
        "Interest Income Non Operating": NaN,
        "Operating Income": NaN,
        "Operating Expense": NaN,
        "Other Operating Expenses": -58000000.0,
        "Research And Development": NaN,
        "Selling General And Administration": NaN,
        "General And Administrative Expense": NaN,
        "Other Gand A": NaN,
        "Salaries And Wages": NaN,
        "Gross Profit": NaN,
        "Cost Of Revenue": NaN,
        "Total Revenue": NaN,
        "Operating Revenue": NaN
    },
    "2023-12-31": {
        "Tax Effect Of Unusual Items": NaN,
        "Tax Rate For Calcs": NaN,
        "Normalized EBITDA": NaN,
        "Total Unusual Items": NaN,
        "Total Unusual Items Excluding Goodwill": NaN,
        "Net Income From Continuing Operation Net Minority Interest": NaN,
        "Reconciled Depreciation": NaN,
        "Reconciled Cost Of Revenue": NaN,
        "EBITDA": NaN,
        "EBIT": NaN,
        "Net Interest Income": NaN,
        "Interest Expense": 14000000.0,
        "Interest Income": NaN,
        "Normalized Income": NaN,
        "Net Income From Continuing And Discontinued Operation": NaN,
        "Total Expenses": NaN,
        "Total Operating Income As Reported": NaN,
        "Diluted Average Shares": NaN,
        "Basic Average Shares": NaN,
        "Diluted EPS": NaN,
        "Basic EPS": NaN,
        "Diluted NI Availto Com Stockholders": NaN,
        "Net Income Common Stockholders": NaN,
        "Net Income": NaN,
        "Minority Interests": NaN,
        "Net Income Including Noncontrolling Interests": NaN,
        "Net Income Continuous Operations": NaN,
        "Tax Provision": NaN,
        "Pretax Income": NaN,
        "Other Income Expense": NaN,
        "Other Non Operating Income Expenses": NaN,
        "Special Income Charges": NaN,
        "Gain On Sale Of Ppe": 0.0,
        "Other Special Charges": 39000000.0,
        "Write Off": NaN,
        "Restructuring And Mergern Acquisition": NaN,
        "Gain On Sale Of Security": NaN,
        "Net Non Operating Interest Income Expense": NaN,
        "Interest Expense Non Operating": 14000000.0,
        "Interest Income Non Operating": NaN,
        "Operating Income": NaN,
        "Operating Expense": NaN,
        "Other Operating Expenses": NaN,
        "Research And Development": NaN,
        "Selling General And Administration": NaN,
        "General And Administrative Expense": NaN,
        "Other Gand A": NaN,
        "Salaries And Wages": NaN,
        "Gross Profit": NaN,
        "Cost Of Revenue": NaN,
        "Total Revenue": NaN,
        "Operating Revenue": NaN
    },
    "2024-03-31": {
        "Tax Effect Of Unusual Items": NaN,
        "Tax Rate For Calcs": NaN,
        "Normalized EBITDA": NaN,
        "Total Unusual Items": NaN,
        "Total Unusual Items Excluding Goodwill": NaN,
        "Net Income From Continuing Operation Net Minority Interest": NaN,
        "Reconciled Depreciation": NaN,
        "Reconciled Cost Of Revenue": NaN,
        "EBITDA": NaN,
        "EBIT": NaN,
        "Net Interest Income": NaN,
        "Interest Expense": NaN,
        "Interest Income": NaN,
        "Normalized Income": NaN,
        "Net Income From Continuing And Discontinued Operation": NaN,
        "Total Expenses": NaN,
        "Total Operating Income As Reported": NaN,
        "Diluted Average Shares": NaN,
        "Basic Average Shares": NaN,
        "Diluted EPS": NaN,
        "Basic EPS": NaN,
        "Diluted NI Availto Com Stockholders": NaN,
        "Net Income Common Stockholders": NaN,
        "Net Income": NaN,
        "Minority Interests": NaN,
        "Net Income Including Noncontrolling Interests": NaN,
        "Net Income Continuous Operations": NaN,
        "Tax Provision": NaN,
        "Pretax Income": NaN,
        "Other Income Expense": NaN,
        "Other Non Operating Income Expenses": NaN,
        "Special Income Charges": NaN,
        "Gain On Sale Of Ppe": NaN,
        "Other Special Charges": NaN,
        "Write Off": 0.0,
        "Restructuring And Mergern Acquisition": NaN,
        "Gain On Sale Of Security": NaN,
        "Net Non Operating Interest Income Expense": NaN,
        "Interest Expense Non Operating": NaN,
        "Interest Income Non Operating": NaN,
        "Operating Income": NaN,
        "Operating Expense": NaN,
        "Other Operating Expenses": -60000000.0,
        "Research And Development": NaN,
        "Selling General And Administration": NaN,
        "General And Administrative Expense": 425000000.0,
        "Other Gand A": 425000000.0,
        "Salaries And Wages": 4000000.0,
        "Gross Profit": NaN,
        "Cost Of Revenue": NaN,
        "Total Revenue": NaN,
        "Operating Revenue": NaN
    },
    "2024-06-30": {
        "Tax Effect Of Unusual Items": NaN,
        "Tax Rate For Calcs": NaN,
        "Normalized EBITDA": NaN,
        "Total Unusual Items": NaN,
        "Total Unusual Items Excluding Goodwill": NaN,
        "Net Income From Continuing Operation Net Minority Interest": NaN,
        "Reconciled Depreciation": NaN,
        "Reconciled Cost Of Revenue": NaN,
        "EBITDA": NaN,
        "EBIT": NaN,
        "Net Interest Income": NaN,
        "Interest Expense": NaN,
        "Interest Income": NaN,
        "Normalized Income": NaN,
        "Net Income From Continuing And Discontinued Operation": NaN,
        "Total Expenses": NaN,
        "Total Operating Income As Reported": NaN,
        "Diluted Average Shares": NaN,
        "Basic Average Shares": NaN,
        "Diluted EPS": NaN,
        "Basic EPS": NaN,
        "Diluted NI Availto Com Stockholders": NaN,
        "Net Income Common Stockholders": NaN,
        "Net Income": NaN,
        "Minority Interests": NaN,
        "Net Income Including Noncontrolling Interests": NaN,
        "Net Income Continuous Operations": NaN,
        "Tax Provision": NaN,
        "Pretax Income": NaN,
        "Other Income Expense": NaN,
        "Other Non Operating Income Expenses": NaN,
        "Special Income Charges": NaN,
        "Gain On Sale Of Ppe": NaN,
        "Other Special Charges": NaN,
        "Write Off": 0.0,
        "Restructuring And Mergern Acquisition": 22000000.0,
        "Gain On Sale Of Security": NaN,
        "Net Non Operating Interest Income Expense": NaN,
        "Interest Expense Non Operating": NaN,
        "Interest Income Non Operating": NaN,
        "Operating Income": NaN,
        "Operating Expense": NaN,
        "Other Operating Expenses": -58000000.0,
        "Research And Development": NaN,
        "Selling General And Administration": NaN,
        "General And Administrative Expense": 419000000.0,
        "Other Gand A": 419000000.0,
        "Salaries And Wages": 4000000.0,
        "Gross Profit": NaN,
        "Cost Of Revenue": NaN,
        "Total Revenue": NaN,
        "Operating Revenue": NaN
    },
    "2024-09-30": {
        "Tax Effect Of Unusual Items": -328703.703704,
        "Tax Rate For Calcs": 0.164352,
        "Normalized EBITDA": 746000000.0,
        "Total Unusual Items": -2000000.0,
        "Total Unusual Items Excluding Goodwill": -2000000.0,
        "Net Income From Continuing Operation Net Minority Interest": 351000000.0,
        "Reconciled Depreciation": 292000000.0,
        "Reconciled Cost Of Revenue": 2023000000.0,
        "EBITDA": 744000000.0,
        "EBIT": 452000000.0,
        "Net Interest Income": 55000000.0,
        "Interest Expense": 20000000.0,
        "Interest Income": 75000000.0,
        "Normalized Income": 352671296.296296,
        "Net Income From Continuing And Discontinued Operation": 351000000.0,
        "Total Expenses": 2900000000.0,
        "Total Operating Income As Reported": 381000000.0,
        "Diluted Average Shares": 938583250.0,
        "Basic Average Shares": 902253479.0,
        "Diluted EPS": 0.37,
        "Basic EPS": 0.39,
        "Diluted NI Availto Com Stockholders": 351000000.0,
        "Net Income Common Stockholders": 351000000.0,
        "Net Income": 351000000.0,
        "Minority Interests": -10000000.0,
        "Net Income Including Noncontrolling Interests": 361000000.0,
        "Net Income Continuous Operations": 361000000.0,
        "Tax Provision": 71000000.0,
        "Pretax Income": 432000000.0,
        "Other Income Expense": 26000000.0,
        "Other Non Operating Income Expenses": 28000000.0,
        "Special Income Charges": -10000000.0,
        "Gain On Sale Of Ppe": 2000000.0,
        "Other Special Charges": 12000000.0,
        "Write Off": NaN,
        "Restructuring And Mergern Acquisition": NaN,
        "Gain On Sale Of Security": 8000000.0,
        "Net Non Operating Interest Income Expense": 55000000.0,
        "Interest Expense Non Operating": 20000000.0,
        "Interest Income Non Operating": 75000000.0,
        "Operating Income": 351000000.0,
        "Operating Expense": 877000000.0,
        "Other Operating Expenses": NaN,
        "Research And Development": 492000000.0,
        "Selling General And Administration": 385000000.0,
        "General And Administrative Expense": NaN,
        "Other Gand A": NaN,
        "Salaries And Wages": NaN,
        "Gross Profit": 1228000000.0,
        "Cost Of Revenue": 2023000000.0,
        "Total Revenue": 3251000000.0,
        "Operating Revenue": 3245000000.0
    },
    "2024-12-31": {
        "Tax Effect Of Unusual Items": -1569377.990431,
        "Tax Rate For Calcs": 0.196172,
        "Normalized EBITDA": 897000000.0,
        "Total Unusual Items": -8000000.0,
        "Total Unusual Items Excluding Goodwill": -8000000.0,
        "Net Income From Continuing Operation Net Minority Interest": 341000000.0,
        "Reconciled Depreciation": 451000000.0,
        "Reconciled Cost Of Revenue": 2069000000.0,
        "EBITDA": 889000000.0,
        "EBIT": 438000000.0,
        "Net Interest Income": 52000000.0,
        "Interest Expense": 20000000.0,
        "Interest Income": 72000000.0,
        "Normalized Income": 347430622.009569,
        "Net Income From Continuing And Discontinued Operation": 341000000.0,
        "Total Expenses": 3012000000.0,
        "Total Operating Income As Reported": 369000000.0,
        "Diluted Average Shares": 935700000.0,
        "Basic Average Shares": 897368421.0,
        "Diluted EPS": 0.37,
        "Basic EPS": 0.38,
        "Diluted NI Availto Com Stockholders": 342000000.0,
        "Net Income Common Stockholders": 341000000.0,
        "Net Income": 341000000.0,
        "Minority Interests": 5000000.0,
        "Net Income Including Noncontrolling Interests": 336000000.0,
        "Net Income Continuous Operations": 336000000.0,
        "Tax Provision": 82000000.0,
        "Pretax Income": 418000000.0,
        "Other Income Expense": 56000000.0,
        "Other Non Operating Income Expenses": 64000000.0,
        "Special Income Charges": -8000000.0,
        "Gain On Sale Of Ppe": 0.0,
        "Other Special Charges": 8000000.0,
        "Write Off": NaN,
        "Restructuring And Mergern Acquisition": NaN,
        "Gain On Sale Of Security": 0.0,
        "Net Non Operating Interest Income Expense": 52000000.0,
        "Interest Expense Non Operating": 20000000.0,
        "Interest Income Non Operating": 72000000.0,
        "Operating Income": 310000000.0,
        "Operating Expense": 943000000.0,
        "Other Operating Expenses": NaN,
        "Research And Development": 523000000.0,
        "Selling General And Administration": 420000000.0,
        "General And Administrative Expense": NaN,
        "Other Gand A": NaN,
        "Salaries And Wages": NaN,
        "Gross Profit": 1253000000.0,
        "Cost Of Revenue": 2069000000.0,
        "Total Revenue": 3322000000.0,
        "Operating Revenue": 3302000000.0
    },
    "2025-03-31": {
        "Tax Effect Of Unusual Items": 3611111.111111,
        "Tax Rate For Calcs": 0.180556,
        "Normalized EBITDA": 494000000.0,
        "Total Unusual Items": 20000000.0,
        "Total Unusual Items Excluding Goodwill": 20000000.0,
        "Net Income From Continuing Operation Net Minority Interest": 56000000.0,
        "Reconciled Depreciation": 428000000.0,
        "Reconciled Cost Of Revenue": 1676000000.0,
        "EBITDA": 514000000.0,
        "EBIT": 86000000.0,
        "Net Interest Income": 48000000.0,
        "Interest Expense": 14000000.0,
        "Interest Income": 62000000.0,
        "Normalized Income": 39611111.111111,
        "Net Income From Continuing And Discontinued Operation": 56000000.0,
        "Total Expenses": 2555000000.0,
        "Total Operating Income As Reported": 3000000.0,
        "Diluted Average Shares": 933595296.0,
        "Basic Average Shares": 896052652.0,
        "Diluted EPS": 0.06,
        "Basic EPS": 0.06,
        "Diluted NI Availto Com Stockholders": 56000000.0,
        "Net Income Common Stockholders": 56000000.0,
        "Net Income": 56000000.0,
        "Minority Interests": -3000000.0,
        "Net Income Including Noncontrolling Interests": 59000000.0,
        "Net Income Continuous Operations": 59000000.0,
        "Tax Provision": 13000000.0,
        "Pretax Income": 72000000.0,
        "Other Income Expense": 62000000.0,
        "Other Non Operating Income Expenses": 42000000.0,
        "Special Income Charges": -12000000.0,
        "Gain On Sale Of Ppe": 1000000.0,
        "Other Special Charges": 5000000.0,
        "Write Off": 8000000.0,
        "Restructuring And Mergern Acquisition": NaN,
        "Gain On Sale Of Security": 32000000.0,
        "Net Non Operating Interest Income Expense": 48000000.0,
        "Interest Expense Non Operating": 14000000.0,
        "Interest Income Non Operating": 62000000.0,
        "Operating Income": -38000000.0,
        "Operating Expense": 879000000.0,
        "Other Operating Expenses": NaN,
        "Research And Development": 489000000.0,
        "Selling General And Administration": 390000000.0,
        "General And Administrative Expense": 390000000.0,
        "Other Gand A": 390000000.0,
        "Salaries And Wages": NaN,
        "Gross Profit": 841000000.0,
        "Cost Of Revenue": 1676000000.0,
        "Total Revenue": 2517000000.0,
        "Operating Revenue": 2513000000.0
    },
    "2025-06-30": {
        "Tax Effect Of Unusual Items": 11730000.0,
        "Tax Rate For Calcs": 0.17,
        "Normalized EBITDA": 552000000.0,
        "Total Unusual Items": 69000000.0,
        "Total Unusual Items Excluding Goodwill": 69000000.0,
        "Net Income From Continuing Operation Net Minority Interest": -10000000.0,
        "Reconciled Depreciation": 606000000.0,
        "Reconciled Cost Of Revenue": 2114000000.0,
        "EBITDA": 621000000.0,
        "EBIT": 15000000.0,
        "Net Interest Income": 34000000.0,
        "Interest Expense": 29000000.0,
        "Interest Income": -12000000.0,
        "Normalized Income": -67270000.0,
        "Net Income From Continuing And Discontinued Operation": -10000000.0,
        "Total Expenses": 2839000000.0,
        "Total Operating Income As Reported": -18000000.0,
        "Diluted Average Shares": 893900000.0,
        "Basic Average Shares": 881818182.0,
        "Diluted EPS": -0.11,
        "Basic EPS": -0.11,
        "Diluted NI Availto Com Stockholders": -10000000.0,
        "Net Income Common Stockholders": -10000000.0,
        "Net Income": -10000000.0,
        "Minority Interests": -2000000.0,
        "Net Income Including Noncontrolling Interests": -8000000.0,
        "Net Income Continuous Operations": -8000000.0,
        "Tax Provision": -6000000.0,
        "Pretax Income": -14000000.0,
        "Other Income Expense": 25000000.0,
        "Other Non Operating Income Expenses": -44000000.0,
        "Special Income Charges": 11000000.0,
        "Gain On Sale Of Ppe": 4000000.0,
        "Other Special Charges": 1000000.0,
        "Write Off": 190000000.0,
        "Restructuring And Mergern Acquisition": 2000000.0,
        "Gain On Sale Of Security": 58000000.0,
        "Net Non Operating Interest Income Expense": 34000000.0,
        "Interest Expense Non Operating": 29000000.0,
        "Interest Income Non Operating": -12000000.0,
        "Operating Income": -73000000.0,
        "Operating Expense": 725000000.0,
        "Other Operating Expenses": -57000000.0,
        "Research And Development": 365000000.0,
        "Selling General And Administration": 461000000.0,
        "General And Administrative Expense": 461000000.0,
        "Other Gand A": 461000000.0,
        "Salaries And Wages": NaN,
        "Gross Profit": 652000000.0,
        "Cost Of Revenue": 2114000000.0,
        "Total Revenue": 2766000000.0,
        "Operating Revenue": 2744000000.0
    },
    "2025-09-30": {
        "Tax Effect Of Unusual Items": 7924914.675768,
        "Tax Rate For Calcs": 0.1843,
        "Normalized EBITDA": 263000000.0,
        "Total Unusual Items": 43000000.0,
        "Total Unusual Items Excluding Goodwill": 43000000.0,
        "Net Income From Continuing Operation Net Minority Interest": 237000000.0,
        "Reconciled Depreciation": 482000000.0,
        "Reconciled Cost Of Revenue": 2128000000.0,
        "EBITDA": 306000000.0,
        "EBIT": 306000000.0,
        "Net Interest Income": 38000000.0,
        "Interest Expense": 13000000.0,
        "Interest Income": 51000000.0,
        "Normalized Income": 201924914.675768,
        "Net Income From Continuing And Discontinued Operation": 237000000.0,
        "Total Expenses": 3025000000.0,
        "Total Operating Income As Reported": 180000000.0,
        "Diluted Average Shares": 918883787.0,
        "Basic Average Shares": 893326717.0,
        "Diluted EPS": 0.26,
        "Basic EPS": 0.27,
        "Diluted NI Availto Com Stockholders": 237000000.0,
        "Net Income Common Stockholders": 237000000.0,
        "Net Income": 237000000.0,
        "Minority Interests": -2000000.0,
        "Net Income Including Noncontrolling Interests": 239000000.0,
        "Net Income Continuous Operations": 239000000.0,
        "Tax Provision": 54000000.0,
        "Pretax Income": 293000000.0,
        "Other Income Expense": 93000000.0,
        "Other Non Operating Income Expenses": 50000000.0,
        "Special Income Charges": -39000000.0,
        "Gain On Sale Of Ppe": 0.0,
        "Other Special Charges": 2000000.0,
        "Write Off": 37000000.0,
        "Restructuring And Mergern Acquisition": NaN,
        "Gain On Sale Of Security": 82000000.0,
        "Net Non Operating Interest Income Expense": 38000000.0,
        "Interest Expense Non Operating": 13000000.0,
        "Interest Income Non Operating": 51000000.0,
        "Operating Income": 162000000.0,
        "Operating Expense": 897000000.0,
        "Other Operating Expenses": NaN,
        "Research And Development": 502000000.0,
        "Selling General And Administration": 395000000.0,
        "General And Administrative Expense": NaN,
        "Other Gand A": NaN,
        "Salaries And Wages": NaN,
        "Gross Profit": 1059000000.0,
        "Cost Of Revenue": 2128000000.0,
        "Total Revenue": 3187000000.0,
        "Operating Revenue": 3183000000.0
    }
}