{
    "2023-03-31": {
        "Tax Effect Of Unusual Items": NaN,
        "Tax Rate For Calcs": NaN,
        "Normalized EBITDA": NaN,
        "Net Income From Continuing Operation Net Minority Interest": NaN,
        "Reconciled Depreciation": NaN,
        "Reconciled Cost Of Revenue": NaN,
        "EBITDA": NaN,
        "EBIT": NaN,
        "Net Interest Income": NaN,
        "Interest Expense": 195000.0,
        "Normalized Income": NaN,
        "Net Income From Continuing And Discontinued Operation": NaN,
        "Total Expenses": NaN,
        "Total Operating Income As Reported": 730000.0,
        "Diluted Average Shares": NaN,
        "Basic Average Shares": NaN,
        "Diluted EPS": NaN,
        "Basic EPS": NaN,
        "Diluted NI Availto Com Stockholders": NaN,
        "Net Income Common Stockholders": NaN,
        "Preferred Stock Dividends": NaN,
        "Net Income": NaN,
        "Net Income Including Noncontrolling Interests": NaN,
        "Net Income Discontinuous Operations": NaN,
        "Net Income Continuous Operations": NaN,
        "Tax Provision": NaN,
        "Pretax Income": NaN,
        "Other Income Expense": NaN,
        "Other Non Operating Income Expenses": NaN,
        "Net Non Operating Interest Income Expense": NaN,
        "Total Other Finance Cost": NaN,
        "Interest Expense Non Operating": 195000.0,
        "Operating Income": NaN,
        "Operating Expense": NaN,
        "Depreciation Amortization Depletion Income Statement": NaN,
        "Depreciation And Amortization In Income Statement": NaN,
        "Amortization": NaN,
        "Amortization Of Intangibles Income Statement": NaN,
        "Selling General And Administration": NaN,
        "Gross Profit": NaN,
        "Cost Of Revenue": NaN,
        "Total Revenue": NaN,
        "Operating Revenue": NaN
    },
    "2022-12-31": {
        "Tax Effect Of Unusual Items": NaN,
        "Tax Rate For Calcs": NaN,
        "Normalized EBITDA": NaN,
        "Total Unusual Items": 0.0,
        "Total Unusual Items Excluding Goodwill": 0.0,
        "Net Income From Continuing Operation Net Minority Interest": NaN,
        "Reconciled Depreciation": NaN,
        "Reconciled Cost Of Revenue": NaN,
        "EBITDA": NaN,
        "EBIT": NaN,
        "Net Interest Income": NaN,
        "Interest Expense": 311000.0,
        "Normalized Income": NaN,
        "Net Income From Continuing And Discontinued Operation": NaN,
        "Total Expenses": NaN,
        "Total Operating Income As Reported": 2139000.0,
        "Diluted Average Shares": NaN,
        "Basic Average Shares": NaN,
        "Diluted EPS": NaN,
        "Basic EPS": NaN,
        "Diluted NI Availto Com Stockholders": NaN,
        "Net Income Common Stockholders": NaN,
        "Preferred Stock Dividends": NaN,
        "Net Income": NaN,
        "Net Income Including Noncontrolling Interests": NaN,
        "Net Income Discontinuous Operations": NaN,
        "Net Income Continuous Operations": NaN,
        "Tax Provision": NaN,
        "Pretax Income": NaN,
        "Other Income Expense": NaN,
        "Other Non Operating Income Expenses": NaN,
        "Special Income Charges": 0.0,
        "Net Non Operating Interest Income Expense": NaN,
        "Total Other Finance Cost": NaN,
        "Interest Expense Non Operating": 311000.0,
        "Operating Income": NaN,
        "Operating Expense": NaN,
        "Depreciation Amortization Depletion Income Statement": NaN,
        "Depreciation And Amortization In Income Statement": NaN,
        "Amortization": NaN,
        "Amortization Of Intangibles Income Statement": NaN,
        "Selling General And Administration": NaN,
        "Gross Profit": NaN,
        "Cost Of Revenue": NaN,
        "Total Revenue": NaN,
        "Operating Revenue": NaN
    },
    "2022-09-30": {
        "Tax Effect Of Unusual Items": NaN,
        "Tax Rate For Calcs": NaN,
        "Normalized EBITDA": NaN,
        "Total Unusual Items": 0.0,
        "Total Unusual Items Excluding Goodwill": 0.0,
        "Net Income From Continuing Operation Net Minority Interest": NaN,
        "Reconciled Depreciation": NaN,
        "Reconciled Cost Of Revenue": NaN,
        "EBITDA": NaN,
        "EBIT": NaN,
        "Net Interest Income": NaN,
        "Interest Expense": 185000.0,
        "Normalized Income": NaN,
        "Net Income From Continuing And Discontinued Operation": NaN,
        "Total Expenses": NaN,
        "Total Operating Income As Reported": -452000.0,
        "Diluted Average Shares": NaN,
        "Basic Average Shares": NaN,
        "Diluted EPS": NaN,
        "Basic EPS": NaN,
        "Diluted NI Availto Com Stockholders": NaN,
        "Net Income Common Stockholders": NaN,
        "Preferred Stock Dividends": NaN,
        "Net Income": NaN,
        "Net Income Including Noncontrolling Interests": NaN,
        "Net Income Discontinuous Operations": NaN,
        "Net Income Continuous Operations": NaN,
        "Tax Provision": NaN,
        "Pretax Income": NaN,
        "Other Income Expense": NaN,
        "Other Non Operating Income Expenses": NaN,
        "Special Income Charges": 0.0,
        "Gain On Sale Of Ppe": 0.0,
        "Net Non Operating Interest Income Expense": NaN,
        "Total Other Finance Cost": NaN,
        "Interest Expense Non Operating": 185000.0,
        "Operating Income": NaN,
        "Operating Expense": NaN,
        "Depreciation Amortization Depletion Income Statement": NaN,
        "Depreciation And Amortization In Income Statement": NaN,
        "Amortization": NaN,
        "Amortization Of Intangibles Income Statement": NaN,
        "Selling General And Administration": NaN,
        "Gross Profit": NaN,
        "Cost Of Revenue": NaN,
        "Total Revenue": NaN,
        "Operating Revenue": NaN
    },
    "2022-06-30": {
        "Tax Effect Of Unusual Items": 0.0,
        "Tax Rate For Calcs": 0.171834,
        "Normalized EBITDA": -1184000.0,
        "Total Unusual Items": 0.0,
        "Total Unusual Items Excluding Goodwill": 0.0,
        "Net Income From Continuing Operation Net Minority Interest": -1576000.0,
        "Reconciled Depreciation": 430000.0,
        "Reconciled Cost Of Revenue": 24619000.0,
        "EBITDA": -1184000.0,
        "EBIT": -1614000.0,
        "Net Interest Income": -289000.0,
        "Interest Expense": 289000.0,
        "Normalized Income": -1576000.0,
        "Net Income From Continuing And Discontinued Operation": -1576000.0,
        "Total Expenses": 31916000.0,
        "Total Operating Income As Reported": -1198000.0,
        "Diluted Average Shares": 15436000.0,
        "Basic Average Shares": 15379000.0,
        "Diluted EPS": -0.13,
        "Basic EPS": -0.13,
        "Diluted NI Availto Com Stockholders": -2055000.0,
        "Net Income Common Stockholders": -2055000.0,
        "Preferred Stock Dividends": 479000.0,
        "Net Income": -1576000.0,
        "Net Income Including Noncontrolling Interests": -1576000.0,
        "Net Income Discontinuous Operations": 0.0,
        "Net Income Continuous Operations": -1576000.0,
        "Tax Provision": -327000.0,
        "Pretax Income": -1903000.0,
        "Other Income Expense": -416000.0,
        "Other Non Operating Income Expenses": -416000.0,
        "Special Income Charges": 0.0,
        "Gain On Sale Of Ppe": 0.0,
        "Impairment Of Capital Assets": NaN,
        "Net Non Operating Interest Income Expense": -289000.0,
        "Total Other Finance Cost": NaN,
        "Interest Expense Non Operating": 289000.0,
        "Operating Income": -1198000.0,
        "Operating Expense": 7297000.0,
        "Depreciation Amortization Depletion Income Statement": 430000.0,
        "Depreciation And Amortization In Income Statement": 430000.0,
        "Amortization": 430000.0,
        "Amortization Of Intangibles Income Statement": 430000.0,
        "Selling General And Administration": 6867000.0,
        "Gross Profit": 6099000.0,
        "Cost Of Revenue": 24619000.0,
        "Total Revenue": 30718000.0,
        "Operating Revenue": 30718000.0
    },
    "2023-06-30": {
        "Tax Effect Of Unusual Items": NaN,
        "Tax Rate For Calcs": NaN,
        "Normalized EBITDA": NaN,
        "Net Income From Continuing Operation Net Minority Interest": NaN,
        "Reconciled Depreciation": NaN,
        "Reconciled Cost Of Revenue": NaN,
        "EBITDA": NaN,
        "EBIT": NaN,
        "Net Interest Income": NaN,
        "Normalized Income": NaN,
        "Net Income From Continuing And Discontinued Operation": NaN,
        "Total Expenses": NaN,
        "Total Operating Income As Reported": -2036000.0,
        "Diluted Average Shares": 3104000.0,
        "Basic Average Shares": 3104000.0,
        "Diluted EPS": 8.09,
        "Basic EPS": 8.09,
        "Diluted NI Availto Com Stockholders": NaN,
        "Net Income Common Stockholders": NaN,
        "Preferred Stock Dividends": NaN,
        "Net Income": NaN,
        "Net Income Including Noncontrolling Interests": NaN,
        "Net Income Discontinuous Operations": NaN,
        "Net Income Continuous Operations": NaN,
        "Tax Provision": NaN,
        "Pretax Income": NaN,
        "Other Income Expense": NaN,
        "Other Non Operating Income Expenses": NaN,
        "Net Non Operating Interest Income Expense": NaN,
        "Total Other Finance Cost": NaN,
        "Operating Income": NaN,
        "Operating Expense": NaN,
        "Depreciation Amortization Depletion Income Statement": NaN,
        "Depreciation And Amortization In Income Statement": NaN,
        "Amortization": NaN,
        "Amortization Of Intangibles Income Statement": NaN,
        "Selling General And Administration": NaN,
        "Gross Profit": NaN,
        "Cost Of Revenue": NaN,
        "Total Revenue": NaN,
        "Operating Revenue": NaN
    },
    "2023-09-30": {
        "Tax Effect Of Unusual Items": NaN,
        "Tax Rate For Calcs": NaN,
        "Normalized EBITDA": NaN,
        "Net Income From Continuing Operation Net Minority Interest": NaN,
        "Reconciled Depreciation": NaN,
        "Reconciled Cost Of Revenue": NaN,
        "EBITDA": NaN,
        "EBIT": NaN,
        "Net Interest Income": NaN,
        "Normalized Income": NaN,
        "Net Income From Continuing And Discontinued Operation": NaN,
        "Total Expenses": NaN,
        "Total Operating Income As Reported": -1661000.0,
        "Diluted Average Shares": NaN,
        "Basic Average Shares": NaN,
        "Diluted EPS": NaN,
        "Basic EPS": NaN,
        "Diluted NI Availto Com Stockholders": NaN,
        "Net Income Common Stockholders": NaN,
        "Preferred Stock Dividends": NaN,
        "Net Income": NaN,
        "Net Income Including Noncontrolling Interests": NaN,
        "Net Income Discontinuous Operations": NaN,
        "Net Income Continuous Operations": NaN,
        "Tax Provision": NaN,
        "Pretax Income": NaN,
        "Other Income Expense": NaN,
        "Other Non Operating Income Expenses": NaN,
        "Net Non Operating Interest Income Expense": NaN,
        "Total Other Finance Cost": NaN,
        "Operating Income": NaN,
        "Operating Expense": NaN,
        "Depreciation Amortization Depletion Income Statement": NaN,
        "Depreciation And Amortization In Income Statement": NaN,
        "Amortization": NaN,
        "Amortization Of Intangibles Income Statement": NaN,
        "Selling General And Administration": NaN,
        "Gross Profit": NaN,
        "Cost Of Revenue": NaN,
        "Total Revenue": NaN,
        "Operating Revenue": NaN
    },
    "2023-12-31": {
        "Tax Effect Of Unusual Items": NaN,
        "Tax Rate For Calcs": NaN,
        "Normalized EBITDA": NaN,
        "Net Income From Continuing Operation Net Minority Interest": NaN,
        "Reconciled Depreciation": NaN,
        "Reconciled Cost Of Revenue": NaN,
        "EBITDA": NaN,
        "EBIT": NaN,
        "Net Interest Income": NaN,
        "Normalized Income": NaN,
        "Net Income From Continuing And Discontinued Operation": NaN,
        "Total Expenses": NaN,
        "Total Operating Income As Reported": NaN,
        "Diluted Average Shares": NaN,
        "Basic Average Shares": NaN,
        "Diluted EPS": NaN,
        "Basic EPS": NaN,
        "Diluted NI Availto Com Stockholders": NaN,
        "Net Income Common Stockholders": NaN,
        "Preferred Stock Dividends": NaN,
        "Net Income": NaN,
        "Net Income Including Noncontrolling Interests": NaN,
        "Net Income Discontinuous Operations": -80000.0,
        "Net Income Continuous Operations": NaN,
        "Tax Provision": NaN,
        "Pretax Income": NaN,
        "Other Income Expense": NaN,
        "Other Non Operating Income Expenses": NaN,
        "Net Non Operating Interest Income Expense": NaN,
        "Total Other Finance Cost": NaN,
        "Operating Income": NaN,
        "Operating Expense": NaN,
        "Depreciation Amortization Depletion Income Statement": NaN,
        "Depreciation And Amortization In Income Statement": NaN,
        "Amortization": NaN,
        "Amortization Of Intangibles Income Statement": NaN,
        "Selling General And Administration": NaN,
        "Gross Profit": NaN,
        "Cost Of Revenue": NaN,
        "Total Revenue": NaN,
        "Operating Revenue": NaN
    },
    "2024-03-31": {
        "Tax Effect Of Unusual Items": NaN,
        "Tax Rate For Calcs": NaN,
        "Normalized EBITDA": NaN,
        "Net Income From Continuing Operation Net Minority Interest": NaN,
        "Reconciled Depreciation": NaN,
        "Reconciled Cost Of Revenue": NaN,
        "EBITDA": NaN,
        "EBIT": NaN,
        "Net Interest Income": NaN,
        "Normalized Income": NaN,
        "Net Income From Continuing And Discontinued Operation": NaN,
        "Total Expenses": NaN,
        "Total Operating Income As Reported": -2962000.0,
        "Diluted Average Shares": NaN,
        "Basic Average Shares": NaN,
        "Diluted EPS": NaN,
        "Basic EPS": NaN,
        "Diluted NI Availto Com Stockholders": NaN,
        "Net Income Common Stockholders": NaN,
        "Preferred Stock Dividends": NaN,
        "Net Income": NaN,
        "Net Income Including Noncontrolling Interests": NaN,
        "Net Income Discontinuous Operations": 0.0,
        "Net Income Continuous Operations": NaN,
        "Tax Provision": NaN,
        "Pretax Income": NaN,
        "Other Income Expense": NaN,
        "Other Non Operating Income Expenses": NaN,
        "Net Non Operating Interest Income Expense": NaN,
        "Total Other Finance Cost": NaN,
        "Operating Income": NaN,
        "Operating Expense": NaN,
        "Depreciation Amortization Depletion Income Statement": NaN,
        "Depreciation And Amortization In Income Statement": NaN,
        "Amortization": NaN,
        "Amortization Of Intangibles Income Statement": NaN,
        "Selling General And Administration": NaN,
        "Gross Profit": NaN,
        "Cost Of Revenue": NaN,
        "Total Revenue": NaN,
        "Operating Revenue": NaN
    },
    "2024-06-30": {
        "Tax Effect Of Unusual Items": 0.0,
        "Tax Rate For Calcs": 0.21,
        "Normalized EBITDA": 100000.0,
        "Net Income From Continuing Operation Net Minority Interest": -441000.0,
        "Reconciled Depreciation": 287000.0,
        "Reconciled Cost Of Revenue": 18097000.0,
        "EBITDA": 100000.0,
        "EBIT": -187000.0,
        "Net Interest Income": 94000.0,
        "Interest Income": 94000.0,
        "Normalized Income": -441000.0,
        "Net Income From Continuing And Discontinued Operation": -441000.0,
        "Total Expenses": 35899000.0,
        "Total Operating Income As Reported": -187000.0,
        "Diluted Average Shares": NaN,
        "Basic Average Shares": NaN,
        "Diluted EPS": NaN,
        "Basic EPS": NaN,
        "Diluted NI Availto Com Stockholders": -441000.0,
        "Net Income Common Stockholders": -441000.0,
        "Net Income": -441000.0,
        "Net Income Including Noncontrolling Interests": -441000.0,
        "Net Income Continuous Operations": -441000.0,
        "Tax Provision": 253000.0,
        "Pretax Income": -188000.0,
        "Other Income Expense": -95000.0,
        "Other Non Operating Income Expenses": -95000.0,
        "Net Non Operating Interest Income Expense": 94000.0,
        "Interest Income Non Operating": 94000.0,
        "Operating Income": -187000.0,
        "Operating Expense": 17802000.0,
        "Depreciation Amortization Depletion Income Statement": 287000.0,
        "Depreciation And Amortization In Income Statement": 287000.0,
        "Selling General And Administration": 17515000.0,
        "Selling And Marketing Expense": 778000.0,
        "General And Administrative Expense": 16737000.0,
        "Other Gand A": 2412000.0,
        "Salaries And Wages": 14325000.0,
        "Gross Profit": 17615000.0,
        "Cost Of Revenue": 18097000.0,
        "Total Revenue": 35712000.0,
        "Operating Revenue": 35712000.0
    },
    "2024-09-30": {
        "Tax Effect Of Unusual Items": 0.0,
        "Tax Rate For Calcs": 0.21,
        "Normalized EBITDA": -99000.0,
        "Net Income From Continuing Operation Net Minority Interest": -846000.0,
        "Reconciled Depreciation": 358000.0,
        "Reconciled Cost Of Revenue": 18250000.0,
        "EBITDA": -99000.0,
        "EBIT": -457000.0,
        "Net Interest Income": 93000.0,
        "Interest Income": 93000.0,
        "Normalized Income": -846000.0,
        "Net Income From Continuing And Discontinued Operation": -846000.0,
        "Total Expenses": 37310000.0,
        "Total Operating Income As Reported": -457000.0,
        "Diluted Average Shares": 2975000.0,
        "Basic Average Shares": 2975000.0,
        "Diluted EPS": -0.28,
        "Basic EPS": -0.28,
        "Diluted NI Availto Com Stockholders": -846000.0,
        "Net Income Common Stockholders": -846000.0,
        "Preferred Stock Dividends": NaN,
        "Net Income": -846000.0,
        "Net Income Including Noncontrolling Interests": -846000.0,
        "Net Income Continuous Operations": -846000.0,
        "Tax Provision": 298000.0,
        "Pretax Income": -548000.0,
        "Other Income Expense": -184000.0,
        "Other Non Operating Income Expenses": -184000.0,
        "Net Non Operating Interest Income Expense": 93000.0,
        "Interest Income Non Operating": 93000.0,
        "Operating Income": -457000.0,
        "Operating Expense": 19060000.0,
        "Depreciation Amortization Depletion Income Statement": 358000.0,
        "Depreciation And Amortization In Income Statement": 358000.0,
        "Selling General And Administration": 18702000.0,
        "Selling And Marketing Expense": 971000.0,
        "General And Administrative Expense": 17731000.0,
        "Other Gand A": 2823000.0,
        "Salaries And Wages": 14908000.0,
        "Gross Profit": 18603000.0,
        "Cost Of Revenue": 18250000.0,
        "Total Revenue": 36853000.0,
        "Operating Revenue": 36853000.0
    },
    "2024-12-31": {
        "Tax Effect Of Unusual Items": 0.0,
        "Tax Rate For Calcs": 0.21,
        "Normalized EBITDA": 194000.0,
        "Net Income From Continuing Operation Net Minority Interest": -585000.0,
        "Reconciled Depreciation": 319000.0,
        "Reconciled Cost Of Revenue": 15996000.0,
        "EBITDA": 194000.0,
        "EBIT": -125000.0,
        "Net Interest Income": 80000.0,
        "Interest Income": 80000.0,
        "Normalized Income": -585000.0,
        "Net Income From Continuing And Discontinued Operation": -585000.0,
        "Total Expenses": 33725000.0,
        "Total Operating Income As Reported": -125000.0,
        "Diluted Average Shares": 2974000.0,
        "Basic Average Shares": 2974000.0,
        "Diluted EPS": -0.2,
        "Basic EPS": -0.2,
        "Diluted NI Availto Com Stockholders": -585000.0,
        "Net Income Common Stockholders": -585000.0,
        "Preferred Stock Dividends": NaN,
        "Net Income": -585000.0,
        "Net Income Including Noncontrolling Interests": -585000.0,
        "Net Income Continuous Operations": -585000.0,
        "Tax Provision": 837000.0,
        "Pretax Income": 252000.0,
        "Other Income Expense": 297000.0,
        "Other Non Operating Income Expenses": 297000.0,
        "Net Non Operating Interest Income Expense": 80000.0,
        "Interest Income Non Operating": 80000.0,
        "Operating Income": -125000.0,
        "Operating Expense": 17729000.0,
        "Depreciation Amortization Depletion Income Statement": 319000.0,
        "Depreciation And Amortization In Income Statement": 319000.0,
        "Selling General And Administration": 17410000.0,
        "Selling And Marketing Expense": 961000.0,
        "General And Administrative Expense": 16449000.0,
        "Other Gand A": 2539000.0,
        "Salaries And Wages": 13910000.0,
        "Gross Profit": 17604000.0,
        "Cost Of Revenue": 15996000.0,
        "Total Revenue": 33600000.0,
        "Operating Revenue": 33600000.0
    },
    "2025-03-31": {
        "Tax Effect Of Unusual Items": 0.0,
        "Tax Rate For Calcs": 0.21,
        "Normalized EBITDA": -1441000.0,
        "Net Income From Continuing Operation Net Minority Interest": -1756000.0,
        "Reconciled Depreciation": 283000.0,
        "Reconciled Cost Of Revenue": 15468000.0,
        "EBITDA": -1441000.0,
        "EBIT": -1724000.0,
        "Net Interest Income": 71000.0,
        "Interest Income": 71000.0,
        "Normalized Income": -1756000.0,
        "Net Income From Continuing And Discontinued Operation": -1756000.0,
        "Total Expenses": 33590000.0,
        "Total Operating Income As Reported": -1724000.0,
        "Diluted Average Shares": 2985000.0,
        "Basic Average Shares": 2985000.0,
        "Diluted EPS": -0.59,
        "Basic EPS": -0.59,
        "Diluted NI Availto Com Stockholders": -1756000.0,
        "Net Income Common Stockholders": -1756000.0,
        "Preferred Stock Dividends": NaN,
        "Net Income": -1756000.0,
        "Net Income Including Noncontrolling Interests": -1756000.0,
        "Net Income Continuous Operations": -1756000.0,
        "Tax Provision": 32000.0,
        "Pretax Income": -1724000.0,
        "Other Income Expense": -71000.0,
        "Other Non Operating Income Expenses": -71000.0,
        "Net Non Operating Interest Income Expense": 71000.0,
        "Interest Income Non Operating": 71000.0,
        "Operating Income": -1724000.0,
        "Operating Expense": 18122000.0,
        "Depreciation Amortization Depletion Income Statement": 283000.0,
        "Depreciation And Amortization In Income Statement": 283000.0,
        "Selling General And Administration": 17839000.0,
        "Selling And Marketing Expense": 930000.0,
        "General And Administrative Expense": 16909000.0,
        "Other Gand A": 2564000.0,
        "Salaries And Wages": 14345000.0,
        "Gross Profit": 16398000.0,
        "Cost Of Revenue": 15468000.0,
        "Total Revenue": 31866000.0,
        "Operating Revenue": 31866000.0
    },
    "2025-06-30": {
        "Tax Effect Of Unusual Items": 0.0,
        "Tax Rate For Calcs": 0.21,
        "Normalized EBITDA": 34000.0,
        "Net Income From Continuing Operation Net Minority Interest": -688000.0,
        "Reconciled Depreciation": 245000.0,
        "Reconciled Cost Of Revenue": 16906000.0,
        "EBITDA": 34000.0,
        "EBIT": -211000.0,
        "Net Interest Income": 54000.0,
        "Interest Income": 54000.0,
        "Normalized Income": -688000.0,
        "Net Income From Continuing And Discontinued Operation": -688000.0,
        "Total Expenses": 35752000.0,
        "Total Operating Income As Reported": -211000.0,
        "Diluted Average Shares": 2995000.0,
        "Basic Average Shares": 2995000.0,
        "Diluted EPS": -0.23,
        "Basic EPS": -0.23,
        "Diluted NI Availto Com Stockholders": -688000.0,
        "Net Income Common Stockholders": -688000.0,
        "Preferred Stock Dividends": NaN,
        "Net Income": -688000.0,
        "Net Income Including Noncontrolling Interests": -688000.0,
        "Net Income Continuous Operations": -688000.0,
        "Tax Provision": 345000.0,
        "Pretax Income": -343000.0,
        "Other Income Expense": -186000.0,
        "Other Non Operating Income Expenses": -186000.0,
        "Net Non Operating Interest Income Expense": 54000.0,
        "Interest Income Non Operating": 54000.0,
        "Operating Income": -211000.0,
        "Operating Expense": 18846000.0,
        "Depreciation Amortization Depletion Income Statement": 245000.0,
        "Depreciation And Amortization In Income Statement": 245000.0,
        "Selling General And Administration": 18601000.0,
        "Selling And Marketing Expense": 971000.0,
        "General And Administrative Expense": 17630000.0,
        "Other Gand A": 2793000.0,
        "Salaries And Wages": 14837000.0,
        "Gross Profit": 18635000.0,
        "Cost Of Revenue": 16906000.0,
        "Total Revenue": 35541000.0,
        "Operating Revenue": 35541000.0
    },
    "2025-09-30": {
        "Tax Effect Of Unusual Items": 0.0,
        "Tax Rate For Calcs": 0.21,
        "Normalized EBITDA": -978000.0,
        "Net Income From Continuing Operation Net Minority Interest": -1764000.0,
        "Reconciled Depreciation": 666000.0,
        "Reconciled Cost Of Revenue": 27070000.0,
        "EBITDA": -978000.0,
        "EBIT": -1644000.0,
        "Net Interest Income": 81000.0,
        "Interest Income": 81000.0,
        "Normalized Income": -1764000.0,
        "Net Income From Continuing And Discontinued Operation": -1764000.0,
        "Total Expenses": 49603000.0,
        "Total Operating Income As Reported": -1644000.0,
        "Diluted Average Shares": 3263000.0,
        "Basic Average Shares": 3263000.0,
        "Diluted EPS": -0.56,
        "Basic EPS": -0.56,
        "Diluted NI Availto Com Stockholders": -1831000.0,
        "Net Income Common Stockholders": -1831000.0,
        "Preferred Stock Dividends": 67000.0,
        "Net Income": -1764000.0,
        "Net Income Including Noncontrolling Interests": -1764000.0,
        "Net Income Continuous Operations": -1764000.0,
        "Tax Provision": 249000.0,
        "Pretax Income": -1515000.0,
        "Other Income Expense": 48000.0,
        "Other Non Operating Income Expenses": 48000.0,
        "Net Non Operating Interest Income Expense": 81000.0,
        "Interest Income Non Operating": 81000.0,
        "Operating Income": -1644000.0,
        "Operating Expense": 22271000.0,
        "Depreciation Amortization Depletion Income Statement": 404000.0,
        "Depreciation And Amortization In Income Statement": 404000.0,
        "Selling General And Administration": 21867000.0,
        "Selling And Marketing Expense": 913000.0,
        "General And Administrative Expense": 20954000.0,
        "Other Gand A": 4819000.0,
        "Salaries And Wages": 16135000.0,
        "Gross Profit": 20627000.0,
        "Cost Of Revenue": 27332000.0,
        "Total Revenue": 47959000.0,
        "Operating Revenue": 47959000.0
    }
}