{
    "2023-06-30": {
        "Tax Effect Of Unusual Items": NaN,
        "Tax Rate For Calcs": NaN,
        "Normalized EBITDA": NaN,
        "Total Unusual Items": NaN,
        "Total Unusual Items Excluding Goodwill": NaN,
        "Net Income From Continuing Operation Net Minority Interest": NaN,
        "Reconciled Depreciation": NaN,
        "Reconciled Cost Of Revenue": NaN,
        "EBITDA": NaN,
        "EBIT": NaN,
        "Net Interest Income": NaN,
        "Interest Expense": NaN,
        "Interest Income": NaN,
        "Normalized Income": NaN,
        "Net Income From Continuing And Discontinued Operation": NaN,
        "Total Expenses": NaN,
        "Total Operating Income As Reported": NaN,
        "Diluted Average Shares": NaN,
        "Basic Average Shares": NaN,
        "Diluted EPS": NaN,
        "Basic EPS": NaN,
        "Diluted NI Availto Com Stockholders": NaN,
        "Net Income Common Stockholders": NaN,
        "Net Income": NaN,
        "Net Income Including Noncontrolling Interests": NaN,
        "Net Income Continuous Operations": NaN,
        "Tax Provision": NaN,
        "Pretax Income": NaN,
        "Other Income Expense": NaN,
        "Other Non Operating Income Expenses": NaN,
        "Special Income Charges": NaN,
        "Other Special Charges": 17000000.0,
        "Restructuring And Mergern Acquisition": NaN,
        "Net Non Operating Interest Income Expense": NaN,
        "Interest Expense Non Operating": NaN,
        "Interest Income Non Operating": NaN,
        "Operating Income": NaN,
        "Operating Expense": NaN,
        "Depreciation Amortization Depletion Income Statement": 0.0,
        "Depreciation And Amortization In Income Statement": 0.0,
        "Amortization": 0.0,
        "Amortization Of Intangibles Income Statement": 0.0,
        "Research And Development": NaN,
        "Selling General And Administration": NaN,
        "Gross Profit": NaN,
        "Cost Of Revenue": NaN,
        "Total Revenue": NaN,
        "Operating Revenue": NaN
    },
    "2023-03-31": {
        "Tax Effect Of Unusual Items": NaN,
        "Tax Rate For Calcs": NaN,
        "Normalized EBITDA": NaN,
        "Total Unusual Items": NaN,
        "Total Unusual Items Excluding Goodwill": NaN,
        "Net Income From Continuing Operation Net Minority Interest": NaN,
        "Reconciled Depreciation": NaN,
        "Reconciled Cost Of Revenue": NaN,
        "EBITDA": NaN,
        "EBIT": NaN,
        "Net Interest Income": NaN,
        "Interest Expense": NaN,
        "Interest Income": NaN,
        "Normalized Income": NaN,
        "Net Income From Continuing And Discontinued Operation": NaN,
        "Total Expenses": NaN,
        "Total Operating Income As Reported": NaN,
        "Diluted Average Shares": NaN,
        "Basic Average Shares": NaN,
        "Diluted EPS": NaN,
        "Basic EPS": NaN,
        "Diluted NI Availto Com Stockholders": NaN,
        "Net Income Common Stockholders": NaN,
        "Net Income": NaN,
        "Net Income Including Noncontrolling Interests": NaN,
        "Net Income Continuous Operations": NaN,
        "Tax Provision": NaN,
        "Pretax Income": NaN,
        "Other Income Expense": NaN,
        "Other Non Operating Income Expenses": NaN,
        "Special Income Charges": NaN,
        "Other Special Charges": 297000000.0,
        "Restructuring And Mergern Acquisition": NaN,
        "Net Non Operating Interest Income Expense": NaN,
        "Interest Expense Non Operating": NaN,
        "Interest Income Non Operating": NaN,
        "Operating Income": NaN,
        "Operating Expense": NaN,
        "Depreciation Amortization Depletion Income Statement": NaN,
        "Depreciation And Amortization In Income Statement": NaN,
        "Amortization": NaN,
        "Amortization Of Intangibles Income Statement": NaN,
        "Research And Development": NaN,
        "Selling General And Administration": NaN,
        "Gross Profit": NaN,
        "Cost Of Revenue": NaN,
        "Total Revenue": NaN,
        "Operating Revenue": NaN
    },
    "2022-12-31": {
        "Tax Effect Of Unusual Items": NaN,
        "Tax Rate For Calcs": NaN,
        "Normalized EBITDA": NaN,
        "Total Unusual Items": NaN,
        "Total Unusual Items Excluding Goodwill": NaN,
        "Net Income From Continuing Operation Net Minority Interest": NaN,
        "Reconciled Depreciation": NaN,
        "Reconciled Cost Of Revenue": NaN,
        "EBITDA": NaN,
        "EBIT": NaN,
        "Net Interest Income": NaN,
        "Interest Expense": NaN,
        "Interest Income": NaN,
        "Normalized Income": NaN,
        "Net Income From Continuing And Discontinued Operation": NaN,
        "Total Expenses": NaN,
        "Total Operating Income As Reported": NaN,
        "Diluted Average Shares": NaN,
        "Basic Average Shares": NaN,
        "Diluted EPS": NaN,
        "Basic EPS": NaN,
        "Diluted NI Availto Com Stockholders": NaN,
        "Net Income Common Stockholders": NaN,
        "Net Income": NaN,
        "Net Income Including Noncontrolling Interests": NaN,
        "Net Income Continuous Operations": NaN,
        "Tax Provision": NaN,
        "Pretax Income": NaN,
        "Other Income Expense": NaN,
        "Other Non Operating Income Expenses": NaN,
        "Special Income Charges": NaN,
        "Other Special Charges": -204000000.0,
        "Restructuring And Mergern Acquisition": NaN,
        "Net Non Operating Interest Income Expense": NaN,
        "Interest Expense Non Operating": NaN,
        "Interest Income Non Operating": NaN,
        "Operating Income": NaN,
        "Operating Expense": NaN,
        "Depreciation Amortization Depletion Income Statement": NaN,
        "Depreciation And Amortization In Income Statement": NaN,
        "Amortization": NaN,
        "Amortization Of Intangibles Income Statement": NaN,
        "Research And Development": NaN,
        "Selling General And Administration": NaN,
        "Selling And Marketing Expense": 125000000.0,
        "Gross Profit": NaN,
        "Cost Of Revenue": NaN,
        "Total Revenue": NaN,
        "Operating Revenue": NaN
    },
    "2022-09-30": {
        "Tax Effect Of Unusual Items": -1530000.0,
        "Tax Rate For Calcs": 0.17,
        "Normalized EBITDA": 242000000.0,
        "Total Unusual Items": -9000000.0,
        "Total Unusual Items Excluding Goodwill": -9000000.0,
        "Net Income From Continuing Operation Net Minority Interest": 29000000.0,
        "Reconciled Depreciation": 135000000.0,
        "Reconciled Cost Of Revenue": 1421000000.0,
        "EBITDA": 233000000.0,
        "EBIT": 98000000.0,
        "Net Interest Income": -70000000.0,
        "Interest Expense": 71000000.0,
        "Interest Income": 1000000.0,
        "Normalized Income": 36470000.0,
        "Net Income From Continuing And Discontinued Operation": 29000000.0,
        "Total Expenses": 1919000000.0,
        "Total Operating Income As Reported": 107000000.0,
        "Diluted Average Shares": 210000000.0,
        "Basic Average Shares": 208000000.0,
        "Diluted EPS": 0.14,
        "Basic EPS": 0.14,
        "Diluted NI Availto Com Stockholders": 29000000.0,
        "Net Income Common Stockholders": 29000000.0,
        "Net Income": 29000000.0,
        "Net Income Including Noncontrolling Interests": 29000000.0,
        "Net Income Continuous Operations": 29000000.0,
        "Tax Provision": -2000000.0,
        "Pretax Income": 27000000.0,
        "Other Income Expense": -19000000.0,
        "Other Non Operating Income Expenses": -10000000.0,
        "Special Income Charges": -9000000.0,
        "Other Special Charges": NaN,
        "Restructuring And Mergern Acquisition": 9000000.0,
        "Gain On Sale Of Security": NaN,
        "Net Non Operating Interest Income Expense": -70000000.0,
        "Interest Expense Non Operating": 71000000.0,
        "Interest Income Non Operating": 1000000.0,
        "Operating Income": 116000000.0,
        "Operating Expense": 366000000.0,
        "Depreciation Amortization Depletion Income Statement": 3000000.0,
        "Depreciation And Amortization In Income Statement": 3000000.0,
        "Amortization": 3000000.0,
        "Amortization Of Intangibles Income Statement": 3000000.0,
        "Research And Development": 234000000.0,
        "Selling General And Administration": 129000000.0,
        "Selling And Marketing Expense": NaN,
        "Gross Profit": 482000000.0,
        "Cost Of Revenue": 1553000000.0,
        "Total Revenue": 2035000000.0,
        "Operating Revenue": 2035000000.0
    },
    "2022-06-30": {
        "Tax Effect Of Unusual Items": -17793.594306,
        "Tax Rate For Calcs": 0.017794,
        "Normalized EBITDA": 474000000.0,
        "Total Unusual Items": -1000000.0,
        "Total Unusual Items Excluding Goodwill": -1000000.0,
        "Net Income From Continuing Operation Net Minority Interest": 276000000.0,
        "Reconciled Depreciation": 127000000.0,
        "Reconciled Cost Of Revenue": 1744000000.0,
        "EBITDA": 473000000.0,
        "EBIT": 346000000.0,
        "Net Interest Income": -64000000.0,
        "Interest Expense": 65000000.0,
        "Interest Income": 1000000.0,
        "Normalized Income": 276982206.405694,
        "Net Income From Continuing And Discontinued Operation": 276000000.0,
        "Total Expenses": 2267000000.0,
        "Total Operating Income As Reported": 360000000.0,
        "Diluted Average Shares": 217000000.0,
        "Basic Average Shares": 213000000.0,
        "Diluted EPS": 1.27,
        "Basic EPS": 1.3,
        "Diluted NI Availto Com Stockholders": 276000000.0,
        "Net Income Common Stockholders": 276000000.0,
        "Net Income": 276000000.0,
        "Net Income Including Noncontrolling Interests": 276000000.0,
        "Net Income Continuous Operations": 276000000.0,
        "Tax Provision": 5000000.0,
        "Pretax Income": 281000000.0,
        "Other Income Expense": -16000000.0,
        "Other Non Operating Income Expenses": -15000000.0,
        "Special Income Charges": -1000000.0,
        "Other Special Charges": NaN,
        "Restructuring And Mergern Acquisition": 1000000.0,
        "Gain On Sale Of Security": NaN,
        "Net Non Operating Interest Income Expense": -64000000.0,
        "Interest Expense Non Operating": 65000000.0,
        "Interest Income Non Operating": 1000000.0,
        "Operating Income": 361000000.0,
        "Operating Expense": 398000000.0,
        "Depreciation Amortization Depletion Income Statement": 2000000.0,
        "Depreciation And Amortization In Income Statement": 2000000.0,
        "Amortization": 2000000.0,
        "Amortization Of Intangibles Income Statement": 2000000.0,
        "Research And Development": 247000000.0,
        "Selling General And Administration": 149000000.0,
        "Selling And Marketing Expense": NaN,
        "Gross Profit": 759000000.0,
        "Cost Of Revenue": 1869000000.0,
        "Total Revenue": 2628000000.0,
        "Operating Revenue": 2628000000.0
    },
    "2022-03-31": {
        "Diluted EPS": 1.56,
        "Total Revenue": NaN,
        "Gross Profit": 806,
        "Operating Income": 429,
        "EBIT": 541,
        "Net Income": 346
    },
    "2021-12-31": {
        "Diluted EPS": 2.23,
        "Total Revenue": NaN,
        "Gross Profit": 948,
        "Operating Income": 580,
        "EBIT": 688,
        "Net Income": 501
    },
    "2021-09-30": {
        "Diluted EPS": 2.28,
        "Total Revenue": NaN,
        "Gross Profit": 956,
        "Operating Income": 586,
        "EBIT": 690,
        "Net Income": 526
    },
    "2021-06-30": {
        "Diluted EPS": 1.99,
        "Total Revenue": NaN,
        "Gross Profit": 885,
        "Operating Income": 507,
        "EBIT": 610,
        "Net Income": 482
    },
    "2021-03-31": {
        "Diluted EPS": 1.39,
        "Total Revenue": NaN,
        "Gross Profit": 740,
        "Operating Income": 386,
        "EBIT": 485,
        "Net Income": 329
    },
    "2020-12-31": {
        "Diluted EPS": 1.12,
        "Total Revenue": NaN,
        "Gross Profit": 696,
        "Operating Income": 348,
        "EBIT": 444,
        "Net Income": 280
    },
    "2020-09-30": {
        "Diluted EPS": 0.86,
        "Total Revenue": NaN,
        "Gross Profit": 596,
        "Operating Income": 251,
        "EBIT": 350,
        "Net Income": 223
    },
    "2020-06-30": {
        "Diluted EPS": 0.63,
        "Total Revenue": NaN,
        "Gross Profit": 667,
        "Operating Income": 267,
        "EBIT": 367,
        "Net Income": 166
    },
    "2020-03-31": {
        "Diluted EPS": 1.22,
        "Total Revenue": NaN,
        "Gross Profit": 746,
        "Operating Income": 376,
        "EBIT": 470,
        "Net Income": 320
    },
    "2019-12-31": {
        "Diluted EPS": 1.2,
        "Total Revenue": NaN,
        "Gross Profit": 758,
        "Operating Income": 384,
        "EBIT": 477,
        "Net Income": 318
    },
    "2019-09-30": {
        "Diluted EPS": 0.74,
        "Total Revenue": NaN,
        "Gross Profit": 671,
        "Operating Income": 273,
        "EBIT": 365,
        "Net Income": 200
    },
    "2019-06-30": {
        "Diluted EPS": 3.49,
        "Total Revenue": NaN,
        "Gross Profit": 624,
        "Operating Income": 332,
        "EBIT": 466,
        "Net Income": 983
    },
    "2019-03-31": {
        "Diluted EPS": 0.69,
        "Total Revenue": NaN,
        "Gross Profit": 601,
        "Operating Income": 236,
        "EBIT": 371,
        "Net Income": 195
    },
    "2018-12-31": {
        "Diluted EPS": 1.34,
        "Total Revenue": NaN,
        "Gross Profit": 794,
        "Operating Income": 416,
        "EBIT": 554,
        "Net Income": 384
    },
    "2018-09-30": {
        "Diluted EPS": 1.54,
        "Total Revenue": NaN,
        "Gross Profit": 913,
        "Operating Income": 503,
        "EBIT": 637,
        "Net Income": 450
    },
    "2018-06-30": {
        "Diluted EPS": 1.57,
        "Total Revenue": NaN,
        "Gross Profit": 904,
        "Operating Income": 505,
        "EBIT": 642,
        "Net Income": 461
    },
    "2018-03-31": {
        "Diluted EPS": 1.31,
        "Total Revenue": NaN,
        "Gross Profit": 847,
        "Operating Income": 441,
        "EBIT": 584,
        "Net Income": 381
    },
    "2017-12-31": {
        "Diluted EPS": 0.55,
        "Total Revenue": NaN,
        "Gross Profit": 877,
        "Operating Income": 433,
        "EBIT": 590,
        "Net Income": 159
    },
    "2017-09-30": {
        "Diluted EPS": 0.62,
        "Total Revenue": NaN,
        "Gross Profit": 736,
        "Operating Income": 255,
        "EBIT": 416,
        "Net Income": 181
    },
    "2017-06-30": {
        "Diluted EPS": 0.38,
        "Total Revenue": NaN,
        "Gross Profit": 666,
        "Operating Income": 197,
        "EBIT": 373,
        "Net Income": 114
    },
    "2017-03-31": {
        "Diluted EPS": 0.65,
        "Total Revenue": NaN,
        "Gross Profit": 816,
        "Operating Income": 266,
        "EBIT": 448,
        "Net Income": 194
    },
    "2016-12-31": {
        "Diluted EPS": 1.0,
        "Total Revenue": NaN,
        "Gross Profit": 891,
        "Operating Income": 370,
        "EBIT": 561,
        "Net Income": 297
    },
    "2016-09-30": {
        "Diluted EPS": 0.55,
        "Total Revenue": NaN,
        "Gross Profit": 801,
        "Operating Income": 221,
        "EBIT": 421,
        "Net Income": 167
    },
    "2016-06-30": {
        "Diluted EPS": 0.23,
        "Total Revenue": NaN,
        "Gross Profit": 661,
        "Operating Income": 103,
        "EBIT": 329,
        "Net Income": 70
    },
    "2016-03-31": {
        "Diluted EPS": -0.07,
        "Total Revenue": NaN,
        "Gross Profit": 524,
        "Operating Income": 27,
        "EBIT": 225,
        "Net Income": -21
    },
    "2015-12-31": {
        "Diluted EPS": 0.55,
        "Total Revenue": NaN,
        "Gross Profit": 741,
        "Operating Income": 229,
        "EBIT": 438,
        "Net Income": 165
    },
    "2015-09-30": {
        "Diluted EPS": 0.11,
        "Total Revenue": NaN,
        "Gross Profit": 689,
        "Operating Income": 86,
        "EBIT": 294,
        "Net Income": 34
    },
    "2015-06-30": {
        "Diluted EPS": 0.47,
        "Total Revenue": NaN,
        "Gross Profit": 776,
        "Operating Income": 206,
        "EBIT": 418,
        "Net Income": 137
    },
    "2015-03-31": {
        "Diluted EPS": 0.88,
        "Total Revenue": NaN,
        "Gross Profit": 955,
        "Operating Income": 343,
        "EBIT": 546,
        "Net Income": 291
    },
    "2014-12-31": {
        "Diluted EPS": 2.78,
        "Total Revenue": NaN,
        "Gross Profit": NaN,
        "Operating Income": NaN,
        "EBIT": NaN,
        "Net Income": 933
    },
    "2014-09-30": {
        "Diluted EPS": 1.13,
        "Total Revenue": NaN,
        "Gross Profit": NaN,
        "Operating Income": 456,
        "EBIT": 674,
        "Net Income": 381
    },
    "2014-06-30": {
        "Diluted EPS": 0.95,
        "Total Revenue": NaN,
        "Gross Profit": 925,
        "Operating Income": 410,
        "EBIT": 621,
        "Net Income": 320
    },
    "2014-03-31": {
        "Diluted EPS": 1.17,
        "Total Revenue": NaN,
        "Gross Profit": 959,
        "Operating Income": 444,
        "EBIT": 655,
        "Net Income": 395
    },
    "2013-12-31": {
        "Diluted EPS": 1.24,
        "Total Revenue": NaN,
        "Gross Profit": 987,
        "Operating Income": 444,
        "EBIT": 673,
        "Net Income": 428
    },
    "2013-09-30": {
        "Diluted EPS": 1.16,
        "Total Revenue": NaN,
        "Gross Profit": 975,
        "Operating Income": 478,
        "EBIT": 706,
        "Net Income": 427
    },
    "2013-06-30": {
        "Diluted EPS": 0.96,
        "Total Revenue": NaN,
        "Gross Profit": 939,
        "Operating Income": 447,
        "EBIT": 669,
        "Net Income": 348
    },
    "2013-03-31": {
        "Diluted EPS": 1.13,
        "Total Revenue": NaN,
        "Gross Profit": 948,
        "Operating Income": 465,
        "EBIT": 686,
        "Net Income": 416
    },
    "2012-12-31": {
        "Diluted EPS": 1.3,
        "Total Revenue": NaN,
        "Gross Profit": 992,
        "Operating Income": 555,
        "EBIT": 773,
        "Net Income": 492
    },
    "2012-09-30": {
        "Diluted EPS": 1.42,
        "Total Revenue": NaN,
        "Gross Profit": NaN,
        "Operating Income": 624,
        "EBIT": 836,
        "Net Income": 582
    },
    "2012-06-30": {
        "Diluted EPS": 2.41,
        "Total Revenue": NaN,
        "Gross Profit": NaN,
        "Operating Income": NaN,
        "EBIT": NaN,
        "Net Income": NaN
    },
    "2012-03-31": {
        "Diluted EPS": 2.48,
        "Total Revenue": NaN,
        "Gross Profit": NaN,
        "Operating Income": NaN,
        "EBIT": NaN,
        "Net Income": NaN
    },
    "2011-12-31": {
        "Diluted EPS": 1.28,
        "Total Revenue": NaN,
        "Gross Profit": NaN,
        "Operating Income": 605,
        "EBIT": 796,
        "Net Income": 563
    },
    "2011-09-30": {
        "Diluted EPS": 0.32,
        "Total Revenue": NaN,
        "Gross Profit": 549,
        "Operating Income": 236,
        "EBIT": 418,
        "Net Income": 140
    },
    "2011-06-30": {
        "Diluted EPS": 0.26,
        "Total Revenue": NaN,
        "Gross Profit": 551,
        "Operating Income": 190,
        "EBIT": 377,
        "Net Income": 119
    },
    "2011-03-31": {
        "Diluted EPS": 0.21,
        "Total Revenue": NaN,
        "Gross Profit": 516,
        "Operating Income": 179,
        "EBIT": 367,
        "Net Income": 93
    },
    "2010-12-31": {
        "Diluted EPS": 0.31,
        "Total Revenue": NaN,
        "Gross Profit": 529,
        "Operating Income": 206,
        "EBIT": 396,
        "Net Income": 150
    },
    "2010-09-30": {
        "Diluted EPS": 0.31,
        "Total Revenue": NaN,
        "Gross Profit": 550,
        "Operating Income": 231,
        "EBIT": 420,
        "Net Income": 149
    },
    "2010-06-30": {
        "Diluted EPS": 0.76,
        "Total Revenue": NaN,
        "Gross Profit": 727,
        "Operating Income": 381,
        "EBIT": 570,
        "Net Income": 379
    },
    "2010-03-31": {
        "Diluted EPS": 1.0,
        "Total Revenue": NaN,
        "Gross Profit": 901,
        "Operating Income": 560,
        "EBIT": 748,
        "Net Income": 518
    },
    "2009-12-31": {
        "Diluted EPS": 1.03,
        "Total Revenue": NaN,
        "Gross Profit": 923,
        "Operating Income": 578,
        "EBIT": 770,
        "Net Income": 533
    },
    "2009-09-30": {
        "Diluted EPS": 0.35,
        "Total Revenue": NaN,
        "Gross Profit": 653,
        "Operating Income": 221,
        "EBIT": 489,
        "Net Income": 179
    },
    "2009-06-30": {
        "Diluted EPS": -0.16,
        "Total Revenue": NaN,
        "Gross Profit": 415,
        "Operating Income": -11,
        "EBIT": 213,
        "Net Income": -83
    },
    "2009-03-31": {
        "Diluted EPS": -0.56,
        "Total Revenue": NaN,
        "Gross Profit": 153,
        "Operating Income": -262,
        "EBIT": -36,
        "Net Income": -275
    },
    "2023-09-30": {
        "Tax Effect Of Unusual Items": NaN,
        "Tax Rate For Calcs": NaN,
        "Normalized EBITDA": NaN,
        "Total Unusual Items": NaN,
        "Total Unusual Items Excluding Goodwill": NaN,
        "Net Income From Continuing Operation Net Minority Interest": NaN,
        "Reconciled Depreciation": NaN,
        "Reconciled Cost Of Revenue": NaN,
        "EBITDA": NaN,
        "EBIT": NaN,
        "Net Interest Income": NaN,
        "Interest Expense": NaN,
        "Interest Income": NaN,
        "Normalized Income": NaN,
        "Net Income From Continuing And Discontinued Operation": NaN,
        "Total Expenses": NaN,
        "Total Operating Income As Reported": NaN,
        "Diluted Average Shares": NaN,
        "Basic Average Shares": NaN,
        "Diluted EPS": NaN,
        "Basic EPS": NaN,
        "Diluted NI Availto Com Stockholders": NaN,
        "Net Income Common Stockholders": NaN,
        "Net Income": NaN,
        "Net Income Including Noncontrolling Interests": NaN,
        "Net Income Continuous Operations": NaN,
        "Tax Provision": NaN,
        "Pretax Income": NaN,
        "Other Income Expense": NaN,
        "Other Non Operating Income Expenses": NaN,
        "Special Income Charges": NaN,
        "Other Special Charges": -75000000.0,
        "Restructuring And Mergern Acquisition": NaN,
        "Net Non Operating Interest Income Expense": NaN,
        "Interest Expense Non Operating": NaN,
        "Interest Income Non Operating": NaN,
        "Operating Income": NaN,
        "Operating Expense": NaN,
        "Depreciation Amortization Depletion Income Statement": 0.0,
        "Depreciation And Amortization In Income Statement": 0.0,
        "Amortization": 0.0,
        "Amortization Of Intangibles Income Statement": 0.0,
        "Research And Development": NaN,
        "Selling General And Administration": NaN,
        "Gross Profit": NaN,
        "Cost Of Revenue": NaN,
        "Total Revenue": NaN,
        "Operating Revenue": NaN
    },
    "2023-12-31": {
        "Tax Effect Of Unusual Items": NaN,
        "Tax Rate For Calcs": NaN,
        "Normalized EBITDA": NaN,
        "Total Unusual Items": NaN,
        "Total Unusual Items Excluding Goodwill": NaN,
        "Net Income From Continuing Operation Net Minority Interest": NaN,
        "Reconciled Depreciation": NaN,
        "Reconciled Cost Of Revenue": NaN,
        "EBITDA": NaN,
        "EBIT": NaN,
        "Net Interest Income": NaN,
        "Interest Expense": NaN,
        "Interest Income": NaN,
        "Normalized Income": NaN,
        "Net Income From Continuing And Discontinued Operation": NaN,
        "Total Expenses": NaN,
        "Total Operating Income As Reported": NaN,
        "Diluted Average Shares": NaN,
        "Basic Average Shares": NaN,
        "Diluted EPS": NaN,
        "Basic EPS": NaN,
        "Diluted NI Availto Com Stockholders": NaN,
        "Net Income Common Stockholders": NaN,
        "Net Income": NaN,
        "Net Income Including Noncontrolling Interests": NaN,
        "Net Income Continuous Operations": NaN,
        "Tax Provision": NaN,
        "Pretax Income": NaN,
        "Other Income Expense": NaN,
        "Other Non Operating Income Expenses": NaN,
        "Special Income Charges": NaN,
        "Other Special Charges": NaN,
        "Restructuring And Mergern Acquisition": NaN,
        "Net Non Operating Interest Income Expense": NaN,
        "Interest Expense Non Operating": NaN,
        "Interest Income Non Operating": NaN,
        "Operating Income": NaN,
        "Operating Expense": NaN,
        "Depreciation Amortization Depletion Income Statement": 0.0,
        "Depreciation And Amortization In Income Statement": 0.0,
        "Amortization": 0.0,
        "Amortization Of Intangibles Income Statement": 0.0,
        "Research And Development": NaN,
        "Selling General And Administration": NaN,
        "Gross Profit": NaN,
        "Cost Of Revenue": NaN,
        "Total Revenue": NaN,
        "Operating Revenue": NaN
    },
    "2024-03-31": {
        "Tax Effect Of Unusual Items": NaN,
        "Tax Rate For Calcs": NaN,
        "Normalized EBITDA": NaN,
        "Total Unusual Items": NaN,
        "Total Unusual Items Excluding Goodwill": NaN,
        "Net Income From Continuing Operation Net Minority Interest": NaN,
        "Reconciled Depreciation": NaN,
        "Reconciled Cost Of Revenue": NaN,
        "EBITDA": NaN,
        "EBIT": NaN,
        "Net Interest Income": NaN,
        "Interest Expense": NaN,
        "Interest Income": NaN,
        "Normalized Income": NaN,
        "Net Income From Continuing And Discontinued Operation": NaN,
        "Total Expenses": NaN,
        "Total Operating Income As Reported": NaN,
        "Diluted Average Shares": NaN,
        "Basic Average Shares": NaN,
        "Diluted EPS": NaN,
        "Basic EPS": NaN,
        "Diluted NI Availto Com Stockholders": NaN,
        "Net Income Common Stockholders": NaN,
        "Net Income": NaN,
        "Net Income Including Noncontrolling Interests": NaN,
        "Net Income Continuous Operations": NaN,
        "Tax Provision": NaN,
        "Pretax Income": NaN,
        "Other Income Expense": NaN,
        "Other Non Operating Income Expenses": NaN,
        "Special Income Charges": NaN,
        "Other Special Charges": NaN,
        "Restructuring And Mergern Acquisition": NaN,
        "Net Non Operating Interest Income Expense": NaN,
        "Interest Expense Non Operating": NaN,
        "Interest Income Non Operating": NaN,
        "Operating Income": NaN,
        "Operating Expense": NaN,
        "Depreciation Amortization Depletion Income Statement": 0.0,
        "Depreciation And Amortization In Income Statement": 0.0,
        "Amortization": 0.0,
        "Amortization Of Intangibles Income Statement": 0.0,
        "Research And Development": NaN,
        "Selling General And Administration": NaN,
        "Gross Profit": NaN,
        "Cost Of Revenue": NaN,
        "Total Revenue": NaN,
        "Operating Revenue": NaN
    },
    "2024-06-30": {
        "Tax Effect Of Unusual Items": NaN,
        "Tax Rate For Calcs": NaN,
        "Normalized EBITDA": NaN,
        "Total Unusual Items": NaN,
        "Total Unusual Items Excluding Goodwill": NaN,
        "Net Income From Continuing Operation Net Minority Interest": NaN,
        "Reconciled Depreciation": NaN,
        "Reconciled Cost Of Revenue": NaN,
        "EBITDA": NaN,
        "EBIT": NaN,
        "Net Interest Income": NaN,
        "Interest Expense": NaN,
        "Interest Income": NaN,
        "Normalized Income": NaN,
        "Net Income From Continuing And Discontinued Operation": NaN,
        "Total Expenses": NaN,
        "Total Operating Income As Reported": NaN,
        "Diluted Average Shares": NaN,
        "Basic Average Shares": NaN,
        "Diluted EPS": NaN,
        "Basic EPS": NaN,
        "Diluted NI Availto Com Stockholders": NaN,
        "Net Income Common Stockholders": NaN,
        "Net Income": NaN,
        "Net Income Including Noncontrolling Interests": NaN,
        "Net Income Continuous Operations": NaN,
        "Tax Provision": NaN,
        "Pretax Income": NaN,
        "Other Income Expense": NaN,
        "Other Non Operating Income Expenses": NaN,
        "Special Income Charges": NaN,
        "Other Special Charges": 104000000.0,
        "Restructuring And Mergern Acquisition": NaN,
        "Net Non Operating Interest Income Expense": NaN,
        "Interest Expense Non Operating": NaN,
        "Interest Income Non Operating": NaN,
        "Operating Income": NaN,
        "Operating Expense": NaN,
        "Depreciation Amortization Depletion Income Statement": 0.0,
        "Depreciation And Amortization In Income Statement": 0.0,
        "Amortization": 0.0,
        "Amortization Of Intangibles Income Statement": 0.0,
        "Research And Development": NaN,
        "Selling General And Administration": NaN,
        "Gross Profit": NaN,
        "Cost Of Revenue": NaN,
        "Total Revenue": NaN,
        "Operating Revenue": NaN
    },
    "2024-09-30": {
        "Tax Effect Of Unusual Items": -34810.126582,
        "Tax Rate For Calcs": 0.03481,
        "Normalized EBITDA": 466000000.0,
        "Total Unusual Items": -1000000.0,
        "Total Unusual Items Excluding Goodwill": -1000000.0,
        "Net Income From Continuing Operation Net Minority Interest": 305000000.0,
        "Reconciled Depreciation": 64000000.0,
        "Reconciled Cost Of Revenue": 1454000000.0,
        "EBITDA": 465000000.0,
        "EBIT": 401000000.0,
        "Net Interest Income": -78000000.0,
        "Interest Expense": 85000000.0,
        "Interest Income": 7000000.0,
        "Normalized Income": 305965189.873418,
        "Net Income From Continuing And Discontinued Operation": 305000000.0,
        "Total Expenses": 1764000000.0,
        "Total Operating Income As Reported": 403000000.0,
        "Diluted Average Shares": NaN,
        "Basic Average Shares": NaN,
        "Diluted EPS": NaN,
        "Basic EPS": NaN,
        "Diluted NI Availto Com Stockholders": 305000000.0,
        "Net Income Common Stockholders": 305000000.0,
        "Net Income": 305000000.0,
        "Net Income Including Noncontrolling Interests": 305000000.0,
        "Net Income Continuous Operations": 305000000.0,
        "Tax Provision": 11000000.0,
        "Pretax Income": 316000000.0,
        "Other Income Expense": -10000000.0,
        "Other Non Operating Income Expenses": -9000000.0,
        "Special Income Charges": -1000000.0,
        "Other Special Charges": NaN,
        "Restructuring And Mergern Acquisition": 1000000.0,
        "Net Non Operating Interest Income Expense": -78000000.0,
        "Interest Expense Non Operating": 85000000.0,
        "Interest Income Non Operating": 7000000.0,
        "Operating Income": 404000000.0,
        "Operating Expense": 310000000.0,
        "Depreciation Amortization Depletion Income Statement": NaN,
        "Depreciation And Amortization In Income Statement": NaN,
        "Amortization": NaN,
        "Amortization Of Intangibles Income Statement": NaN,
        "Research And Development": 181000000.0,
        "Selling General And Administration": 129000000.0,
        "Gross Profit": 714000000.0,
        "Cost Of Revenue": 1454000000.0,
        "Total Revenue": 2168000000.0,
        "Operating Revenue": 2168000000.0
    },
    "2024-12-31": {
        "Tax Effect Of Unusual Items": -40000.0,
        "Tax Rate For Calcs": 0.04,
        "Normalized EBITDA": 498000000.0,
        "Total Unusual Items": -1000000.0,
        "Total Unusual Items Excluding Goodwill": -1000000.0,
        "Net Income From Continuing Operation Net Minority Interest": 336000000.0,
        "Reconciled Depreciation": 63000000.0,
        "Reconciled Cost Of Revenue": 1513000000.0,
        "EBITDA": 497000000.0,
        "EBIT": 434000000.0,
        "Net Interest Income": -76000000.0,
        "Interest Expense": 84000000.0,
        "Interest Income": 8000000.0,
        "Normalized Income": 336960000.0,
        "Net Income From Continuing And Discontinued Operation": 336000000.0,
        "Total Expenses": 1836000000.0,
        "Total Operating Income As Reported": 488000000.0,
        "Diluted Average Shares": 217000000.0,
        "Basic Average Shares": 212000000.0,
        "Diluted EPS": 1.55,
        "Basic EPS": 1.58,
        "Diluted NI Availto Com Stockholders": 336000000.0,
        "Net Income Common Stockholders": 336000000.0,
        "Net Income": 336000000.0,
        "Net Income Including Noncontrolling Interests": 336000000.0,
        "Net Income Continuous Operations": 336000000.0,
        "Tax Provision": 14000000.0,
        "Pretax Income": 350000000.0,
        "Other Income Expense": -63000000.0,
        "Other Non Operating Income Expenses": -62000000.0,
        "Special Income Charges": -1000000.0,
        "Other Special Charges": NaN,
        "Restructuring And Mergern Acquisition": 1000000.0,
        "Net Non Operating Interest Income Expense": -76000000.0,
        "Interest Expense Non Operating": 84000000.0,
        "Interest Income Non Operating": 8000000.0,
        "Operating Income": 489000000.0,
        "Operating Expense": 323000000.0,
        "Depreciation Amortization Depletion Income Statement": NaN,
        "Depreciation And Amortization In Income Statement": NaN,
        "Amortization": NaN,
        "Amortization Of Intangibles Income Statement": NaN,
        "Research And Development": 184000000.0,
        "Selling General And Administration": 139000000.0,
        "Gross Profit": 812000000.0,
        "Cost Of Revenue": 1513000000.0,
        "Total Revenue": 2325000000.0,
        "Operating Revenue": 2325000000.0
    },
    "2025-03-31": {
        "Tax Effect Of Unusual Items": -591549.295775,
        "Tax Rate For Calcs": 0.042254,
        "Normalized EBITDA": 509000000.0,
        "Total Unusual Items": -14000000.0,
        "Total Unusual Items Excluding Goodwill": -14000000.0,
        "Net Income From Continuing Operation Net Minority Interest": 340000000.0,
        "Reconciled Depreciation": 63000000.0,
        "Reconciled Cost Of Revenue": 1400000000.0,
        "EBITDA": 495000000.0,
        "EBIT": 432000000.0,
        "Net Interest Income": -73000000.0,
        "Interest Expense": 77000000.0,
        "Interest Income": 4000000.0,
        "Normalized Income": 353408450.704225,
        "Net Income From Continuing And Discontinued Operation": 340000000.0,
        "Total Expenses": 1719000000.0,
        "Total Operating Income As Reported": 431000000.0,
        "Diluted Average Shares": 216000000.0,
        "Basic Average Shares": 212000000.0,
        "Diluted EPS": 1.57,
        "Basic EPS": 1.6,
        "Diluted NI Availto Com Stockholders": 340000000.0,
        "Net Income Common Stockholders": 340000000.0,
        "Net Income": 340000000.0,
        "Net Income Including Noncontrolling Interests": 340000000.0,
        "Net Income Continuous Operations": 340000000.0,
        "Tax Provision": 15000000.0,
        "Pretax Income": 355000000.0,
        "Other Income Expense": -13000000.0,
        "Other Non Operating Income Expenses": 1000000.0,
        "Special Income Charges": -14000000.0,
        "Other Special Charges": 4000000.0,
        "Restructuring And Mergern Acquisition": 10000000.0,
        "Net Non Operating Interest Income Expense": -73000000.0,
        "Interest Expense Non Operating": 77000000.0,
        "Interest Income Non Operating": 4000000.0,
        "Operating Income": 441000000.0,
        "Operating Expense": 319000000.0,
        "Depreciation Amortization Depletion Income Statement": NaN,
        "Depreciation And Amortization In Income Statement": NaN,
        "Amortization": NaN,
        "Amortization Of Intangibles Income Statement": NaN,
        "Research And Development": 180000000.0,
        "Selling General And Administration": 139000000.0,
        "Gross Profit": 760000000.0,
        "Cost Of Revenue": 1400000000.0,
        "Total Revenue": 2160000000.0,
        "Operating Revenue": 2160000000.0
    },
    "2025-06-30": {
        "Tax Effect Of Unusual Items": -65040.650407,
        "Tax Rate For Calcs": 0.00813,
        "Normalized EBITDA": 636000000.0,
        "Total Unusual Items": -8000000.0,
        "Total Unusual Items Excluding Goodwill": -8000000.0,
        "Net Income From Continuing Operation Net Minority Interest": 488000000.0,
        "Reconciled Depreciation": 61000000.0,
        "Reconciled Cost Of Revenue": 1530000000.0,
        "EBITDA": 628000000.0,
        "EBIT": 567000000.0,
        "Net Interest Income": -69000000.0,
        "Interest Expense": 75000000.0,
        "Interest Income": 6000000.0,
        "Normalized Income": 495934959.349593,
        "Net Income From Continuing And Discontinued Operation": 488000000.0,
        "Total Expenses": 1863000000.0,
        "Total Operating Income As Reported": 568000000.0,
        "Diluted Average Shares": 218000000.0,
        "Basic Average Shares": 212000000.0,
        "Diluted EPS": 2.24,
        "Basic EPS": 2.3,
        "Diluted NI Availto Com Stockholders": 488000000.0,
        "Net Income Common Stockholders": 488000000.0,
        "Net Income": 488000000.0,
        "Net Income Including Noncontrolling Interests": 488000000.0,
        "Net Income Continuous Operations": 488000000.0,
        "Tax Provision": 4000000.0,
        "Pretax Income": 492000000.0,
        "Other Income Expense": -20000000.0,
        "Other Non Operating Income Expenses": -12000000.0,
        "Special Income Charges": -8000000.0,
        "Other Special Charges": 3000000.0,
        "Restructuring And Mergern Acquisition": 13000000.0,
        "Net Non Operating Interest Income Expense": -69000000.0,
        "Interest Expense Non Operating": 75000000.0,
        "Interest Income Non Operating": 6000000.0,
        "Operating Income": 581000000.0,
        "Operating Expense": 333000000.0,
        "Depreciation Amortization Depletion Income Statement": NaN,
        "Depreciation And Amortization In Income Statement": NaN,
        "Amortization": NaN,
        "Amortization Of Intangibles Income Statement": NaN,
        "Research And Development": 179000000.0,
        "Selling General And Administration": 154000000.0,
        "Gross Profit": 914000000.0,
        "Cost Of Revenue": 1530000000.0,
        "Total Revenue": 2444000000.0,
        "Operating Revenue": 2444000000.0
    },
    "2025-09-30": {
        "Tax Effect Of Unusual Items": -1376221.498371,
        "Tax Rate For Calcs": 0.105863,
        "Normalized EBITDA": 779000000.0,
        "Total Unusual Items": -13000000.0,
        "Total Unusual Items Excluding Goodwill": -13000000.0,
        "Net Income From Continuing Operation Net Minority Interest": 549000000.0,
        "Reconciled Depreciation": 72000000.0,
        "Reconciled Cost Of Revenue": 1592000000.0,
        "EBITDA": 766000000.0,
        "EBIT": 694000000.0,
        "Net Interest Income": -73000000.0,
        "Interest Expense": 80000000.0,
        "Interest Income": 7000000.0,
        "Normalized Income": 560623778.501629,
        "Net Income From Continuing And Discontinued Operation": 549000000.0,
        "Total Expenses": 1922000000.0,
        "Total Operating Income As Reported": 694000000.0,
        "Diluted Average Shares": 226000000.0,
        "Basic Average Shares": 213000000.0,
        "Diluted EPS": 2.43,
        "Basic EPS": 2.58,
        "Diluted NI Availto Com Stockholders": 549000000.0,
        "Net Income Common Stockholders": 549000000.0,
        "Net Income": 549000000.0,
        "Net Income Including Noncontrolling Interests": 549000000.0,
        "Net Income Continuous Operations": 549000000.0,
        "Tax Provision": 65000000.0,
        "Pretax Income": 614000000.0,
        "Other Income Expense": -20000000.0,
        "Other Non Operating Income Expenses": -7000000.0,
        "Special Income Charges": -13000000.0,
        "Other Special Charges": NaN,
        "Restructuring And Mergern Acquisition": 13000000.0,
        "Net Non Operating Interest Income Expense": -73000000.0,
        "Interest Expense Non Operating": 80000000.0,
        "Interest Income Non Operating": 7000000.0,
        "Operating Income": 707000000.0,
        "Operating Expense": 330000000.0,
        "Depreciation Amortization Depletion Income Statement": NaN,
        "Depreciation And Amortization In Income Statement": NaN,
        "Amortization": NaN,
        "Amortization Of Intangibles Income Statement": NaN,
        "Research And Development": 186000000.0,
        "Selling General And Administration": 144000000.0,
        "Gross Profit": 1037000000.0,
        "Cost Of Revenue": 1592000000.0,
        "Total Revenue": 2629000000.0,
        "Operating Revenue": 2629000000.0
    },
    "2025-12-31": {
        "Tax Effect Of Unusual Items": -11125884.016973,
        "Tax Rate For Calcs": 0.161245,
        "Normalized EBITDA": 916000000.0,
        "Total Unusual Items": -69000000.0,
        "Total Unusual Items Excluding Goodwill": -69000000.0,
        "Net Income From Continuing Operation Net Minority Interest": 593000000.0,
        "Reconciled Depreciation": 68000000.0,
        "Reconciled Cost Of Revenue": 1649000000.0,
        "EBITDA": 847000000.0,
        "EBIT": 779000000.0,
        "Net Interest Income": -65000000.0,
        "Interest Expense": 72000000.0,
        "Interest Income": 7000000.0,
        "Normalized Income": 650874115.983027,
        "Net Income From Continuing And Discontinued Operation": 593000000.0,
        "Total Expenses": 1979000000.0,
        "Total Operating Income As Reported": 843000000.0,
        "Diluted Average Shares": 228000000.0,
        "Basic Average Shares": 216000000.0,
        "Diluted EPS": 2.6,
        "Basic EPS": 2.75,
        "Diluted NI Availto Com Stockholders": 593000000.0,
        "Net Income Common Stockholders": 593000000.0,
        "Net Income": 593000000.0,
        "Net Income Including Noncontrolling Interests": 593000000.0,
        "Net Income Continuous Operations": 593000000.0,
        "Tax Provision": 114000000.0,
        "Pretax Income": 707000000.0,
        "Other Income Expense": -74000000.0,
        "Other Non Operating Income Expenses": -5000000.0,
        "Special Income Charges": -69000000.0,
        "Other Special Charges": 66000000.0,
        "Restructuring And Mergern Acquisition": 3000000.0,
        "Net Non Operating Interest Income Expense": -65000000.0,
        "Interest Expense Non Operating": 72000000.0,
        "Interest Income Non Operating": 7000000.0,
        "Operating Income": 846000000.0,
        "Operating Expense": 330000000.0,
        "Depreciation Amortization Depletion Income Statement": NaN,
        "Depreciation And Amortization In Income Statement": NaN,
        "Amortization": NaN,
        "Amortization Of Intangibles Income Statement": NaN,
        "Research And Development": 187000000.0,
        "Selling General And Administration": 143000000.0,
        "Gross Profit": 1176000000.0,
        "Cost Of Revenue": 1649000000.0,
        "Total Revenue": 2825000000.0,
        "Operating Revenue": 2825000000.0
    }
}