{
    "2023-12-31": {
        "Tax Effect Of Unusual Items": NaN,
        "Tax Rate For Calcs": NaN,
        "Normalized EBITDA": NaN,
        "Net Income From Continuing Operation Net Minority Interest": NaN,
        "Reconciled Depreciation": NaN,
        "Reconciled Cost Of Revenue": NaN,
        "EBITDA": NaN,
        "EBIT": NaN,
        "Net Interest Income": NaN,
        "Interest Income": NaN,
        "Normalized Income": NaN,
        "Net Income From Continuing And Discontinued Operation": NaN,
        "Total Expenses": NaN,
        "Total Operating Income As Reported": NaN,
        "Diluted Average Shares": NaN,
        "Basic Average Shares": NaN,
        "Diluted EPS": NaN,
        "Basic EPS": NaN,
        "Diluted NI Availto Com Stockholders": NaN,
        "Net Income Common Stockholders": NaN,
        "Preferred Stock Dividends": NaN,
        "Net Income": NaN,
        "Net Income Including Noncontrolling Interests": NaN,
        "Net Income Continuous Operations": NaN,
        "Pretax Income": NaN,
        "Other Income Expense": 3000.0,
        "Other Non Operating Income Expenses": 3000.0,
        "Net Non Operating Interest Income Expense": NaN,
        "Interest Income Non Operating": NaN,
        "Operating Income": NaN,
        "Operating Expense": NaN,
        "Research And Development": NaN,
        "Selling General And Administration": NaN,
        "Selling And Marketing Expense": NaN,
        "General And Administrative Expense": NaN,
        "Other Gand A": NaN,
        "Gross Profit": NaN,
        "Cost Of Revenue": NaN,
        "Total Revenue": NaN,
        "Operating Revenue": NaN
    },
    "2023-09-30": {
        "Tax Effect Of Unusual Items": NaN,
        "Tax Rate For Calcs": NaN,
        "Normalized EBITDA": NaN,
        "Net Income From Continuing Operation Net Minority Interest": NaN,
        "Reconciled Depreciation": NaN,
        "Reconciled Cost Of Revenue": NaN,
        "EBITDA": NaN,
        "EBIT": NaN,
        "Net Interest Income": NaN,
        "Interest Income": NaN,
        "Normalized Income": NaN,
        "Net Income From Continuing And Discontinued Operation": NaN,
        "Total Expenses": NaN,
        "Total Operating Income As Reported": NaN,
        "Diluted Average Shares": 82468971.0,
        "Basic Average Shares": 82468971.0,
        "Diluted EPS": -0.07,
        "Basic EPS": -0.07,
        "Diluted NI Availto Com Stockholders": NaN,
        "Net Income Common Stockholders": NaN,
        "Preferred Stock Dividends": NaN,
        "Net Income": NaN,
        "Net Income Including Noncontrolling Interests": NaN,
        "Net Income Continuous Operations": NaN,
        "Pretax Income": NaN,
        "Other Income Expense": NaN,
        "Other Non Operating Income Expenses": NaN,
        "Net Non Operating Interest Income Expense": NaN,
        "Interest Income Non Operating": NaN,
        "Operating Income": NaN,
        "Operating Expense": NaN,
        "Research And Development": NaN,
        "Selling General And Administration": NaN,
        "Selling And Marketing Expense": NaN,
        "General And Administrative Expense": NaN,
        "Other Gand A": NaN,
        "Gross Profit": NaN,
        "Cost Of Revenue": NaN,
        "Total Revenue": NaN,
        "Operating Revenue": NaN
    },
    "2023-06-30": {
        "Tax Effect Of Unusual Items": NaN,
        "Tax Rate For Calcs": NaN,
        "Normalized EBITDA": NaN,
        "Net Income From Continuing Operation Net Minority Interest": NaN,
        "Reconciled Depreciation": NaN,
        "Reconciled Cost Of Revenue": NaN,
        "EBITDA": NaN,
        "EBIT": NaN,
        "Net Interest Income": NaN,
        "Interest Income": NaN,
        "Normalized Income": NaN,
        "Net Income From Continuing And Discontinued Operation": NaN,
        "Total Expenses": NaN,
        "Total Operating Income As Reported": NaN,
        "Diluted Average Shares": 81049211.0,
        "Basic Average Shares": 81049211.0,
        "Diluted EPS": -0.07,
        "Basic EPS": -0.07,
        "Diluted NI Availto Com Stockholders": NaN,
        "Net Income Common Stockholders": NaN,
        "Preferred Stock Dividends": NaN,
        "Net Income": NaN,
        "Net Income Including Noncontrolling Interests": NaN,
        "Net Income Continuous Operations": NaN,
        "Pretax Income": NaN,
        "Other Income Expense": 27000.0,
        "Other Non Operating Income Expenses": 27000.0,
        "Net Non Operating Interest Income Expense": NaN,
        "Interest Income Non Operating": NaN,
        "Operating Income": NaN,
        "Operating Expense": NaN,
        "Research And Development": NaN,
        "Selling General And Administration": NaN,
        "Selling And Marketing Expense": NaN,
        "General And Administrative Expense": NaN,
        "Other Gand A": NaN,
        "Gross Profit": NaN,
        "Cost Of Revenue": NaN,
        "Total Revenue": NaN,
        "Operating Revenue": NaN
    },
    "2023-03-31": {
        "Tax Effect Of Unusual Items": NaN,
        "Tax Rate For Calcs": NaN,
        "Normalized EBITDA": NaN,
        "Net Income From Continuing Operation Net Minority Interest": NaN,
        "Reconciled Depreciation": NaN,
        "Reconciled Cost Of Revenue": NaN,
        "EBITDA": NaN,
        "EBIT": NaN,
        "Net Interest Income": NaN,
        "Interest Income": NaN,
        "Normalized Income": NaN,
        "Net Income From Continuing And Discontinued Operation": NaN,
        "Total Expenses": NaN,
        "Total Operating Income As Reported": NaN,
        "Diluted Average Shares": 76500965.0,
        "Basic Average Shares": 76500965.0,
        "Diluted EPS": -0.07,
        "Basic EPS": -0.07,
        "Diluted NI Availto Com Stockholders": NaN,
        "Net Income Common Stockholders": NaN,
        "Preferred Stock Dividends": NaN,
        "Net Income": NaN,
        "Net Income Including Noncontrolling Interests": NaN,
        "Net Income Continuous Operations": NaN,
        "Pretax Income": NaN,
        "Other Income Expense": NaN,
        "Other Non Operating Income Expenses": NaN,
        "Net Non Operating Interest Income Expense": NaN,
        "Interest Income Non Operating": NaN,
        "Operating Income": NaN,
        "Operating Expense": NaN,
        "Research And Development": NaN,
        "Selling General And Administration": NaN,
        "Selling And Marketing Expense": NaN,
        "General And Administrative Expense": NaN,
        "Other Gand A": NaN,
        "Gross Profit": NaN,
        "Cost Of Revenue": NaN,
        "Total Revenue": NaN,
        "Operating Revenue": NaN
    },
    "2024-03-31": {
        "Tax Effect Of Unusual Items": 0.0,
        "Tax Rate For Calcs": 0.0,
        "Normalized EBITDA": -4606000.0,
        "Net Income From Continuing Operation Net Minority Interest": -4507000.0,
        "Reconciled Depreciation": 140000.0,
        "Reconciled Cost Of Revenue": 2914000.0,
        "EBITDA": -4606000.0,
        "EBIT": -4746000.0,
        "Net Interest Income": 239000.0,
        "Interest Income": 239000.0,
        "Normalized Income": -4507000.0,
        "Net Income From Continuing And Discontinued Operation": -4507000.0,
        "Total Expenses": 11626000.0,
        "Total Operating Income As Reported": -4746000.0,
        "Diluted Average Shares": 83476498.0,
        "Basic Average Shares": 83476498.0,
        "Diluted EPS": -0.06,
        "Basic EPS": -0.06,
        "Diluted NI Availto Com Stockholders": -4838000.0,
        "Net Income Common Stockholders": -4838000.0,
        "Preferred Stock Dividends": 331000.0,
        "Net Income": -4507000.0,
        "Net Income Including Noncontrolling Interests": -4507000.0,
        "Net Income Continuous Operations": -4507000.0,
        "Pretax Income": -4507000.0,
        "Other Income Expense": NaN,
        "Other Non Operating Income Expenses": NaN,
        "Net Non Operating Interest Income Expense": 239000.0,
        "Interest Income Non Operating": 239000.0,
        "Operating Income": -4746000.0,
        "Operating Expense": 8712000.0,
        "Research And Development": 2243000.0,
        "Selling General And Administration": 6469000.0,
        "Selling And Marketing Expense": 3003000.0,
        "General And Administrative Expense": 3466000.0,
        "Other Gand A": 3466000.0,
        "Gross Profit": 3966000.0,
        "Cost Of Revenue": 2914000.0,
        "Total Revenue": 6880000.0,
        "Operating Revenue": 6880000.0
    },
    "2022-12-31": {
        "Tax Effect Of Unusual Items": NaN,
        "Tax Rate For Calcs": NaN,
        "Normalized EBITDA": NaN,
        "Total Unusual Items": 0.0,
        "Total Unusual Items Excluding Goodwill": 0.0,
        "Net Income From Continuing Operation Net Minority Interest": NaN,
        "Reconciled Depreciation": NaN,
        "Reconciled Cost Of Revenue": NaN,
        "EBITDA": NaN,
        "EBIT": NaN,
        "Net Interest Income": NaN,
        "Interest Income": NaN,
        "Normalized Income": NaN,
        "Net Income From Continuing And Discontinued Operation": NaN,
        "Total Expenses": NaN,
        "Rent Expense Supplemental": 0.0,
        "Total Operating Income As Reported": NaN,
        "Diluted Average Shares": NaN,
        "Basic Average Shares": NaN,
        "Diluted EPS": NaN,
        "Basic EPS": NaN,
        "Diluted NI Availto Com Stockholders": NaN,
        "Net Income Common Stockholders": NaN,
        "Preferred Stock Dividends": NaN,
        "Net Income": NaN,
        "Net Income Including Noncontrolling Interests": NaN,
        "Net Income Continuous Operations": NaN,
        "Pretax Income": NaN,
        "Other Income Expense": NaN,
        "Other Non Operating Income Expenses": NaN,
        "Special Income Charges": 0.0,
        "Net Non Operating Interest Income Expense": NaN,
        "Total Other Finance Cost": -302000.0,
        "Interest Income Non Operating": NaN,
        "Operating Income": NaN,
        "Operating Expense": NaN,
        "Research And Development": NaN,
        "Selling General And Administration": NaN,
        "Selling And Marketing Expense": NaN,
        "General And Administrative Expense": NaN,
        "Other Gand A": NaN,
        "Gross Profit": NaN,
        "Cost Of Revenue": NaN,
        "Total Revenue": NaN,
        "Operating Revenue": NaN
    },
    "2022-09-30": {
        "Tax Effect Of Unusual Items": NaN,
        "Tax Rate For Calcs": NaN,
        "Normalized EBITDA": NaN,
        "Total Unusual Items": 0.0,
        "Total Unusual Items Excluding Goodwill": 0.0,
        "Net Income From Continuing Operation Net Minority Interest": NaN,
        "Reconciled Depreciation": NaN,
        "Reconciled Cost Of Revenue": NaN,
        "EBITDA": NaN,
        "EBIT": NaN,
        "Net Interest Income": NaN,
        "Interest Income": NaN,
        "Normalized Income": NaN,
        "Net Income From Continuing And Discontinued Operation": NaN,
        "Total Expenses": NaN,
        "Rent Expense Supplemental": 0.0,
        "Total Operating Income As Reported": NaN,
        "Diluted Average Shares": NaN,
        "Basic Average Shares": NaN,
        "Diluted EPS": NaN,
        "Basic EPS": NaN,
        "Diluted NI Availto Com Stockholders": NaN,
        "Net Income Common Stockholders": NaN,
        "Preferred Stock Dividends": NaN,
        "Net Income": NaN,
        "Net Income Including Noncontrolling Interests": NaN,
        "Net Income Continuous Operations": NaN,
        "Pretax Income": NaN,
        "Other Income Expense": NaN,
        "Other Non Operating Income Expenses": NaN,
        "Special Income Charges": 0.0,
        "Net Non Operating Interest Income Expense": NaN,
        "Total Other Finance Cost": -135000.0,
        "Interest Income Non Operating": NaN,
        "Operating Income": NaN,
        "Operating Expense": NaN,
        "Research And Development": NaN,
        "Selling General And Administration": NaN,
        "Selling And Marketing Expense": NaN,
        "General And Administrative Expense": NaN,
        "Other Gand A": NaN,
        "Gross Profit": NaN,
        "Cost Of Revenue": NaN,
        "Total Revenue": NaN,
        "Operating Revenue": NaN
    },
    "2024-06-30": {
        "Tax Effect Of Unusual Items": 0.0,
        "Tax Rate For Calcs": 0.0,
        "Normalized EBITDA": -5885000.0,
        "Net Income From Continuing Operation Net Minority Interest": -5833000.0,
        "Reconciled Depreciation": 136000.0,
        "Reconciled Cost Of Revenue": 1189000.0,
        "EBITDA": -5885000.0,
        "EBIT": -6021000.0,
        "Net Interest Income": 191000.0,
        "Interest Income": 191000.0,
        "Normalized Income": -5833000.0,
        "Net Income From Continuing And Discontinued Operation": -5833000.0,
        "Total Expenses": 10523000.0,
        "Total Operating Income As Reported": -6021000.0,
        "Diluted Average Shares": 84570738.0,
        "Basic Average Shares": 84570738.0,
        "Diluted EPS": -0.07,
        "Basic EPS": -0.07,
        "Diluted NI Availto Com Stockholders": -6158000.0,
        "Net Income Common Stockholders": -6158000.0,
        "Preferred Stock Dividends": 325000.0,
        "Net Income": -5833000.0,
        "Net Income Including Noncontrolling Interests": -5833000.0,
        "Net Income Continuous Operations": -5833000.0,
        "Pretax Income": -5833000.0,
        "Other Income Expense": -3000.0,
        "Other Non Operating Income Expenses": -3000.0,
        "Net Non Operating Interest Income Expense": 191000.0,
        "Interest Income Non Operating": 191000.0,
        "Operating Income": -6021000.0,
        "Operating Expense": 9334000.0,
        "Research And Development": 2273000.0,
        "Selling General And Administration": 7061000.0,
        "Selling And Marketing Expense": 3301000.0,
        "General And Administrative Expense": 3760000.0,
        "Other Gand A": 3760000.0,
        "Gross Profit": 3313000.0,
        "Cost Of Revenue": 1189000.0,
        "Total Revenue": 4502000.0,
        "Operating Revenue": 4502000.0
    },
    "2024-09-30": {
        "Tax Effect Of Unusual Items": 0.0,
        "Tax Rate For Calcs": 0.0,
        "Normalized EBITDA": -6015000.0,
        "Net Income From Continuing Operation Net Minority Interest": -6190000.0,
        "Reconciled Depreciation": 330000.0,
        "Reconciled Cost Of Revenue": 5097000.0,
        "EBITDA": -6015000.0,
        "EBIT": -6345000.0,
        "Net Interest Income": 150000.0,
        "Interest Income": 150000.0,
        "Normalized Income": -6190000.0,
        "Net Income From Continuing And Discontinued Operation": -6190000.0,
        "Total Expenses": 15541000.0,
        "Total Operating Income As Reported": -6345000.0,
        "Diluted Average Shares": 85824789.0,
        "Basic Average Shares": 85824789.0,
        "Diluted EPS": -0.08,
        "Basic EPS": -0.08,
        "Diluted NI Availto Com Stockholders": -6518000.0,
        "Net Income Common Stockholders": -6518000.0,
        "Preferred Stock Dividends": 328000.0,
        "Net Income": -6190000.0,
        "Net Income Including Noncontrolling Interests": -6190000.0,
        "Net Income Continuous Operations": -6190000.0,
        "Pretax Income": -6190000.0,
        "Other Income Expense": 5000.0,
        "Other Non Operating Income Expenses": 5000.0,
        "Net Non Operating Interest Income Expense": 150000.0,
        "Interest Income Non Operating": 150000.0,
        "Operating Income": -6345000.0,
        "Operating Expense": 10444000.0,
        "Research And Development": 2454000.0,
        "Selling General And Administration": 7990000.0,
        "Selling And Marketing Expense": 3152000.0,
        "General And Administrative Expense": 4838000.0,
        "Other Gand A": 4838000.0,
        "Gross Profit": 4099000.0,
        "Cost Of Revenue": 5097000.0,
        "Total Revenue": 9196000.0,
        "Operating Revenue": 9196000.0
    },
    "2024-12-31": {
        "Tax Effect Of Unusual Items": 0.0,
        "Tax Rate For Calcs": 0.0,
        "Normalized EBITDA": -7264000.0,
        "Net Income From Continuing Operation Net Minority Interest": -7515000.0,
        "Reconciled Depreciation": 363000.0,
        "Reconciled Cost Of Revenue": 3124000.0,
        "EBITDA": -7264000.0,
        "EBIT": -7627000.0,
        "Net Interest Income": 114000.0,
        "Interest Income": 114000.0,
        "Normalized Income": -7515000.0,
        "Net Income From Continuing And Discontinued Operation": -7515000.0,
        "Total Expenses": 13967000.0,
        "Total Operating Income As Reported": -7627000.0,
        "Diluted Average Shares": 86832590.0,
        "Basic Average Shares": 86832590.0,
        "Diluted EPS": -0.09,
        "Basic EPS": -0.09,
        "Diluted NI Availto Com Stockholders": -7839000.0,
        "Net Income Common Stockholders": -7839000.0,
        "Preferred Stock Dividends": 324000.0,
        "Net Income": -7515000.0,
        "Net Income Including Noncontrolling Interests": -7515000.0,
        "Net Income Continuous Operations": -7515000.0,
        "Pretax Income": -7515000.0,
        "Other Income Expense": NaN,
        "Other Non Operating Income Expenses": NaN,
        "Net Non Operating Interest Income Expense": 114000.0,
        "Interest Income Non Operating": 114000.0,
        "Operating Income": -7627000.0,
        "Operating Expense": 10843000.0,
        "Research And Development": 2790000.0,
        "Selling General And Administration": 8053000.0,
        "Selling And Marketing Expense": 2916000.0,
        "General And Administrative Expense": 5137000.0,
        "Other Gand A": 5137000.0,
        "Gross Profit": 3216000.0,
        "Cost Of Revenue": 3124000.0,
        "Total Revenue": 6340000.0,
        "Operating Revenue": 6340000.0
    },
    "2025-03-31": {
        "Tax Effect Of Unusual Items": 0.0,
        "Tax Rate For Calcs": 0.0,
        "Normalized EBITDA": -5559000.0,
        "Net Income From Continuing Operation Net Minority Interest": -5823000.0,
        "Reconciled Depreciation": 370000.0,
        "Reconciled Cost Of Revenue": 3408000.0,
        "EBITDA": -5559000.0,
        "EBIT": -5929000.0,
        "Net Interest Income": 106000.0,
        "Interest Income": 106000.0,
        "Normalized Income": -5823000.0,
        "Net Income From Continuing And Discontinued Operation": -5823000.0,
        "Total Expenses": 13401000.0,
        "Total Operating Income As Reported": -5929000.0,
        "Diluted Average Shares": 87769366.0,
        "Basic Average Shares": 87769366.0,
        "Diluted EPS": -0.07,
        "Basic EPS": -0.07,
        "Diluted NI Availto Com Stockholders": -6137000.0,
        "Net Income Common Stockholders": -6137000.0,
        "Preferred Stock Dividends": 314000.0,
        "Net Income": -5823000.0,
        "Net Income Including Noncontrolling Interests": -5823000.0,
        "Net Income Continuous Operations": -5823000.0,
        "Pretax Income": -5823000.0,
        "Other Income Expense": NaN,
        "Other Non Operating Income Expenses": NaN,
        "Net Non Operating Interest Income Expense": 106000.0,
        "Interest Income Non Operating": 106000.0,
        "Operating Income": -5929000.0,
        "Operating Expense": 9993000.0,
        "Research And Development": 2350000.0,
        "Selling General And Administration": 7643000.0,
        "Selling And Marketing Expense": 3148000.0,
        "General And Administrative Expense": 4495000.0,
        "Other Gand A": 4495000.0,
        "Gross Profit": 4064000.0,
        "Cost Of Revenue": 3408000.0,
        "Total Revenue": 7472000.0,
        "Operating Revenue": 7472000.0
    }
}