{
    "2023-03-31": {
        "Tax Effect Of Unusual Items": NaN,
        "Tax Rate For Calcs": NaN,
        "Normalized EBITDA": NaN,
        "Total Unusual Items": NaN,
        "Total Unusual Items Excluding Goodwill": NaN,
        "Net Income From Continuing Operation Net Minority Interest": NaN,
        "Reconciled Depreciation": NaN,
        "Reconciled Cost Of Revenue": NaN,
        "EBITDA": NaN,
        "EBIT": NaN,
        "Net Interest Income": NaN,
        "Interest Expense": NaN,
        "Interest Income": NaN,
        "Normalized Income": NaN,
        "Net Income From Continuing And Discontinued Operation": NaN,
        "Total Expenses": NaN,
        "Diluted Average Shares": NaN,
        "Basic Average Shares": NaN,
        "Diluted EPS": NaN,
        "Basic EPS": NaN,
        "Diluted NI Availto Com Stockholders": NaN,
        "Net Income Common Stockholders": NaN,
        "Net Income": NaN,
        "Net Income Including Noncontrolling Interests": NaN,
        "Net Income Continuous Operations": NaN,
        "Tax Provision": NaN,
        "Pretax Income": NaN,
        "Other Income Expense": NaN,
        "Other Non Operating Income Expenses": 4000000.0,
        "Special Income Charges": NaN,
        "Gain On Sale Of Ppe": NaN,
        "Other Special Charges": -4000000.0,
        "Gain On Sale Of Security": NaN,
        "Net Non Operating Interest Income Expense": NaN,
        "Interest Expense Non Operating": NaN,
        "Interest Income Non Operating": NaN,
        "Operating Income": NaN,
        "Operating Expense": NaN,
        "Other Operating Expenses": NaN,
        "Selling General And Administration": NaN,
        "Selling And Marketing Expense": NaN,
        "General And Administrative Expense": 3424000000.0,
        "Other Gand A": 3424000000.0,
        "Gross Profit": NaN,
        "Cost Of Revenue": NaN,
        "Total Revenue": NaN,
        "Operating Revenue": NaN
    },
    "2022-12-31": {
        "Tax Effect Of Unusual Items": NaN,
        "Tax Rate For Calcs": NaN,
        "Normalized EBITDA": NaN,
        "Total Unusual Items": NaN,
        "Total Unusual Items Excluding Goodwill": NaN,
        "Net Income From Continuing Operation Net Minority Interest": NaN,
        "Reconciled Depreciation": NaN,
        "Reconciled Cost Of Revenue": NaN,
        "EBITDA": NaN,
        "EBIT": NaN,
        "Net Interest Income": NaN,
        "Interest Expense": NaN,
        "Interest Income": NaN,
        "Normalized Income": NaN,
        "Net Income From Continuing And Discontinued Operation": NaN,
        "Total Expenses": NaN,
        "Diluted Average Shares": NaN,
        "Basic Average Shares": NaN,
        "Diluted EPS": NaN,
        "Basic EPS": NaN,
        "Diluted NI Availto Com Stockholders": NaN,
        "Net Income Common Stockholders": NaN,
        "Net Income": NaN,
        "Net Income Including Noncontrolling Interests": NaN,
        "Net Income Continuous Operations": NaN,
        "Tax Provision": NaN,
        "Pretax Income": NaN,
        "Other Income Expense": NaN,
        "Other Non Operating Income Expenses": -1000000.0,
        "Special Income Charges": NaN,
        "Gain On Sale Of Ppe": NaN,
        "Gain On Sale Of Business": 0.0,
        "Other Special Charges": 10000000.0,
        "Gain On Sale Of Security": NaN,
        "Net Non Operating Interest Income Expense": NaN,
        "Interest Expense Non Operating": NaN,
        "Interest Income Non Operating": NaN,
        "Operating Income": NaN,
        "Operating Expense": NaN,
        "Other Operating Expenses": NaN,
        "Selling General And Administration": NaN,
        "Selling And Marketing Expense": NaN,
        "General And Administrative Expense": 7580000000.0,
        "Other Gand A": NaN,
        "Salaries And Wages": 7580000000.0,
        "Gross Profit": NaN,
        "Cost Of Revenue": NaN,
        "Total Revenue": NaN,
        "Operating Revenue": NaN
    },
    "2022-09-30": {
        "Tax Effect Of Unusual Items": NaN,
        "Tax Rate For Calcs": NaN,
        "Normalized EBITDA": NaN,
        "Total Unusual Items": NaN,
        "Total Unusual Items Excluding Goodwill": NaN,
        "Net Income From Continuing Operation Net Minority Interest": NaN,
        "Reconciled Depreciation": NaN,
        "Reconciled Cost Of Revenue": NaN,
        "EBITDA": NaN,
        "EBIT": NaN,
        "Net Interest Income": NaN,
        "Interest Expense": NaN,
        "Interest Income": 8000000.0,
        "Normalized Income": NaN,
        "Net Income From Continuing And Discontinued Operation": NaN,
        "Total Expenses": NaN,
        "Diluted Average Shares": NaN,
        "Basic Average Shares": NaN,
        "Diluted EPS": NaN,
        "Basic EPS": NaN,
        "Diluted NI Availto Com Stockholders": NaN,
        "Net Income Common Stockholders": NaN,
        "Net Income": NaN,
        "Net Income Including Noncontrolling Interests": NaN,
        "Net Income Continuous Operations": NaN,
        "Tax Provision": NaN,
        "Pretax Income": NaN,
        "Other Income Expense": NaN,
        "Other Non Operating Income Expenses": -12000000.0,
        "Special Income Charges": NaN,
        "Gain On Sale Of Ppe": NaN,
        "Other Special Charges": -157000000.0,
        "Gain On Sale Of Security": NaN,
        "Net Non Operating Interest Income Expense": NaN,
        "Interest Expense Non Operating": NaN,
        "Interest Income Non Operating": 8000000.0,
        "Operating Income": NaN,
        "Operating Expense": NaN,
        "Other Operating Expenses": NaN,
        "Selling General And Administration": NaN,
        "Selling And Marketing Expense": NaN,
        "General And Administrative Expense": 3075000000.0,
        "Other Gand A": 3075000000.0,
        "Gross Profit": NaN,
        "Cost Of Revenue": NaN,
        "Total Revenue": NaN,
        "Operating Revenue": NaN
    },
    "2022-06-30": {
        "Tax Effect Of Unusual Items": -70209000.0,
        "Tax Rate For Calcs": 0.261,
        "Normalized EBITDA": 6997000000.0,
        "Total Unusual Items": -269000000.0,
        "Total Unusual Items Excluding Goodwill": -269000000.0,
        "Net Income From Continuing Operation Net Minority Interest": 3996000000.0,
        "Reconciled Depreciation": 998000000.0,
        "Reconciled Cost Of Revenue": 6682000000.0,
        "EBITDA": 6728000000.0,
        "EBIT": 5730000000.0,
        "Net Interest Income": -290000000.0,
        "Interest Expense": 321000000.0,
        "Interest Income": 31000000.0,
        "Normalized Income": 4194791000.0,
        "Net Income From Continuing And Discontinued Operation": 3996000000.0,
        "Total Expenses": 10167000000.0,
        "Diluted Average Shares": 1410000000.0,
        "Basic Average Shares": 1406000000.0,
        "Diluted EPS": 2.83,
        "Basic EPS": 2.84,
        "Diluted NI Availto Com Stockholders": 3996000000.0,
        "Net Income Common Stockholders": 3996000000.0,
        "Net Income": 3996000000.0,
        "Net Income Including Noncontrolling Interests": 3996000000.0,
        "Net Income Continuous Operations": 3996000000.0,
        "Tax Provision": 1413000000.0,
        "Pretax Income": 5409000000.0,
        "Other Income Expense": -269000000.0,
        "Other Non Operating Income Expenses": NaN,
        "Special Income Charges": 10000000.0,
        "Gain On Sale Of Ppe": 10000000.0,
        "Other Special Charges": NaN,
        "Gain On Sale Of Security": -279000000.0,
        "Net Non Operating Interest Income Expense": -290000000.0,
        "Interest Expense Non Operating": 321000000.0,
        "Interest Income Non Operating": 31000000.0,
        "Operating Income": 5968000000.0,
        "Operating Expense": 3485000000.0,
        "Other Operating Expenses": 934000000.0,
        "Selling General And Administration": 203000000.0,
        "General And Administrative Expense": 203000000.0,
        "Other Gand A": 537000000.0,
        "Salaries And Wages": 203000000.0,
        "Gross Profit": 9453000000.0,
        "Cost Of Revenue": 6682000000.0,
        "Total Revenue": 16135000000.0,
        "Operating Revenue": 16135000000.0
    },
    "2023-06-30": {
        "Tax Effect Of Unusual Items": NaN,
        "Tax Rate For Calcs": NaN,
        "Normalized EBITDA": NaN,
        "Total Unusual Items": NaN,
        "Total Unusual Items Excluding Goodwill": NaN,
        "Net Income From Continuing Operation Net Minority Interest": NaN,
        "Reconciled Depreciation": NaN,
        "Reconciled Cost Of Revenue": NaN,
        "EBITDA": NaN,
        "EBIT": NaN,
        "Net Interest Income": NaN,
        "Interest Expense": NaN,
        "Interest Income": NaN,
        "Normalized Income": NaN,
        "Net Income From Continuing And Discontinued Operation": NaN,
        "Total Expenses": NaN,
        "Diluted Average Shares": NaN,
        "Basic Average Shares": NaN,
        "Diluted EPS": NaN,
        "Basic EPS": NaN,
        "Diluted NI Availto Com Stockholders": NaN,
        "Net Income Common Stockholders": NaN,
        "Net Income": NaN,
        "Net Income Including Noncontrolling Interests": NaN,
        "Net Income Continuous Operations": NaN,
        "Tax Provision": NaN,
        "Pretax Income": NaN,
        "Other Income Expense": NaN,
        "Other Non Operating Income Expenses": NaN,
        "Special Income Charges": NaN,
        "Gain On Sale Of Ppe": NaN,
        "Other Special Charges": NaN,
        "Gain On Sale Of Security": NaN,
        "Net Non Operating Interest Income Expense": NaN,
        "Interest Expense Non Operating": NaN,
        "Interest Income Non Operating": NaN,
        "Operating Income": NaN,
        "Operating Expense": NaN,
        "Other Operating Expenses": NaN,
        "Selling General And Administration": NaN,
        "Selling And Marketing Expense": NaN,
        "General And Administrative Expense": 3440000000.0,
        "Other Gand A": 3440000000.0,
        "Gross Profit": NaN,
        "Cost Of Revenue": NaN,
        "Total Revenue": NaN,
        "Operating Revenue": NaN
    },
    "2023-09-30": {
        "Tax Effect Of Unusual Items": NaN,
        "Tax Rate For Calcs": NaN,
        "Normalized EBITDA": NaN,
        "Total Unusual Items": NaN,
        "Total Unusual Items Excluding Goodwill": NaN,
        "Net Income From Continuing Operation Net Minority Interest": NaN,
        "Reconciled Depreciation": NaN,
        "Reconciled Cost Of Revenue": NaN,
        "EBITDA": NaN,
        "EBIT": NaN,
        "Net Interest Income": NaN,
        "Interest Expense": NaN,
        "Interest Income": NaN,
        "Normalized Income": NaN,
        "Net Income From Continuing And Discontinued Operation": NaN,
        "Total Expenses": NaN,
        "Diluted Average Shares": NaN,
        "Basic Average Shares": NaN,
        "Diluted EPS": NaN,
        "Basic EPS": NaN,
        "Diluted NI Availto Com Stockholders": NaN,
        "Net Income Common Stockholders": NaN,
        "Net Income": NaN,
        "Net Income Including Noncontrolling Interests": NaN,
        "Net Income Continuous Operations": NaN,
        "Tax Provision": NaN,
        "Pretax Income": NaN,
        "Other Income Expense": NaN,
        "Other Non Operating Income Expenses": NaN,
        "Special Income Charges": NaN,
        "Gain On Sale Of Ppe": NaN,
        "Other Special Charges": NaN,
        "Gain On Sale Of Security": NaN,
        "Net Non Operating Interest Income Expense": NaN,
        "Interest Expense Non Operating": NaN,
        "Interest Income Non Operating": NaN,
        "Operating Income": NaN,
        "Operating Expense": NaN,
        "Other Operating Expenses": NaN,
        "Selling General And Administration": NaN,
        "Selling And Marketing Expense": NaN,
        "General And Administrative Expense": 3124000000.0,
        "Other Gand A": 3124000000.0,
        "Gross Profit": NaN,
        "Cost Of Revenue": NaN,
        "Total Revenue": NaN,
        "Operating Revenue": NaN
    },
    "2023-12-31": {
        "Tax Effect Of Unusual Items": NaN,
        "Tax Rate For Calcs": NaN,
        "Normalized EBITDA": NaN,
        "Total Unusual Items": NaN,
        "Total Unusual Items Excluding Goodwill": NaN,
        "Net Income From Continuing Operation Net Minority Interest": NaN,
        "Reconciled Depreciation": NaN,
        "Reconciled Cost Of Revenue": NaN,
        "EBITDA": NaN,
        "EBIT": NaN,
        "Net Interest Income": NaN,
        "Interest Expense": NaN,
        "Interest Income": -45000000.0,
        "Normalized Income": NaN,
        "Net Income From Continuing And Discontinued Operation": NaN,
        "Total Expenses": NaN,
        "Diluted Average Shares": NaN,
        "Basic Average Shares": NaN,
        "Diluted EPS": NaN,
        "Basic EPS": NaN,
        "Diluted NI Availto Com Stockholders": NaN,
        "Net Income Common Stockholders": NaN,
        "Net Income": NaN,
        "Net Income Including Noncontrolling Interests": NaN,
        "Net Income Continuous Operations": NaN,
        "Tax Provision": NaN,
        "Pretax Income": NaN,
        "Other Income Expense": NaN,
        "Other Non Operating Income Expenses": 124000000.0,
        "Special Income Charges": NaN,
        "Gain On Sale Of Ppe": NaN,
        "Other Special Charges": NaN,
        "Gain On Sale Of Security": NaN,
        "Net Non Operating Interest Income Expense": NaN,
        "Interest Expense Non Operating": NaN,
        "Interest Income Non Operating": -45000000.0,
        "Operating Income": NaN,
        "Operating Expense": NaN,
        "Other Operating Expenses": NaN,
        "Selling General And Administration": NaN,
        "Selling And Marketing Expense": NaN,
        "General And Administrative Expense": NaN,
        "Salaries And Wages": NaN,
        "Gross Profit": NaN,
        "Cost Of Revenue": NaN,
        "Total Revenue": NaN,
        "Operating Revenue": NaN
    },
    "2024-03-31": {
        "Tax Effect Of Unusual Items": NaN,
        "Tax Rate For Calcs": NaN,
        "Normalized EBITDA": NaN,
        "Total Unusual Items": NaN,
        "Total Unusual Items Excluding Goodwill": NaN,
        "Net Income From Continuing Operation Net Minority Interest": NaN,
        "Reconciled Depreciation": NaN,
        "Reconciled Cost Of Revenue": NaN,
        "EBITDA": NaN,
        "EBIT": NaN,
        "Net Interest Income": NaN,
        "Interest Expense": NaN,
        "Interest Income": 39000000.0,
        "Normalized Income": NaN,
        "Net Income From Continuing And Discontinued Operation": NaN,
        "Total Expenses": NaN,
        "Diluted Average Shares": NaN,
        "Basic Average Shares": NaN,
        "Diluted EPS": NaN,
        "Basic EPS": NaN,
        "Diluted NI Availto Com Stockholders": NaN,
        "Net Income Common Stockholders": NaN,
        "Net Income": NaN,
        "Net Income Including Noncontrolling Interests": NaN,
        "Net Income Continuous Operations": NaN,
        "Tax Provision": NaN,
        "Pretax Income": NaN,
        "Other Income Expense": NaN,
        "Special Income Charges": NaN,
        "Gain On Sale Of Ppe": NaN,
        "Other Special Charges": NaN,
        "Gain On Sale Of Security": NaN,
        "Net Non Operating Interest Income Expense": NaN,
        "Interest Expense Non Operating": NaN,
        "Interest Income Non Operating": 39000000.0,
        "Operating Income": NaN,
        "Operating Expense": NaN,
        "Other Operating Expenses": NaN,
        "Selling General And Administration": NaN,
        "Selling And Marketing Expense": NaN,
        "General And Administrative Expense": NaN,
        "Salaries And Wages": NaN,
        "Gross Profit": NaN,
        "Cost Of Revenue": NaN,
        "Total Revenue": NaN,
        "Operating Revenue": NaN
    },
    "2024-06-30": {
        "Tax Effect Of Unusual Items": NaN,
        "Tax Rate For Calcs": NaN,
        "Normalized EBITDA": NaN,
        "Total Unusual Items": NaN,
        "Total Unusual Items Excluding Goodwill": NaN,
        "Net Income From Continuing Operation Net Minority Interest": NaN,
        "Reconciled Depreciation": NaN,
        "Reconciled Cost Of Revenue": NaN,
        "EBITDA": NaN,
        "EBIT": NaN,
        "Net Interest Income": NaN,
        "Interest Expense": NaN,
        "Interest Income": 68000000.0,
        "Normalized Income": NaN,
        "Net Income From Continuing And Discontinued Operation": NaN,
        "Total Expenses": NaN,
        "Diluted Average Shares": NaN,
        "Basic Average Shares": NaN,
        "Diluted EPS": NaN,
        "Basic EPS": NaN,
        "Diluted NI Availto Com Stockholders": NaN,
        "Net Income Common Stockholders": NaN,
        "Net Income": NaN,
        "Net Income Including Noncontrolling Interests": NaN,
        "Net Income Continuous Operations": NaN,
        "Tax Provision": NaN,
        "Pretax Income": NaN,
        "Other Income Expense": NaN,
        "Special Income Charges": NaN,
        "Gain On Sale Of Ppe": NaN,
        "Other Special Charges": NaN,
        "Gain On Sale Of Security": NaN,
        "Net Non Operating Interest Income Expense": NaN,
        "Interest Expense Non Operating": NaN,
        "Interest Income Non Operating": 68000000.0,
        "Operating Income": NaN,
        "Operating Expense": NaN,
        "Other Operating Expenses": NaN,
        "Selling General And Administration": NaN,
        "Selling And Marketing Expense": NaN,
        "General And Administrative Expense": 128000000.0,
        "Salaries And Wages": 128000000.0,
        "Gross Profit": NaN,
        "Cost Of Revenue": NaN,
        "Total Revenue": NaN,
        "Operating Revenue": NaN
    },
    "2024-09-30": {
        "Tax Effect Of Unusual Items": 59500000.0,
        "Tax Rate For Calcs": 0.25,
        "Normalized EBITDA": 4392000000.0,
        "Total Unusual Items": 238000000.0,
        "Total Unusual Items Excluding Goodwill": 238000000.0,
        "Net Income From Continuing Operation Net Minority Interest": 2020000000.0,
        "Reconciled Depreciation": 1791000000.0,
        "Reconciled Cost Of Revenue": 7607000000.0,
        "EBITDA": 4630000000.0,
        "EBIT": 2839000000.0,
        "Net Interest Income": -145000000.0,
        "Interest Expense": 145000000.0,
        "Interest Income": 111000000.0,
        "Normalized Income": 1841500000.0,
        "Net Income From Continuing And Discontinued Operation": 2020000000.0,
        "Total Expenses": 11304000000.0,
        "Diluted Average Shares": NaN,
        "Basic Average Shares": NaN,
        "Diluted EPS": NaN,
        "Basic EPS": NaN,
        "Diluted NI Availto Com Stockholders": 2020000000.0,
        "Net Income Common Stockholders": 2020000000.0,
        "Net Income": 2020000000.0,
        "Net Income Including Noncontrolling Interests": 2020000000.0,
        "Net Income Continuous Operations": 2020000000.0,
        "Tax Provision": 674000000.0,
        "Pretax Income": 2694000000.0,
        "Other Income Expense": 238000000.0,
        "Special Income Charges": -20000000.0,
        "Gain On Sale Of Ppe": 11000000.0,
        "Other Special Charges": 31000000.0,
        "Gain On Sale Of Security": 258000000.0,
        "Net Non Operating Interest Income Expense": -145000000.0,
        "Interest Expense Non Operating": 145000000.0,
        "Interest Income Non Operating": 111000000.0,
        "Operating Income": 2601000000.0,
        "Operating Expense": 3697000000.0,
        "Other Operating Expenses": 3213000000.0,
        "Selling General And Administration": 484000000.0,
        "Selling And Marketing Expense": 484000000.0,
        "General And Administrative Expense": NaN,
        "Salaries And Wages": NaN,
        "Gross Profit": 6298000000.0,
        "Cost Of Revenue": 7607000000.0,
        "Total Revenue": 13905000000.0,
        "Operating Revenue": 13905000000.0
    },
    "2024-12-31": {
        "Tax Effect Of Unusual Items": -133255045.87156,
        "Tax Rate For Calcs": 0.249541,
        "Normalized EBITDA": 3656000000.0,
        "Total Unusual Items": -534000000.0,
        "Total Unusual Items Excluding Goodwill": -534000000.0,
        "Net Income From Continuing Operation Net Minority Interest": 818000000.0,
        "Reconciled Depreciation": 1851000000.0,
        "Reconciled Cost Of Revenue": 10017000000.0,
        "EBITDA": 3122000000.0,
        "EBIT": 1271000000.0,
        "Net Interest Income": -181000000.0,
        "Interest Expense": 181000000.0,
        "Interest Income": NaN,
        "Normalized Income": 1218744954.12844,
        "Net Income From Continuing And Discontinued Operation": 818000000.0,
        "Total Expenses": 11852000000.0,
        "Diluted Average Shares": 1256000000.0,
        "Basic Average Shares": 1255000000.0,
        "Diluted EPS": 0.65,
        "Basic EPS": 0.65,
        "Diluted NI Availto Com Stockholders": 818000000.0,
        "Net Income Common Stockholders": 818000000.0,
        "Net Income": 818000000.0,
        "Net Income Including Noncontrolling Interests": 818000000.0,
        "Net Income Continuous Operations": 818000000.0,
        "Tax Provision": 272000000.0,
        "Pretax Income": 1090000000.0,
        "Other Income Expense": -534000000.0,
        "Special Income Charges": -78000000.0,
        "Gain On Sale Of Ppe": 12000000.0,
        "Other Special Charges": 90000000.0,
        "Gain On Sale Of Security": -456000000.0,
        "Net Non Operating Interest Income Expense": -181000000.0,
        "Interest Expense Non Operating": 181000000.0,
        "Interest Income Non Operating": NaN,
        "Operating Income": 1805000000.0,
        "Operating Expense": 1835000000.0,
        "Other Operating Expenses": -7912000000.0,
        "Selling General And Administration": 9747000000.0,
        "Selling And Marketing Expense": 926000000.0,
        "General And Administrative Expense": NaN,
        "Salaries And Wages": NaN,
        "Gross Profit": 3640000000.0,
        "Cost Of Revenue": 10017000000.0,
        "Total Revenue": 13657000000.0,
        "Operating Revenue": 13657000000.0
    },
    "2025-03-31": {
        "Tax Effect Of Unusual Items": 29868000.0,
        "Tax Rate For Calcs": 0.262,
        "Normalized EBITDA": 4014000000.0,
        "Total Unusual Items": 114000000.0,
        "Total Unusual Items Excluding Goodwill": 114000000.0,
        "Net Income From Continuing Operation Net Minority Interest": 1689000000.0,
        "Reconciled Depreciation": 1663000000.0,
        "Reconciled Cost Of Revenue": 6970000000.0,
        "EBITDA": 4128000000.0,
        "EBIT": 2465000000.0,
        "Net Interest Income": -174000000.0,
        "Interest Expense": 175000000.0,
        "Interest Income": 1000000.0,
        "Normalized Income": 1604868000.0,
        "Net Income From Continuing And Discontinued Operation": 1689000000.0,
        "Total Expenses": 10980000000.0,
        "Diluted Average Shares": 1240000000.0,
        "Basic Average Shares": 1239000000.0,
        "Diluted EPS": 1.36,
        "Basic EPS": 1.36,
        "Diluted NI Availto Com Stockholders": 1689000000.0,
        "Net Income Common Stockholders": 1689000000.0,
        "Net Income": 1689000000.0,
        "Net Income Including Noncontrolling Interests": 1689000000.0,
        "Net Income Continuous Operations": 1689000000.0,
        "Tax Provision": 601000000.0,
        "Pretax Income": 2290000000.0,
        "Other Income Expense": 114000000.0,
        "Special Income Charges": 5000000.0,
        "Gain On Sale Of Ppe": 0.0,
        "Other Special Charges": -5000000.0,
        "Gain On Sale Of Security": 109000000.0,
        "Net Non Operating Interest Income Expense": -174000000.0,
        "Interest Expense Non Operating": 175000000.0,
        "Interest Income Non Operating": 1000000.0,
        "Operating Income": 2350000000.0,
        "Operating Expense": 4010000000.0,
        "Other Operating Expenses": 3562000000.0,
        "Selling General And Administration": 448000000.0,
        "Selling And Marketing Expense": 448000000.0,
        "General And Administrative Expense": NaN,
        "Salaries And Wages": NaN,
        "Gross Profit": 6360000000.0,
        "Cost Of Revenue": 6970000000.0,
        "Total Revenue": 13330000000.0,
        "Operating Revenue": 13330000000.0
    },
    "2025-06-30": {
        "Tax Effect Of Unusual Items": 46189000.0,
        "Tax Rate For Calcs": 0.209,
        "Normalized EBITDA": 3090000000.0,
        "Total Unusual Items": 221000000.0,
        "Total Unusual Items Excluding Goodwill": 221000000.0,
        "Net Income From Continuing Operation Net Minority Interest": 1134000000.0,
        "Reconciled Depreciation": 1709000000.0,
        "Reconciled Cost Of Revenue": 7568000000.0,
        "EBITDA": 3311000000.0,
        "EBIT": 1602000000.0,
        "Net Interest Income": -168000000.0,
        "Interest Expense": 168000000.0,
        "Interest Income": NaN,
        "Normalized Income": 959189000.0,
        "Net Income From Continuing And Discontinued Operation": 1134000000.0,
        "Total Expenses": 11368000000.0,
        "Diluted Average Shares": 1226000000.0,
        "Basic Average Shares": 1225000000.0,
        "Diluted EPS": 0.93,
        "Basic EPS": 0.93,
        "Diluted NI Availto Com Stockholders": 1134000000.0,
        "Net Income Common Stockholders": 1134000000.0,
        "Net Income": 1134000000.0,
        "Net Income Including Noncontrolling Interests": 1134000000.0,
        "Net Income Continuous Operations": 1134000000.0,
        "Tax Provision": 300000000.0,
        "Pretax Income": 1434000000.0,
        "Other Income Expense": 221000000.0,
        "Special Income Charges": 7000000.0,
        "Gain On Sale Of Ppe": 0.0,
        "Other Special Charges": -7000000.0,
        "Gain On Sale Of Security": 214000000.0,
        "Net Non Operating Interest Income Expense": -168000000.0,
        "Interest Expense Non Operating": 168000000.0,
        "Interest Income Non Operating": NaN,
        "Operating Income": 1381000000.0,
        "Operating Expense": 3800000000.0,
        "Other Operating Expenses": 3291000000.0,
        "Selling General And Administration": 509000000.0,
        "Selling And Marketing Expense": 489000000.0,
        "General And Administrative Expense": 20000000.0,
        "Salaries And Wages": 20000000.0,
        "Gross Profit": 5181000000.0,
        "Cost Of Revenue": 7568000000.0,
        "Total Revenue": 12749000000.0,
        "Operating Revenue": 12749000000.0
    },
    "2025-09-30": {
        "Tax Effect Of Unusual Items": -1350000.0,
        "Tax Rate For Calcs": 0.27,
        "Normalized EBITDA": 4148000000.0,
        "Total Unusual Items": -5000000.0,
        "Total Unusual Items Excluding Goodwill": -5000000.0,
        "Net Income From Continuing Operation Net Minority Interest": 1619000000.0,
        "Reconciled Depreciation": 1731000000.0,
        "Reconciled Cost Of Revenue": 7215000000.0,
        "EBITDA": 4143000000.0,
        "EBIT": 2412000000.0,
        "Net Interest Income": -194000000.0,
        "Interest Expense": 195000000.0,
        "Interest Income": 1000000.0,
        "Normalized Income": 1622650000.0,
        "Net Income From Continuing And Discontinued Operation": 1619000000.0,
        "Total Expenses": 11149000000.0,
        "Diluted Average Shares": 1212000000.0,
        "Basic Average Shares": 1211000000.0,
        "Diluted EPS": 1.34,
        "Basic EPS": 1.34,
        "Diluted NI Availto Com Stockholders": 1619000000.0,
        "Net Income Common Stockholders": 1619000000.0,
        "Net Income": 1619000000.0,
        "Net Income Including Noncontrolling Interests": 1619000000.0,
        "Net Income Continuous Operations": 1619000000.0,
        "Tax Provision": 598000000.0,
        "Pretax Income": 2217000000.0,
        "Other Income Expense": -5000000.0,
        "Special Income Charges": 49000000.0,
        "Gain On Sale Of Ppe": 17000000.0,
        "Other Special Charges": -32000000.0,
        "Gain On Sale Of Security": -54000000.0,
        "Net Non Operating Interest Income Expense": -194000000.0,
        "Interest Expense Non Operating": 195000000.0,
        "Interest Income Non Operating": 1000000.0,
        "Operating Income": 2416000000.0,
        "Operating Expense": 3934000000.0,
        "Other Operating Expenses": 3421000000.0,
        "Selling General And Administration": 513000000.0,
        "Selling And Marketing Expense": 513000000.0,
        "General And Administrative Expense": NaN,
        "Salaries And Wages": NaN,
        "Gross Profit": 6350000000.0,
        "Cost Of Revenue": 7215000000.0,
        "Total Revenue": 13565000000.0,
        "Operating Revenue": 13565000000.0
    },
    "2025-12-31": {
        "Tax Effect Of Unusual Items": NaN,
        "Tax Rate For Calcs": NaN,
        "Normalized EBITDA": NaN,
        "Total Unusual Items": NaN,
        "Total Unusual Items Excluding Goodwill": NaN,
        "Net Income From Continuing Operation Net Minority Interest": NaN,
        "Reconciled Depreciation": NaN,
        "Reconciled Cost Of Revenue": NaN,
        "EBITDA": NaN,
        "EBIT": NaN,
        "Net Interest Income": NaN,
        "Interest Expense": NaN,
        "Interest Income": NaN,
        "Normalized Income": NaN,
        "Net Income From Continuing And Discontinued Operation": NaN,
        "Total Expenses": NaN,
        "Diluted Average Shares": 1201000000.0,
        "Basic Average Shares": 1200000000.0,
        "Diluted EPS": 1.23,
        "Basic EPS": 1.23,
        "Diluted NI Availto Com Stockholders": NaN,
        "Net Income Common Stockholders": NaN,
        "Net Income": NaN,
        "Net Income Including Noncontrolling Interests": NaN,
        "Net Income Continuous Operations": NaN,
        "Tax Provision": NaN,
        "Pretax Income": NaN,
        "Other Income Expense": NaN,
        "Special Income Charges": NaN,
        "Gain On Sale Of Ppe": NaN,
        "Other Special Charges": NaN,
        "Gain On Sale Of Security": NaN,
        "Net Non Operating Interest Income Expense": NaN,
        "Interest Expense Non Operating": NaN,
        "Interest Income Non Operating": NaN,
        "Operating Income": NaN,
        "Operating Expense": NaN,
        "Other Operating Expenses": NaN,
        "Selling General And Administration": NaN,
        "Selling And Marketing Expense": NaN,
        "General And Administrative Expense": NaN,
        "Salaries And Wages": NaN,
        "Gross Profit": NaN,
        "Cost Of Revenue": NaN,
        "Total Revenue": NaN,
        "Operating Revenue": NaN
    }
}