{
    "2024-09-30": {
        "Tax Effect Of Unusual Items": -184760.52,
        "Tax Rate For Calcs": 0.21,
        "Normalized EBITDA": -821989.0,
        "Total Unusual Items": -879812.0,
        "Total Unusual Items Excluding Goodwill": -879812.0,
        "Net Income From Continuing Operation Net Minority Interest": -3298609.0,
        "Reconciled Depreciation": 784748.0,
        "Reconciled Cost Of Revenue": 9407288.0,
        "EBITDA": -1701801.0,
        "EBIT": -2486549.0,
        "Net Interest Income": -811551.0,
        "Interest Expense": 811551.0,
        "Normalized Income": -2603557.52,
        "Net Income From Continuing And Discontinued Operation": -3298609.0,
        "Total Expenses": 16325123.0,
        "Total Operating Income As Reported": -1606737.0,
        "Diluted Average Shares": 1513.0,
        "Basic Average Shares": 1513.0,
        "Diluted EPS": -2354.0,
        "Basic EPS": -2354.0,
        "Diluted NI Availto Com Stockholders": -3563091.0,
        "Net Income Common Stockholders": -3563091.0,
        "Otherunder Preferred Stock Dividend": -3199944.0,
        "Preferred Stock Dividends": 3464426.0,
        "Net Income": -3298609.0,
        "Net Income Including Noncontrolling Interests": -3298609.0,
        "Net Income Discontinuous Operations": 0.0,
        "Net Income Continuous Operations": -3298609.0,
        "Tax Provision": 509.0,
        "Pretax Income": -3298100.0,
        "Other Income Expense": -879812.0,
        "Other Non Operating Income Expenses": NaN,
        "Special Income Charges": -56648.0,
        "Gain On Sale Of Ppe": -6940.0,
        "Other Special Charges": 35657.0,
        "Restructuring And Mergern Acquisition": 14051.0,
        "Gain On Sale Of Security": -823164.0,
        "Net Non Operating Interest Income Expense": -811551.0,
        "Interest Expense Non Operating": 811551.0,
        "Operating Income": -1606737.0,
        "Operating Expense": 6842462.0,
        "Depreciation Amortization Depletion Income Statement": 709375.0,
        "Depreciation And Amortization In Income Statement": 709375.0,
        "Amortization": 709375.0,
        "Amortization Of Intangibles Income Statement": 709375.0,
        "Selling General And Administration": 6133087.0,
        "Gross Profit": 5235725.0,
        "Cost Of Revenue": 9482661.0,
        "Total Revenue": 14718386.0,
        "Operating Revenue": 14718386.0
    },
    "2024-06-30": {
        "Tax Effect Of Unusual Items": 0.0,
        "Tax Rate For Calcs": 0.0,
        "Normalized EBITDA": -1572397.0,
        "Total Unusual Items": -3845846.0,
        "Total Unusual Items Excluding Goodwill": -3845846.0,
        "Net Income From Continuing Operation Net Minority Interest": -6934015.0,
        "Reconciled Depreciation": 786772.0,
        "Reconciled Cost Of Revenue": 8679669.0,
        "EBITDA": -5418243.0,
        "EBIT": -6205015.0,
        "Net Interest Income": -735633.0,
        "Interest Expense": 735633.0,
        "Normalized Income": -3088169.0,
        "Net Income From Continuing And Discontinued Operation": -6934015.0,
        "Total Expenses": 16025364.0,
        "Total Operating Income As Reported": -2025944.0,
        "Diluted Average Shares": 724.0,
        "Basic Average Shares": 724.0,
        "Diluted EPS": -9577.368785,
        "Basic EPS": -9577.368785,
        "Diluted NI Availto Com Stockholders": -6934015.0,
        "Net Income Common Stockholders": -6934015.0,
        "Otherunder Preferred Stock Dividend": 0.0,
        "Preferred Stock Dividends": NaN,
        "Net Income": -6934015.0,
        "Net Income Including Noncontrolling Interests": -6934015.0,
        "Net Income Discontinuous Operations": 0.0,
        "Net Income Continuous Operations": -6934015.0,
        "Tax Provision": -6633.0,
        "Pretax Income": -6940648.0,
        "Other Income Expense": -3729071.0,
        "Other Non Operating Income Expenses": 116775.0,
        "Special Income Charges": 450000.0,
        "Gain On Sale Of Ppe": 0.0,
        "Other Special Charges": NaN,
        "Restructuring And Mergern Acquisition": -450000.0,
        "Gain On Sale Of Security": -4295846.0,
        "Net Non Operating Interest Income Expense": -735633.0,
        "Interest Expense Non Operating": 735633.0,
        "Operating Income": -2475944.0,
        "Operating Expense": 7268298.0,
        "Depreciation Amortization Depletion Income Statement": 709375.0,
        "Depreciation And Amortization In Income Statement": 709375.0,
        "Amortization": 709375.0,
        "Amortization Of Intangibles Income Statement": 709375.0,
        "Selling General And Administration": 6558923.0,
        "Gross Profit": 4792354.0,
        "Cost Of Revenue": 8757066.0,
        "Total Revenue": 13549420.0,
        "Operating Revenue": 13549420.0
    },
    "2024-03-31": {
        "Tax Effect Of Unusual Items": 20652.76,
        "Tax Rate For Calcs": 0.005,
        "Normalized EBITDA": -1355077.0,
        "Total Unusual Items": 4130552.0,
        "Total Unusual Items Excluding Goodwill": 4130552.0,
        "Net Income From Continuing Operation Net Minority Interest": 1202651.0,
        "Reconciled Depreciation": 801792.0,
        "Reconciled Cost Of Revenue": 8321332.0,
        "EBITDA": 2775475.0,
        "EBIT": 1973683.0,
        "Net Interest Income": -764870.0,
        "Interest Expense": 764870.0,
        "Normalized Income": -2907248.24,
        "Net Income From Continuing And Discontinued Operation": 1202651.0,
        "Total Expenses": 15752151.0,
        "Total Operating Income As Reported": -2182954.0,
        "Diluted Average Shares": 427.0,
        "Basic Average Shares": 427.0,
        "Diluted EPS": -23700.206089,
        "Basic EPS": -23700.206089,
        "Diluted NI Availto Com Stockholders": 1202651.0,
        "Net Income Common Stockholders": 1202651.0,
        "Otherunder Preferred Stock Dividend": NaN,
        "Preferred Stock Dividends": NaN,
        "Net Income": 1202651.0,
        "Net Income Including Noncontrolling Interests": 1202651.0,
        "Net Income Discontinuous Operations": 0.0,
        "Net Income Continuous Operations": 1202651.0,
        "Tax Provision": 6162.0,
        "Pretax Income": 1208813.0,
        "Other Income Expense": 4506637.0,
        "Other Non Operating Income Expenses": 376085.0,
        "Special Income Charges": 356118.0,
        "Gain On Sale Of Ppe": 6118.0,
        "Other Special Charges": NaN,
        "Restructuring And Mergern Acquisition": -350000.0,
        "Gain On Sale Of Security": 3774434.0,
        "Net Non Operating Interest Income Expense": -764870.0,
        "Interest Expense Non Operating": 764870.0,
        "Operating Income": -2532954.0,
        "Operating Expense": 7338402.0,
        "Depreciation Amortization Depletion Income Statement": 709375.0,
        "Depreciation And Amortization In Income Statement": 709375.0,
        "Amortization": 709375.0,
        "Amortization Of Intangibles Income Statement": 709375.0,
        "Selling General And Administration": 6629027.0,
        "Gross Profit": 4805448.0,
        "Cost Of Revenue": 8413749.0,
        "Total Revenue": 13219197.0,
        "Operating Revenue": 13219197.0
    },
    "2023-12-31": {
        "Tax Effect Of Unusual Items": 289973.25,
        "Tax Rate For Calcs": 0.21,
        "Normalized EBITDA": -1014189.0,
        "Total Unusual Items": 1380825.0,
        "Total Unusual Items Excluding Goodwill": 1380825.0,
        "Net Income From Continuing Operation Net Minority Interest": -1677358.0,
        "Reconciled Depreciation": 1133481.0,
        "Reconciled Cost Of Revenue": 13826715.0,
        "EBITDA": 366636.0,
        "EBIT": -766845.0,
        "Net Interest Income": -789941.0,
        "Interest Expense": 789941.0,
        "Normalized Income": -2768209.75,
        "Net Income From Continuing And Discontinued Operation": -1663398.0,
        "Total Expenses": 21589966.0,
        "Total Operating Income As Reported": -2337670.0,
        "Diluted Average Shares": NaN,
        "Basic Average Shares": NaN,
        "Diluted EPS": NaN,
        "Basic EPS": NaN,
        "Diluted NI Availto Com Stockholders": -1663398.0,
        "Net Income Common Stockholders": -1663398.0,
        "Otherunder Preferred Stock Dividend": NaN,
        "Preferred Stock Dividends": NaN,
        "Net Income": -1663398.0,
        "Net Income Including Noncontrolling Interests": -1663398.0,
        "Net Income Discontinuous Operations": 13960.0,
        "Net Income Continuous Operations": -1677358.0,
        "Tax Provision": 120572.0,
        "Pretax Income": -1556786.0,
        "Other Income Expense": 1380825.0,
        "Other Non Operating Income Expenses": NaN,
        "Special Income Charges": 1332693.0,
        "Gain On Sale Of Ppe": 0.0,
        "Other Special Charges": NaN,
        "Restructuring And Mergern Acquisition": -1332693.0,
        "Gain On Sale Of Security": 48132.0,
        "Net Non Operating Interest Income Expense": -789941.0,
        "Interest Expense Non Operating": 789941.0,
        "Operating Income": -2147670.0,
        "Operating Expense": 7668152.0,
        "Depreciation Amortization Depletion Income Statement": 1038382.0,
        "Depreciation And Amortization In Income Statement": 1038382.0,
        "Amortization": 1038382.0,
        "Amortization Of Intangibles Income Statement": 1038382.0,
        "Selling General And Administration": 6629770.0,
        "Gross Profit": 5520482.0,
        "Cost Of Revenue": 13921814.0,
        "Total Revenue": 19442296.0,
        "Operating Revenue": 19442297.0
    },
    "2023-09-30": {
        "Tax Effect Of Unusual Items": NaN,
        "Tax Rate For Calcs": NaN,
        "Normalized EBITDA": NaN,
        "Total Unusual Items": NaN,
        "Total Unusual Items Excluding Goodwill": NaN,
        "Net Income From Continuing Operation Net Minority Interest": NaN,
        "Reconciled Depreciation": NaN,
        "Reconciled Cost Of Revenue": NaN,
        "EBITDA": NaN,
        "EBIT": NaN,
        "Net Interest Income": NaN,
        "Interest Expense": NaN,
        "Normalized Income": NaN,
        "Net Income From Continuing And Discontinued Operation": NaN,
        "Total Expenses": NaN,
        "Total Operating Income As Reported": NaN,
        "Diluted Average Shares": 67.0,
        "Basic Average Shares": 67.0,
        "Diluted EPS": -35269.19403,
        "Basic EPS": -35269.19403,
        "Diluted NI Availto Com Stockholders": NaN,
        "Net Income Common Stockholders": NaN,
        "Otherunder Preferred Stock Dividend": 0.0,
        "Preferred Stock Dividends": NaN,
        "Net Income": NaN,
        "Net Income Including Noncontrolling Interests": NaN,
        "Net Income Discontinuous Operations": NaN,
        "Net Income Continuous Operations": NaN,
        "Tax Provision": NaN,
        "Pretax Income": NaN,
        "Other Income Expense": NaN,
        "Other Non Operating Income Expenses": NaN,
        "Special Income Charges": NaN,
        "Gain On Sale Of Ppe": NaN,
        "Other Special Charges": NaN,
        "Restructuring And Mergern Acquisition": NaN,
        "Gain On Sale Of Security": NaN,
        "Net Non Operating Interest Income Expense": NaN,
        "Interest Expense Non Operating": NaN,
        "Operating Income": NaN,
        "Operating Expense": NaN,
        "Depreciation Amortization Depletion Income Statement": NaN,
        "Depreciation And Amortization In Income Statement": NaN,
        "Amortization": NaN,
        "Amortization Of Intangibles Income Statement": NaN,
        "Selling General And Administration": NaN,
        "Gross Profit": NaN,
        "Cost Of Revenue": NaN,
        "Total Revenue": NaN,
        "Operating Revenue": NaN
    },
    "2023-06-30": {
        "Tax Effect Of Unusual Items": NaN,
        "Tax Rate For Calcs": NaN,
        "Normalized EBITDA": NaN,
        "Total Unusual Items": NaN,
        "Total Unusual Items Excluding Goodwill": NaN,
        "Net Income From Continuing Operation Net Minority Interest": NaN,
        "Reconciled Depreciation": NaN,
        "Reconciled Cost Of Revenue": NaN,
        "EBITDA": NaN,
        "EBIT": NaN,
        "Net Interest Income": NaN,
        "Interest Expense": NaN,
        "Normalized Income": NaN,
        "Net Income From Continuing And Discontinued Operation": NaN,
        "Total Expenses": NaN,
        "Total Operating Income As Reported": NaN,
        "Diluted Average Shares": 13265.0,
        "Basic Average Shares": 13265.0,
        "Diluted EPS": -117.0,
        "Basic EPS": -117.0,
        "Diluted NI Availto Com Stockholders": NaN,
        "Net Income Common Stockholders": NaN,
        "Otherunder Preferred Stock Dividend": 0.0,
        "Preferred Stock Dividends": NaN,
        "Net Income": NaN,
        "Net Income Including Noncontrolling Interests": NaN,
        "Net Income Discontinuous Operations": NaN,
        "Net Income Continuous Operations": NaN,
        "Tax Provision": NaN,
        "Pretax Income": NaN,
        "Other Income Expense": NaN,
        "Other Non Operating Income Expenses": 1642195.0,
        "Special Income Charges": NaN,
        "Gain On Sale Of Ppe": NaN,
        "Other Special Charges": NaN,
        "Restructuring And Mergern Acquisition": NaN,
        "Gain On Sale Of Security": NaN,
        "Net Non Operating Interest Income Expense": NaN,
        "Interest Expense Non Operating": NaN,
        "Operating Income": NaN,
        "Operating Expense": NaN,
        "Depreciation Amortization Depletion Income Statement": NaN,
        "Depreciation And Amortization In Income Statement": NaN,
        "Amortization": NaN,
        "Amortization Of Intangibles Income Statement": NaN,
        "Selling General And Administration": NaN,
        "Gross Profit": NaN,
        "Cost Of Revenue": NaN,
        "Total Revenue": NaN,
        "Operating Revenue": NaN
    },
    "2023-03-31": {
        "Tax Effect Of Unusual Items": NaN,
        "Tax Rate For Calcs": NaN,
        "Normalized EBITDA": NaN,
        "Total Unusual Items": NaN,
        "Total Unusual Items Excluding Goodwill": NaN,
        "Net Income From Continuing Operation Net Minority Interest": NaN,
        "Reconciled Depreciation": NaN,
        "Reconciled Cost Of Revenue": NaN,
        "EBITDA": NaN,
        "EBIT": NaN,
        "Net Interest Income": NaN,
        "Interest Expense": NaN,
        "Normalized Income": NaN,
        "Net Income From Continuing And Discontinued Operation": NaN,
        "Total Expenses": NaN,
        "Total Operating Income As Reported": NaN,
        "Diluted Average Shares": NaN,
        "Basic Average Shares": NaN,
        "Diluted EPS": NaN,
        "Basic EPS": NaN,
        "Diluted NI Availto Com Stockholders": NaN,
        "Net Income Common Stockholders": NaN,
        "Otherunder Preferred Stock Dividend": NaN,
        "Preferred Stock Dividends": NaN,
        "Net Income": NaN,
        "Net Income Including Noncontrolling Interests": NaN,
        "Net Income Discontinuous Operations": NaN,
        "Net Income Continuous Operations": NaN,
        "Tax Provision": NaN,
        "Pretax Income": NaN,
        "Other Income Expense": NaN,
        "Other Non Operating Income Expenses": -250000.0,
        "Special Income Charges": NaN,
        "Gain On Sale Of Ppe": NaN,
        "Other Special Charges": NaN,
        "Restructuring And Mergern Acquisition": NaN,
        "Gain On Sale Of Security": NaN,
        "Net Non Operating Interest Income Expense": NaN,
        "Interest Expense Non Operating": NaN,
        "Operating Income": NaN,
        "Operating Expense": NaN,
        "Depreciation Amortization Depletion Income Statement": NaN,
        "Depreciation And Amortization In Income Statement": NaN,
        "Amortization": NaN,
        "Amortization Of Intangibles Income Statement": NaN,
        "Selling General And Administration": NaN,
        "Gross Profit": NaN,
        "Cost Of Revenue": NaN,
        "Total Revenue": NaN,
        "Operating Revenue": NaN
    },
    "2024-12-31": {
        "Tax Effect Of Unusual Items": -663572.28,
        "Tax Rate For Calcs": 0.21,
        "Normalized EBITDA": -2069267.0,
        "Total Unusual Items": -3159868.0,
        "Total Unusual Items Excluding Goodwill": -3159868.0,
        "Net Income From Continuing Operation Net Minority Interest": -6819832.0,
        "Reconciled Depreciation": 780520.0,
        "Reconciled Cost Of Revenue": 9710888.0,
        "EBITDA": -5229135.0,
        "EBIT": -6009655.0,
        "Net Interest Income": -775396.0,
        "Interest Expense": 775396.0,
        "Normalized Income": -4323536.28,
        "Net Income From Continuing And Discontinued Operation": -6819832.0,
        "Total Expenses": 18224537.0,
        "Total Operating Income As Reported": -6501768.0,
        "Diluted Average Shares": NaN,
        "Basic Average Shares": NaN,
        "Diluted EPS": NaN,
        "Basic EPS": NaN,
        "Diluted NI Availto Com Stockholders": -6819832.0,
        "Net Income Common Stockholders": -6819832.0,
        "Otherunder Preferred Stock Dividend": 0.0,
        "Preferred Stock Dividends": 0.0,
        "Net Income": -6819832.0,
        "Net Income Including Noncontrolling Interests": -6819832.0,
        "Net Income Discontinuous Operations": 0.0,
        "Net Income Continuous Operations": -6819832.0,
        "Tax Provision": 34781.0,
        "Pretax Income": -6785051.0,
        "Other Income Expense": -3159868.0,
        "Other Non Operating Income Expenses": NaN,
        "Special Income Charges": -3608533.0,
        "Gain On Sale Of Ppe": 0.0,
        "Other Special Charges": 0.0,
        "Restructuring And Mergern Acquisition": -243448.0,
        "Gain On Sale Of Security": 448665.0,
        "Net Non Operating Interest Income Expense": -775396.0,
        "Interest Expense Non Operating": 775396.0,
        "Operating Income": -2849787.0,
        "Operating Expense": 8442504.0,
        "Depreciation Amortization Depletion Income Statement": 709375.0,
        "Depreciation And Amortization In Income Statement": 709375.0,
        "Amortization": 709375.0,
        "Amortization Of Intangibles Income Statement": 709375.0,
        "Selling General And Administration": 7733129.0,
        "Gross Profit": 5592717.0,
        "Cost Of Revenue": 9782033.0,
        "Total Revenue": 15374750.0,
        "Operating Revenue": 15374750.0
    }
}