{
    "2023-03-31": {
        "Tax Effect Of Unusual Items": NaN,
        "Tax Rate For Calcs": NaN,
        "Normalized EBITDA": NaN,
        "Total Unusual Items": NaN,
        "Total Unusual Items Excluding Goodwill": NaN,
        "Net Income From Continuing Operation Net Minority Interest": NaN,
        "Reconciled Depreciation": NaN,
        "Reconciled Cost Of Revenue": NaN,
        "EBITDA": NaN,
        "EBIT": NaN,
        "Net Interest Income": NaN,
        "Interest Expense": NaN,
        "Interest Income": NaN,
        "Normalized Income": NaN,
        "Net Income From Continuing And Discontinued Operation": NaN,
        "Total Expenses": NaN,
        "Total Operating Income As Reported": NaN,
        "Diluted Average Shares": NaN,
        "Basic Average Shares": NaN,
        "Diluted EPS": NaN,
        "Basic EPS": NaN,
        "Diluted NI Availto Com Stockholders": NaN,
        "Net Income Common Stockholders": NaN,
        "Net Income": NaN,
        "Minority Interests": NaN,
        "Net Income Including Noncontrolling Interests": NaN,
        "Net Income Continuous Operations": NaN,
        "Tax Provision": NaN,
        "Pretax Income": NaN,
        "Other Income Expense": NaN,
        "Other Non Operating Income Expenses": 596000.0,
        "Special Income Charges": -82325000.0,
        "Gain On Sale Of Ppe": -42748000.0,
        "Other Special Charges": 39577000.0,
        "Earnings From Equity Interest": NaN,
        "Gain On Sale Of Security": NaN,
        "Net Non Operating Interest Income Expense": NaN,
        "Total Other Finance Cost": 18857000.0,
        "Interest Expense Non Operating": NaN,
        "Interest Income Non Operating": NaN,
        "Operating Income": NaN,
        "Operating Expense": NaN,
        "Other Operating Expenses": NaN,
        "Depreciation Amortization Depletion Income Statement": 227907000.0,
        "Depletion Income Statement": -36255000.0,
        "Depreciation And Amortization In Income Statement": 264162000.0,
        "Depreciation Income Statement": 264162000.0,
        "Selling General And Administration": NaN,
        "Selling And Marketing Expense": NaN,
        "General And Administrative Expense": NaN,
        "Other Gand A": NaN,
        "Salaries And Wages": 298564000.0,
        "Gross Profit": NaN,
        "Cost Of Revenue": NaN,
        "Total Revenue": NaN,
        "Excise Taxes": 537087000.0,
        "Operating Revenue": NaN
    },
    "2022-12-31": {
        "Tax Effect Of Unusual Items": NaN,
        "Tax Rate For Calcs": NaN,
        "Normalized EBITDA": NaN,
        "Total Unusual Items": NaN,
        "Total Unusual Items Excluding Goodwill": NaN,
        "Net Income From Continuing Operation Net Minority Interest": NaN,
        "Reconciled Depreciation": NaN,
        "Reconciled Cost Of Revenue": NaN,
        "EBITDA": NaN,
        "EBIT": NaN,
        "Net Interest Income": NaN,
        "Interest Expense": NaN,
        "Interest Income": NaN,
        "Normalized Income": NaN,
        "Net Income From Continuing And Discontinued Operation": NaN,
        "Total Expenses": NaN,
        "Total Operating Income As Reported": NaN,
        "Diluted Average Shares": NaN,
        "Basic Average Shares": NaN,
        "Diluted EPS": NaN,
        "Basic EPS": NaN,
        "Diluted NI Availto Com Stockholders": NaN,
        "Net Income Common Stockholders": NaN,
        "Net Income": NaN,
        "Minority Interests": NaN,
        "Net Income Including Noncontrolling Interests": NaN,
        "Net Income Continuous Operations": NaN,
        "Tax Provision": NaN,
        "Pretax Income": NaN,
        "Other Income Expense": NaN,
        "Other Non Operating Income Expenses": -190881000.0,
        "Special Income Charges": 1118097000.0,
        "Gain On Sale Of Ppe": -27136000.0,
        "Other Special Charges": 54526000.0,
        "Earnings From Equity Interest": NaN,
        "Gain On Sale Of Security": NaN,
        "Net Non Operating Interest Income Expense": NaN,
        "Total Other Finance Cost": -22289000.0,
        "Interest Expense Non Operating": NaN,
        "Interest Income Non Operating": NaN,
        "Operating Income": NaN,
        "Operating Expense": NaN,
        "Other Operating Expenses": NaN,
        "Other Taxes": 0.0,
        "Depreciation Amortization Depletion Income Statement": 212074000.0,
        "Depletion Income Statement": NaN,
        "Depreciation And Amortization In Income Statement": 264184000.0,
        "Depreciation Income Statement": NaN,
        "Selling General And Administration": NaN,
        "Selling And Marketing Expense": NaN,
        "General And Administrative Expense": NaN,
        "Other Gand A": NaN,
        "Salaries And Wages": 450353000.0,
        "Gross Profit": NaN,
        "Cost Of Revenue": NaN,
        "Total Revenue": NaN,
        "Excise Taxes": 612906000.0,
        "Operating Revenue": NaN
    },
    "2022-09-30": {
        "Tax Effect Of Unusual Items": -232343600.0,
        "Tax Rate For Calcs": 0.4,
        "Normalized EBITDA": 9124262000.0,
        "Total Unusual Items": -580859000.0,
        "Total Unusual Items Excluding Goodwill": -580859000.0,
        "Net Income From Continuing Operation Net Minority Interest": 5444887000.0,
        "Reconciled Depreciation": 1907379000.0,
        "Reconciled Cost Of Revenue": 6472670000.0,
        "EBITDA": 8543403000.0,
        "EBIT": 6636024000.0,
        "Net Interest Income": -946917000.0,
        "Interest Expense": 1216422000.0,
        "Interest Income": 269505000.0,
        "Normalized Income": 5793402400.0,
        "Net Income From Continuing And Discontinued Operation": 5444887000.0,
        "Total Expenses": 7509009000.0,
        "Total Operating Income As Reported": 6947378000.0,
        "Diluted Average Shares": 1317953342.0,
        "Basic Average Shares": 1317736447.0,
        "Diluted EPS": 4.13132,
        "Basic EPS": 4.132,
        "Diluted NI Availto Com Stockholders": 5444887000.0,
        "Net Income Common Stockholders": 5444887000.0,
        "Net Income": 5444887000.0,
        "Minority Interests": -3211000.0,
        "Net Income Including Noncontrolling Interests": 5448098000.0,
        "Net Income Continuous Operations": 5448098000.0,
        "Tax Provision": -28496000.0,
        "Pretax Income": 5419602000.0,
        "Other Income Expense": -323221000.0,
        "Other Non Operating Income Expenses": NaN,
        "Special Income Charges": NaN,
        "Gain On Sale Of Ppe": NaN,
        "Other Special Charges": NaN,
        "Earnings From Equity Interest": 257638000.0,
        "Gain On Sale Of Security": -580859000.0,
        "Net Non Operating Interest Income Expense": -946917000.0,
        "Total Other Finance Cost": NaN,
        "Interest Expense Non Operating": 1216422000.0,
        "Interest Income Non Operating": 269505000.0,
        "Operating Income": 6689740000.0,
        "Operating Expense": 1036339000.0,
        "Other Operating Expenses": 18562000.0,
        "Other Taxes": NaN,
        "Depreciation Amortization Depletion Income Statement": NaN,
        "Depletion Income Statement": NaN,
        "Depreciation And Amortization In Income Statement": NaN,
        "Selling General And Administration": 1017777000.0,
        "Selling And Marketing Expense": 625114000.0,
        "General And Administrative Expense": 392663000.0,
        "Other Gand A": 392663000.0,
        "Salaries And Wages": NaN,
        "Gross Profit": 7726079000.0,
        "Cost Of Revenue": 6472670000.0,
        "Total Revenue": 14198749000.0,
        "Excise Taxes": NaN,
        "Operating Revenue": 14198749000.0
    },
    "2022-06-30": {
        "Tax Effect Of Unusual Items": -2414216400.0,
        "Tax Rate For Calcs": 0.4,
        "Normalized EBITDA": 6660421000.0,
        "Total Unusual Items": -6035541000.0,
        "Total Unusual Items Excluding Goodwill": -6035541000.0,
        "Net Income From Continuing Operation Net Minority Interest": 175625000.0,
        "Reconciled Depreciation": 1878701000.0,
        "Reconciled Cost Of Revenue": 6122925000.0,
        "EBITDA": 624880000.0,
        "EBIT": -1253821000.0,
        "Net Interest Income": -939119000.0,
        "Interest Expense": 1133402000.0,
        "Interest Income": 194283000.0,
        "Normalized Income": 3796949600.0,
        "Net Income From Continuing And Discontinued Operation": 175625000.0,
        "Total Expenses": 6951267000.0,
        "Total Operating Income As Reported": 4587437000.0,
        "Diluted Average Shares": 1345373066.0,
        "Basic Average Shares": 1345063950.0,
        "Diluted EPS": 0.13054,
        "Basic EPS": 0.13057,
        "Diluted NI Availto Com Stockholders": 175625000.0,
        "Net Income Common Stockholders": 175625000.0,
        "Net Income": 175625000.0,
        "Minority Interests": -6164000.0,
        "Net Income Including Noncontrolling Interests": 181789000.0,
        "Net Income Continuous Operations": 181789000.0,
        "Tax Provision": -2569012000.0,
        "Pretax Income": -2387223000.0,
        "Other Income Expense": -6016492000.0,
        "Other Non Operating Income Expenses": NaN,
        "Special Income Charges": NaN,
        "Gain On Sale Of Ppe": NaN,
        "Other Special Charges": NaN,
        "Earnings From Equity Interest": 19049000.0,
        "Gain On Sale Of Security": -6035541000.0,
        "Net Non Operating Interest Income Expense": -939119000.0,
        "Total Other Finance Cost": 6974660000.0,
        "Interest Expense Non Operating": 1133402000.0,
        "Interest Income Non Operating": 194283000.0,
        "Operating Income": 4568388000.0,
        "Operating Expense": 828342000.0,
        "Other Operating Expenses": -161993000.0,
        "Other Taxes": NaN,
        "Depreciation Amortization Depletion Income Statement": NaN,
        "Depletion Income Statement": NaN,
        "Depreciation And Amortization In Income Statement": NaN,
        "Selling General And Administration": 990335000.0,
        "Selling And Marketing Expense": 625567000.0,
        "General And Administrative Expense": 364768000.0,
        "Other Gand A": 364768000.0,
        "Salaries And Wages": NaN,
        "Gross Profit": 5396730000.0,
        "Cost Of Revenue": 6122925000.0,
        "Total Revenue": 11519655000.0,
        "Excise Taxes": NaN,
        "Operating Revenue": 11519655000.0
    },
    "2023-06-30": {
        "Tax Effect Of Unusual Items": NaN,
        "Tax Rate For Calcs": NaN,
        "Normalized EBITDA": NaN,
        "Total Unusual Items": NaN,
        "Total Unusual Items Excluding Goodwill": NaN,
        "Net Income From Continuing Operation Net Minority Interest": NaN,
        "Reconciled Depreciation": NaN,
        "Reconciled Cost Of Revenue": NaN,
        "EBITDA": NaN,
        "EBIT": NaN,
        "Net Interest Income": NaN,
        "Interest Expense": NaN,
        "Interest Income": NaN,
        "Normalized Income": NaN,
        "Net Income From Continuing And Discontinued Operation": NaN,
        "Total Expenses": NaN,
        "Total Operating Income As Reported": 3068677000.0,
        "Diluted Average Shares": 1299478992.0,
        "Basic Average Shares": 1298989871.0,
        "Diluted EPS": 3.90397,
        "Basic EPS": 3.90544,
        "Diluted NI Availto Com Stockholders": NaN,
        "Net Income Common Stockholders": NaN,
        "Net Income": NaN,
        "Minority Interests": NaN,
        "Net Income Including Noncontrolling Interests": NaN,
        "Net Income Continuous Operations": NaN,
        "Tax Provision": NaN,
        "Pretax Income": NaN,
        "Other Income Expense": NaN,
        "Other Non Operating Income Expenses": NaN,
        "Special Income Charges": NaN,
        "Gain On Sale Of Ppe": NaN,
        "Other Special Charges": NaN,
        "Earnings From Equity Interest": NaN,
        "Gain On Sale Of Security": NaN,
        "Net Non Operating Interest Income Expense": NaN,
        "Total Other Finance Cost": NaN,
        "Interest Expense Non Operating": NaN,
        "Interest Income Non Operating": NaN,
        "Operating Income": NaN,
        "Operating Expense": NaN,
        "Other Operating Expenses": NaN,
        "Depreciation Amortization Depletion Income Statement": NaN,
        "Depletion Income Statement": NaN,
        "Depreciation And Amortization In Income Statement": NaN,
        "Depreciation Income Statement": NaN,
        "Selling General And Administration": NaN,
        "Selling And Marketing Expense": NaN,
        "General And Administrative Expense": NaN,
        "Other Gand A": NaN,
        "Salaries And Wages": NaN,
        "Gross Profit": NaN,
        "Cost Of Revenue": NaN,
        "Total Revenue": NaN,
        "Excise Taxes": NaN,
        "Operating Revenue": NaN
    },
    "2022-03-31": {
        "Diluted EPS": 1.46,
        "Total Revenue": NaN,
        "Gross Profit": 825,
        "Operating Income": 649,
        "EBIT": 974,
        "Net Income": NaN
    },
    "2021-12-31": {
        "Diluted EPS": 0.29,
        "Total Revenue": NaN,
        "Gross Profit": NaN,
        "Operating Income": 843,
        "EBIT": NaN,
        "Net Income": 393
    },
    "2021-09-30": {
        "Diluted EPS": -0.14,
        "Total Revenue": NaN,
        "Gross Profit": NaN,
        "Operating Income": 883,
        "EBIT": NaN,
        "Net Income": -184
    },
    "2021-06-30": {
        "Diluted EPS": 1.4,
        "Total Revenue": NaN,
        "Gross Profit": 957,
        "Operating Income": 983,
        "EBIT": NaN,
        "Net Income": NaN
    },
    "2021-03-31": {
        "Diluted EPS": -0.37,
        "Total Revenue": NaN,
        "Gross Profit": 740,
        "Operating Income": 660,
        "EBIT": 985,
        "Net Income": -505
    },
    "2020-12-31": {
        "Diluted EPS": 3.29,
        "Total Revenue": NaN,
        "Gross Profit": 586,
        "Operating Income": 461,
        "EBIT": 847,
        "Net Income": NaN
    },
    "2020-09-30": {
        "Diluted EPS": -2.3,
        "Total Revenue": NaN,
        "Gross Profit": 558,
        "Operating Income": 403,
        "EBIT": 698,
        "Net Income": -216
    },
    "2020-06-30": {
        "Diluted EPS": -0.28,
        "Total Revenue": NaN,
        "Gross Profit": 598,
        "Operating Income": 469,
        "EBIT": 716,
        "Net Income": -384
    },
    "2020-03-31": {
        "Diluted EPS": -2.25,
        "Total Revenue": NaN,
        "Gross Profit": 488,
        "Operating Income": 305,
        "EBIT": 670,
        "Net Income": NaN
    },
    "2019-12-31": {
        "Diluted EPS": 0.24,
        "Total Revenue": NaN,
        "Gross Profit": 301,
        "Operating Income": 140,
        "EBIT": NaN,
        "Net Income": 306
    },
    "2019-09-30": {
        "Diluted EPS": -0.65,
        "Total Revenue": NaN,
        "Gross Profit": 407,
        "Operating Income": 252,
        "EBIT": 520,
        "Net Income": -874
    },
    "2019-06-30": {
        "Diluted EPS": 0.13,
        "Total Revenue": NaN,
        "Gross Profit": 368,
        "Operating Income": 225,
        "EBIT": 453,
        "Net Income": 179
    },
    "2019-03-31": {
        "Diluted EPS": -0.25,
        "Total Revenue": NaN,
        "Gross Profit": 259,
        "Operating Income": 49,
        "EBIT": 281,
        "Net Income": -326
    },
    "2018-09-30": {
        "Diluted EPS": -0.03,
        "Total Revenue": NaN,
        "Gross Profit": 519,
        "Operating Income": 440,
        "EBIT": 440,
        "Net Income": -27
    },
    "2023-09-30": {
        "Tax Effect Of Unusual Items": NaN,
        "Tax Rate For Calcs": NaN,
        "Normalized EBITDA": NaN,
        "Total Unusual Items": NaN,
        "Total Unusual Items Excluding Goodwill": NaN,
        "Net Income From Continuing Operation Net Minority Interest": NaN,
        "Reconciled Depreciation": NaN,
        "Reconciled Cost Of Revenue": NaN,
        "EBITDA": NaN,
        "EBIT": NaN,
        "Net Interest Income": NaN,
        "Interest Expense": NaN,
        "Interest Income": NaN,
        "Normalized Income": NaN,
        "Net Income From Continuing And Discontinued Operation": NaN,
        "Total Expenses": NaN,
        "Total Operating Income As Reported": NaN,
        "Diluted Average Shares": 1298988091.0,
        "Basic Average Shares": 1298988091.0,
        "Diluted EPS": -0.56428,
        "Basic EPS": -0.56428,
        "Diluted NI Availto Com Stockholders": NaN,
        "Net Income Common Stockholders": NaN,
        "Net Income": NaN,
        "Minority Interests": NaN,
        "Net Income Including Noncontrolling Interests": NaN,
        "Net Income Continuous Operations": NaN,
        "Tax Provision": NaN,
        "Pretax Income": NaN,
        "Other Income Expense": NaN,
        "Other Non Operating Income Expenses": NaN,
        "Special Income Charges": NaN,
        "Gain On Sale Of Ppe": NaN,
        "Other Special Charges": NaN,
        "Earnings From Equity Interest": NaN,
        "Gain On Sale Of Security": NaN,
        "Net Non Operating Interest Income Expense": NaN,
        "Total Other Finance Cost": NaN,
        "Interest Expense Non Operating": NaN,
        "Interest Income Non Operating": NaN,
        "Operating Income": NaN,
        "Operating Expense": NaN,
        "Other Operating Expenses": NaN,
        "Depreciation Amortization Depletion Income Statement": NaN,
        "Depletion Income Statement": NaN,
        "Depreciation And Amortization In Income Statement": NaN,
        "Depreciation Income Statement": NaN,
        "Selling General And Administration": NaN,
        "Selling And Marketing Expense": NaN,
        "General And Administrative Expense": NaN,
        "Other Gand A": NaN,
        "Salaries And Wages": NaN,
        "Gross Profit": NaN,
        "Cost Of Revenue": NaN,
        "Total Revenue": NaN,
        "Excise Taxes": NaN,
        "Operating Revenue": NaN
    },
    "2023-12-31": {
        "Tax Effect Of Unusual Items": NaN,
        "Tax Rate For Calcs": NaN,
        "Normalized EBITDA": NaN,
        "Total Unusual Items": NaN,
        "Total Unusual Items Excluding Goodwill": NaN,
        "Net Income From Continuing Operation Net Minority Interest": NaN,
        "Reconciled Depreciation": NaN,
        "Reconciled Cost Of Revenue": NaN,
        "EBITDA": NaN,
        "EBIT": NaN,
        "Net Interest Income": NaN,
        "Interest Expense": NaN,
        "Interest Income": NaN,
        "Normalized Income": NaN,
        "Net Income From Continuing And Discontinued Operation": NaN,
        "Total Expenses": NaN,
        "Total Operating Income As Reported": NaN,
        "Diluted Average Shares": NaN,
        "Basic Average Shares": NaN,
        "Diluted EPS": NaN,
        "Basic EPS": NaN,
        "Diluted NI Availto Com Stockholders": NaN,
        "Net Income Common Stockholders": NaN,
        "Net Income": NaN,
        "Minority Interests": NaN,
        "Net Income Including Noncontrolling Interests": NaN,
        "Net Income Continuous Operations": NaN,
        "Tax Provision": NaN,
        "Pretax Income": NaN,
        "Other Income Expense": NaN,
        "Other Non Operating Income Expenses": 942000.0,
        "Special Income Charges": 1681298000.0,
        "Gain On Sale Of Ppe": -140970000.0,
        "Other Special Charges": NaN,
        "Earnings From Equity Interest": NaN,
        "Gain On Sale Of Security": NaN,
        "Net Non Operating Interest Income Expense": NaN,
        "Total Other Finance Cost": 107046000.0,
        "Interest Expense Non Operating": NaN,
        "Interest Income Non Operating": NaN,
        "Operating Income": NaN,
        "Operating Expense": NaN,
        "Other Operating Expenses": NaN,
        "Depreciation Amortization Depletion Income Statement": -116125000.0,
        "Depletion Income Statement": -388345000.0,
        "Depreciation And Amortization In Income Statement": 272220000.0,
        "Depreciation Income Statement": NaN,
        "Selling General And Administration": NaN,
        "Selling And Marketing Expense": NaN,
        "General And Administrative Expense": NaN,
        "Other Gand A": NaN,
        "Salaries And Wages": 452232000.0,
        "Gross Profit": NaN,
        "Cost Of Revenue": NaN,
        "Total Revenue": NaN,
        "Excise Taxes": 602126000.0,
        "Operating Revenue": NaN
    },
    "2024-03-31": {
        "Tax Effect Of Unusual Items": NaN,
        "Tax Rate For Calcs": NaN,
        "Normalized EBITDA": NaN,
        "Total Unusual Items": NaN,
        "Total Unusual Items Excluding Goodwill": NaN,
        "Net Income From Continuing Operation Net Minority Interest": NaN,
        "Reconciled Depreciation": NaN,
        "Reconciled Cost Of Revenue": NaN,
        "EBITDA": NaN,
        "EBIT": NaN,
        "Net Interest Income": NaN,
        "Interest Expense": NaN,
        "Interest Income": NaN,
        "Normalized Income": NaN,
        "Net Income From Continuing And Discontinued Operation": NaN,
        "Total Expenses": NaN,
        "Total Operating Income As Reported": 2552226000.0,
        "Diluted Average Shares": 1286166000.0,
        "Basic Average Shares": 1285502000.0,
        "Diluted EPS": 0.16747,
        "Basic EPS": 0.16755,
        "Diluted NI Availto Com Stockholders": NaN,
        "Net Income Common Stockholders": NaN,
        "Net Income": NaN,
        "Minority Interests": -4640000.0,
        "Net Income Including Noncontrolling Interests": NaN,
        "Net Income Continuous Operations": NaN,
        "Tax Provision": NaN,
        "Pretax Income": NaN,
        "Other Income Expense": NaN,
        "Other Non Operating Income Expenses": 189000.0,
        "Special Income Charges": -49177000.0,
        "Gain On Sale Of Ppe": -23068000.0,
        "Other Special Charges": 26109000.0,
        "Earnings From Equity Interest": NaN,
        "Gain On Sale Of Security": NaN,
        "Net Non Operating Interest Income Expense": NaN,
        "Total Other Finance Cost": 152280000.0,
        "Interest Expense Non Operating": NaN,
        "Interest Income Non Operating": NaN,
        "Operating Income": NaN,
        "Operating Expense": NaN,
        "Other Operating Expenses": NaN,
        "Depreciation Amortization Depletion Income Statement": 275623000.0,
        "Depletion Income Statement": 2348000.0,
        "Depreciation And Amortization In Income Statement": 273275000.0,
        "Depreciation Income Statement": 273275000.0,
        "Selling General And Administration": NaN,
        "Selling And Marketing Expense": NaN,
        "General And Administrative Expense": NaN,
        "Other Gand A": NaN,
        "Salaries And Wages": 393342000.0,
        "Gross Profit": NaN,
        "Cost Of Revenue": NaN,
        "Total Revenue": NaN,
        "Excise Taxes": 526146000.0,
        "Operating Revenue": NaN
    },
    "2024-06-30": {
        "Tax Effect Of Unusual Items": -3528407800.0,
        "Tax Rate For Calcs": 0.34,
        "Normalized EBITDA": 7199290000.0,
        "Total Unusual Items": -10377670000.0,
        "Total Unusual Items Excluding Goodwill": -10377670000.0,
        "Net Income From Continuing Operation Net Minority Interest": -3765517000.0,
        "Reconciled Depreciation": 2128756000.0,
        "Reconciled Cost Of Revenue": 6093238000.0,
        "EBITDA": -3178380000.0,
        "EBIT": -5307136000.0,
        "Net Interest Income": -696005000.0,
        "Interest Expense": 1152893000.0,
        "Interest Income": 456888000.0,
        "Normalized Income": 3083745200.0,
        "Net Income From Continuing And Discontinued Operation": -3765517000.0,
        "Total Expenses": 6886883000.0,
        "Total Operating Income As Reported": 4613646000.0,
        "Diluted Average Shares": 1277031759.0,
        "Basic Average Shares": 1277031759.0,
        "Diluted EPS": -2.948648,
        "Basic EPS": -2.948648,
        "Diluted NI Availto Com Stockholders": -3765517000.0,
        "Net Income Common Stockholders": -3765517000.0,
        "Net Income": -3765517000.0,
        "Minority Interests": -4681000.0,
        "Net Income Including Noncontrolling Interests": -3765517000.0,
        "Net Income Continuous Operations": -3765517000.0,
        "Tax Provision": -2694512000.0,
        "Pretax Income": -6460029000.0,
        "Other Income Expense": -10371277000.0,
        "Other Non Operating Income Expenses": NaN,
        "Special Income Charges": NaN,
        "Gain On Sale Of Ppe": NaN,
        "Other Special Charges": NaN,
        "Earnings From Equity Interest": 6393000.0,
        "Gain On Sale Of Security": -10377670000.0,
        "Net Non Operating Interest Income Expense": -696005000.0,
        "Total Other Finance Cost": NaN,
        "Interest Expense Non Operating": 1152893000.0,
        "Interest Income Non Operating": 456888000.0,
        "Operating Income": 4607253000.0,
        "Operating Expense": 793645000.0,
        "Other Operating Expenses": -464180000.0,
        "Depreciation Amortization Depletion Income Statement": NaN,
        "Depletion Income Statement": NaN,
        "Depreciation And Amortization In Income Statement": NaN,
        "Depreciation Income Statement": NaN,
        "Selling General And Administration": 1257825000.0,
        "Selling And Marketing Expense": 700054000.0,
        "General And Administrative Expense": 557771000.0,
        "Other Gand A": 557771000.0,
        "Salaries And Wages": NaN,
        "Gross Profit": 5400898000.0,
        "Cost Of Revenue": 6093238000.0,
        "Total Revenue": 11494136000.0,
        "Excise Taxes": NaN,
        "Operating Revenue": 11494136000.0
    },
    "2024-09-30": {
        "Tax Effect Of Unusual Items": 703952175.167731,
        "Tax Rate For Calcs": 0.349559,
        "Normalized EBITDA": 6833603000.0,
        "Total Unusual Items": 2013831000.0,
        "Total Unusual Items Excluding Goodwill": 2013831000.0,
        "Net Income From Continuing Operation Net Minority Interest": 3224266000.0,
        "Reconciled Depreciation": 2303266000.0,
        "Reconciled Cost Of Revenue": 6847701000.0,
        "EBITDA": 8847434000.0,
        "EBIT": 6544168000.0,
        "Net Interest Income": -1146069000.0,
        "Interest Expense": 1567007000.0,
        "Interest Income": 420938000.0,
        "Normalized Income": 1914387175.167731,
        "Net Income From Continuing And Discontinued Operation": 3224266000.0,
        "Total Expenses": 8152819000.0,
        "Total Operating Income As Reported": 4109399000.0,
        "Diluted Average Shares": 1254885828.0,
        "Basic Average Shares": 1251670633.0,
        "Diluted EPS": 2.56937,
        "Basic EPS": 2.57597,
        "Diluted NI Availto Com Stockholders": 3224266000.0,
        "Net Income Common Stockholders": 3224266000.0,
        "Net Income": 3224266000.0,
        "Minority Interests": -13085000.0,
        "Net Income Including Noncontrolling Interests": 3237351000.0,
        "Net Income Continuous Operations": 3237351000.0,
        "Tax Provision": 1739810000.0,
        "Pretax Income": 4977161000.0,
        "Other Income Expense": 2002503000.0,
        "Other Non Operating Income Expenses": NaN,
        "Special Income Charges": NaN,
        "Gain On Sale Of Ppe": NaN,
        "Other Special Charges": NaN,
        "Earnings From Equity Interest": -11328000.0,
        "Gain On Sale Of Security": 2013831000.0,
        "Net Non Operating Interest Income Expense": -1146069000.0,
        "Total Other Finance Cost": NaN,
        "Interest Expense Non Operating": 1567007000.0,
        "Interest Income Non Operating": 420938000.0,
        "Operating Income": 4120727000.0,
        "Operating Expense": 1305118000.0,
        "Other Operating Expenses": 7945000.0,
        "Depreciation Amortization Depletion Income Statement": NaN,
        "Depletion Income Statement": NaN,
        "Depreciation And Amortization In Income Statement": NaN,
        "Depreciation Income Statement": NaN,
        "Selling General And Administration": 1297173000.0,
        "Selling And Marketing Expense": 728319000.0,
        "General And Administrative Expense": 568854000.0,
        "Other Gand A": 568854000.0,
        "Salaries And Wages": NaN,
        "Gross Profit": 5425845000.0,
        "Cost Of Revenue": 6847701000.0,
        "Total Revenue": 12273546000.0,
        "Excise Taxes": NaN,
        "Operating Revenue": 12273546000.0
    },
    "2024-12-31": {
        "Tax Effect Of Unusual Items": -5154987644.628007,
        "Tax Rate For Calcs": 0.3953,
        "Normalized EBITDA": 6220029000.0,
        "Total Unusual Items": -13040681000.0,
        "Total Unusual Items Excluding Goodwill": -13040681000.0,
        "Net Income From Continuing Operation Net Minority Interest": -6743658000.0,
        "Reconciled Depreciation": 2809949000.0,
        "Reconciled Cost Of Revenue": 6218402000.0,
        "EBITDA": -6820652000.0,
        "EBIT": -9630601000.0,
        "Net Interest Income": -1256212000.0,
        "Interest Expense": 1509762000.0,
        "Interest Income": 385706000.0,
        "Normalized Income": 1142035355.371993,
        "Net Income From Continuing And Discontinued Operation": -6743658000.0,
        "Total Expenses": 11023653000.0,
        "Total Operating Income As Reported": 4415821000.0,
        "Diluted Average Shares": NaN,
        "Basic Average Shares": NaN,
        "Diluted EPS": NaN,
        "Basic EPS": NaN,
        "Diluted NI Availto Com Stockholders": -6743658000.0,
        "Net Income Common Stockholders": -6743658000.0,
        "Net Income": -6743658000.0,
        "Minority Interests": -7086000.0,
        "Net Income Including Noncontrolling Interests": -6736572000.0,
        "Net Income Continuous Operations": -6736572000.0,
        "Tax Provision": -4403791000.0,
        "Pretax Income": -11140363000.0,
        "Other Income Expense": -13037496000.0,
        "Other Non Operating Income Expenses": NaN,
        "Special Income Charges": 1259291000.0,
        "Gain On Sale Of Ppe": -23287000.0,
        "Other Special Charges": NaN,
        "Earnings From Equity Interest": 997000.0,
        "Gain On Sale Of Security": -14299972000.0,
        "Net Non Operating Interest Income Expense": -1256212000.0,
        "Total Other Finance Cost": 132156000.0,
        "Interest Expense Non Operating": 1509762000.0,
        "Interest Income Non Operating": 385706000.0,
        "Operating Income": 3153345000.0,
        "Operating Expense": 2262936000.0,
        "Other Operating Expenses": 424035000.0,
        "Depreciation Amortization Depletion Income Statement": 267634000.0,
        "Depletion Income Statement": -8103000.0,
        "Depreciation And Amortization In Income Statement": 275737000.0,
        "Depreciation Income Statement": NaN,
        "Selling General And Administration": 1571267000.0,
        "Selling And Marketing Expense": 525764000.0,
        "General And Administrative Expense": 1045503000.0,
        "Other Gand A": 276281000.0,
        "Salaries And Wages": 769222000.0,
        "Gross Profit": 5416281000.0,
        "Cost Of Revenue": 8760717000.0,
        "Total Revenue": 14176998000.0,
        "Excise Taxes": 665045000.0,
        "Operating Revenue": 16568155000.0
    },
    "2025-03-31": {
        "Tax Effect Of Unusual Items": 3169024635.473672,
        "Tax Rate For Calcs": 0.362328,
        "Normalized EBITDA": 2959190000.0,
        "Total Unusual Items": 8746275000.0,
        "Total Unusual Items Excluding Goodwill": 8746275000.0,
        "Net Income From Continuing Operation Net Minority Interest": 6340760000.0,
        "Reconciled Depreciation": 2497422000.0,
        "Reconciled Cost Of Revenue": 7729167000.0,
        "EBITDA": 11705465000.0,
        "EBIT": 11431631000.0,
        "Net Interest Income": -1201232000.0,
        "Interest Expense": 1476383000.0,
        "Interest Income": 348428000.0,
        "Normalized Income": 763509635.473672,
        "Net Income From Continuing And Discontinued Operation": 6340760000.0,
        "Total Expenses": 9126159000.0,
        "Total Operating Income As Reported": 2259035000.0,
        "Diluted Average Shares": 1242242000.0,
        "Basic Average Shares": 1239071000.0,
        "Diluted EPS": 5.10429,
        "Basic EPS": 5.11735,
        "Diluted NI Availto Com Stockholders": 6340760000.0,
        "Net Income Common Stockholders": 6340760000.0,
        "Net Income": 6340760000.0,
        "Minority Interests": -7418000.0,
        "Net Income Including Noncontrolling Interests": 6348178000.0,
        "Net Income Continuous Operations": 6348178000.0,
        "Tax Provision": 3607070000.0,
        "Pretax Income": 9955248000.0,
        "Other Income Expense": 8729718000.0,
        "Other Non Operating Income Expenses": 520000.0,
        "Special Income Charges": -151170000.0,
        "Gain On Sale Of Ppe": -46307000.0,
        "Other Special Charges": 104863000.0,
        "Earnings From Equity Interest": -17077000.0,
        "Gain On Sale Of Security": 8897445000.0,
        "Net Non Operating Interest Income Expense": -1201232000.0,
        "Total Other Finance Cost": 73277000.0,
        "Interest Expense Non Operating": 1476383000.0,
        "Interest Income Non Operating": 348428000.0,
        "Operating Income": 2426762000.0,
        "Operating Expense": 1396992000.0,
        "Other Operating Expenses": -33973000.0,
        "Depreciation Amortization Depletion Income Statement": 273834000.0,
        "Depletion Income Statement": 2532000.0,
        "Depreciation And Amortization In Income Statement": 271302000.0,
        "Depreciation Income Statement": NaN,
        "Selling General And Administration": 1157131000.0,
        "Selling And Marketing Expense": 423667000.0,
        "General And Administrative Expense": 733464000.0,
        "Other Gand A": 240269000.0,
        "Salaries And Wages": 493195000.0,
        "Gross Profit": 3823754000.0,
        "Cost Of Revenue": 7729167000.0,
        "Total Revenue": 11552921000.0,
        "Excise Taxes": 530295000.0,
        "Operating Revenue": 13931964000.0
    },
    "2025-06-30": {
        "Tax Effect Of Unusual Items": 1770362178.238708,
        "Tax Rate For Calcs": 0.313441,
        "Normalized EBITDA": 6097667000.0,
        "Total Unusual Items": 5648145000.0,
        "Total Unusual Items Excluding Goodwill": 5648145000.0,
        "Net Income From Continuing Operation Net Minority Interest": 5011953000.0,
        "Reconciled Depreciation": 2839264000.0,
        "Reconciled Cost Of Revenue": 8608124000.0,
        "EBITDA": 11745812000.0,
        "EBIT": 8906548000.0,
        "Net Interest Income": -1223180000.0,
        "Interest Expense": 1606439000.0,
        "Interest Income": 383259000.0,
        "Normalized Income": 1134170178.238708,
        "Net Income From Continuing And Discontinued Operation": 5011953000.0,
        "Total Expenses": 10248746000.0,
        "Total Operating Income As Reported": NaN,
        "Diluted Average Shares": 1235908788.0,
        "Basic Average Shares": 1235908788.0,
        "Diluted EPS": 4.055277,
        "Basic EPS": 4.055277,
        "Diluted NI Availto Com Stockholders": 5011953000.0,
        "Net Income Common Stockholders": 5011953000.0,
        "Net Income": 5011953000.0,
        "Minority Interests": NaN,
        "Net Income Including Noncontrolling Interests": 5011953000.0,
        "Net Income Continuous Operations": 5011953000.0,
        "Tax Provision": 2288156000.0,
        "Pretax Income": 7300109000.0,
        "Other Income Expense": 5476140000.0,
        "Other Non Operating Income Expenses": NaN,
        "Special Income Charges": NaN,
        "Gain On Sale Of Ppe": NaN,
        "Other Special Charges": NaN,
        "Earnings From Equity Interest": -172005000.0,
        "Gain On Sale Of Security": 5648145000.0,
        "Net Non Operating Interest Income Expense": -1223180000.0,
        "Total Other Finance Cost": NaN,
        "Interest Expense Non Operating": 1606439000.0,
        "Interest Income Non Operating": 383259000.0,
        "Operating Income": 3047149000.0,
        "Operating Expense": 1640622000.0,
        "Other Operating Expenses": 154906000.0,
        "Depreciation Amortization Depletion Income Statement": NaN,
        "Depletion Income Statement": NaN,
        "Depreciation And Amortization In Income Statement": NaN,
        "Depreciation Income Statement": NaN,
        "Selling General And Administration": 1485716000.0,
        "Selling And Marketing Expense": 838250000.0,
        "General And Administrative Expense": 647466000.0,
        "Other Gand A": 647466000.0,
        "Salaries And Wages": NaN,
        "Gross Profit": 4687771000.0,
        "Cost Of Revenue": 8608124000.0,
        "Total Revenue": 13295895000.0,
        "Excise Taxes": NaN,
        "Operating Revenue": 13295895000.0
    }
}