{
    "2024-03-31": {
        "Tax Effect Of Unusual Items": 0.0,
        "Tax Rate For Calcs": 0.368759,
        "Normalized EBITDA": 2508000.0,
        "Total Unusual Items": 0.0,
        "Total Unusual Items Excluding Goodwill": 0.0,
        "Net Income From Continuing Operation Net Minority Interest": 1378000.0,
        "Reconciled Depreciation": 120000.0,
        "Reconciled Cost Of Revenue": 1973000.0,
        "EBITDA": 2508000.0,
        "EBIT": 2388000.0,
        "Net Interest Income": -205000.0,
        "Interest Expense": 205000.0,
        "Interest Income": 0.0,
        "Normalized Income": 1378000.0,
        "Net Income From Continuing And Discontinued Operation": 1378000.0,
        "Total Expenses": 13501000.0,
        "Total Operating Income As Reported": 2388000.0,
        "Diluted Average Shares": 28529318.0,
        "Basic Average Shares": 28529318.0,
        "Diluted EPS": 0.07,
        "Basic EPS": 0.07,
        "Diluted NI Availto Com Stockholders": 1378000.0,
        "Net Income Common Stockholders": 1378000.0,
        "Net Income": 1378000.0,
        "Net Income Including Noncontrolling Interests": 1378000.0,
        "Net Income Continuous Operations": 1378000.0,
        "Tax Provision": 805000.0,
        "Pretax Income": 2183000.0,
        "Other Income Expense": NaN,
        "Special Income Charges": 0.0,
        "Other Special Charges": NaN,
        "Net Non Operating Interest Income Expense": -205000.0,
        "Interest Expense Non Operating": 205000.0,
        "Interest Income Non Operating": 0.0,
        "Operating Income": 2388000.0,
        "Operating Expense": 11528000.0,
        "Research And Development": 3616000.0,
        "Selling General And Administration": 7912000.0,
        "Selling And Marketing Expense": 3312000.0,
        "General And Administrative Expense": 4600000.0,
        "Other Gand A": 4600000.0,
        "Gross Profit": 13916000.0,
        "Cost Of Revenue": 1973000.0,
        "Total Revenue": 15889000.0,
        "Operating Revenue": 15889000.0
    },
    "2023-06-30": {
        "Tax Effect Of Unusual Items": NaN,
        "Tax Rate For Calcs": NaN,
        "Normalized EBITDA": NaN,
        "Total Unusual Items": NaN,
        "Total Unusual Items Excluding Goodwill": NaN,
        "Net Income From Continuing Operation Net Minority Interest": NaN,
        "Reconciled Depreciation": NaN,
        "Reconciled Cost Of Revenue": NaN,
        "EBITDA": NaN,
        "EBIT": NaN,
        "Net Interest Income": NaN,
        "Interest Expense": NaN,
        "Interest Income": 2000.0,
        "Normalized Income": NaN,
        "Net Income From Continuing And Discontinued Operation": NaN,
        "Total Expenses": NaN,
        "Total Operating Income As Reported": NaN,
        "Diluted Average Shares": NaN,
        "Basic Average Shares": NaN,
        "Diluted EPS": NaN,
        "Basic EPS": NaN,
        "Diluted NI Availto Com Stockholders": NaN,
        "Net Income Common Stockholders": NaN,
        "Net Income": NaN,
        "Net Income Including Noncontrolling Interests": NaN,
        "Net Income Continuous Operations": NaN,
        "Tax Provision": NaN,
        "Pretax Income": NaN,
        "Other Income Expense": NaN,
        "Special Income Charges": NaN,
        "Other Special Charges": NaN,
        "Net Non Operating Interest Income Expense": NaN,
        "Interest Expense Non Operating": NaN,
        "Interest Income Non Operating": 2000.0,
        "Operating Income": NaN,
        "Operating Expense": NaN,
        "Research And Development": NaN,
        "Selling General And Administration": NaN,
        "Selling And Marketing Expense": NaN,
        "General And Administrative Expense": NaN,
        "Other Gand A": NaN,
        "Gross Profit": NaN,
        "Cost Of Revenue": NaN,
        "Total Revenue": NaN,
        "Operating Revenue": NaN
    },
    "2023-03-31": {
        "Tax Effect Of Unusual Items": 0.0,
        "Tax Rate For Calcs": 0.32,
        "Normalized EBITDA": 1699000.0,
        "Total Unusual Items": NaN,
        "Total Unusual Items Excluding Goodwill": NaN,
        "Net Income From Continuing Operation Net Minority Interest": 814000.0,
        "Reconciled Depreciation": 166000.0,
        "Reconciled Cost Of Revenue": 2025000.0,
        "EBITDA": 1699000.0,
        "EBIT": 1533000.0,
        "Net Interest Income": -331000.0,
        "Interest Expense": 331000.0,
        "Interest Income": NaN,
        "Normalized Income": 814000.0,
        "Net Income From Continuing And Discontinued Operation": 814000.0,
        "Total Expenses": 12758000.0,
        "Total Operating Income As Reported": 1533000.0,
        "Diluted Average Shares": 42715329.0,
        "Basic Average Shares": 28529318.0,
        "Diluted EPS": 0.019056,
        "Basic EPS": 0.028532,
        "Diluted NI Availto Com Stockholders": 814000.0,
        "Net Income Common Stockholders": 814000.0,
        "Net Income": 814000.0,
        "Net Income Including Noncontrolling Interests": 814000.0,
        "Net Income Continuous Operations": 814000.0,
        "Tax Provision": 388000.0,
        "Pretax Income": 1202000.0,
        "Other Income Expense": NaN,
        "Special Income Charges": NaN,
        "Other Special Charges": NaN,
        "Net Non Operating Interest Income Expense": -331000.0,
        "Interest Expense Non Operating": 331000.0,
        "Interest Income Non Operating": NaN,
        "Operating Income": 1533000.0,
        "Operating Expense": 10733000.0,
        "Research And Development": 3375000.0,
        "Selling General And Administration": 7358000.0,
        "Selling And Marketing Expense": 2805000.0,
        "General And Administrative Expense": 4553000.0,
        "Other Gand A": 4553000.0,
        "Gross Profit": 12266000.0,
        "Cost Of Revenue": 2025000.0,
        "Total Revenue": 14291000.0,
        "Operating Revenue": 14291000.0
    },
    "2024-06-30": {
        "Tax Effect Of Unusual Items": -3236940.0,
        "Tax Rate For Calcs": 0.21,
        "Normalized EBITDA": -22056000.0,
        "Total Unusual Items": -15414000.0,
        "Total Unusual Items Excluding Goodwill": -15414000.0,
        "Net Income From Continuing Operation Net Minority Interest": -38388000.0,
        "Reconciled Depreciation": 355000.0,
        "Reconciled Cost Of Revenue": 4861000.0,
        "EBITDA": -37470000.0,
        "EBIT": -37825000.0,
        "Net Interest Income": 333000.0,
        "Interest Expense": 349000.0,
        "Interest Income": 682000.0,
        "Normalized Income": -26210940.0,
        "Net Income From Continuing And Discontinued Operation": -38388000.0,
        "Total Expenses": 38053000.0,
        "Total Operating Income As Reported": -37789000.0,
        "Diluted Average Shares": 24811112.0,
        "Basic Average Shares": 24811112.0,
        "Diluted EPS": -1.55,
        "Basic EPS": -1.55,
        "Diluted NI Availto Com Stockholders": -38388000.0,
        "Net Income Common Stockholders": -38388000.0,
        "Net Income": -38388000.0,
        "Net Income Including Noncontrolling Interests": -38388000.0,
        "Net Income Continuous Operations": -38388000.0,
        "Tax Provision": 214000.0,
        "Pretax Income": -38174000.0,
        "Other Income Expense": -15414000.0,
        "Special Income Charges": -15414000.0,
        "Other Special Charges": 15414000.0,
        "Net Non Operating Interest Income Expense": 333000.0,
        "Interest Expense Non Operating": 349000.0,
        "Interest Income Non Operating": 682000.0,
        "Operating Income": -23093000.0,
        "Operating Expense": 33192000.0,
        "Research And Development": 7707000.0,
        "Selling General And Administration": 25485000.0,
        "Selling And Marketing Expense": 7171000.0,
        "General And Administrative Expense": 18314000.0,
        "Other Gand A": 18314000.0,
        "Gross Profit": 10099000.0,
        "Cost Of Revenue": 4861000.0,
        "Total Revenue": 14960000.0,
        "Operating Revenue": 14960000.0
    },
    "2024-09-30": {
        "Tax Effect Of Unusual Items": -82320.0,
        "Tax Rate For Calcs": 0.21,
        "Normalized EBITDA": -5265000.0,
        "Total Unusual Items": -392000.0,
        "Total Unusual Items Excluding Goodwill": -392000.0,
        "Net Income From Continuing Operation Net Minority Interest": -6551000.0,
        "Reconciled Depreciation": 428000.0,
        "Reconciled Cost Of Revenue": 2786000.0,
        "EBITDA": -5657000.0,
        "EBIT": -6085000.0,
        "Net Interest Income": 939000.0,
        "Interest Expense": 278000.0,
        "Interest Income": 1217000.0,
        "Normalized Income": -6241320.0,
        "Net Income From Continuing And Discontinued Operation": -6551000.0,
        "Total Expenses": 17882000.0,
        "Total Operating Income As Reported": -7302000.0,
        "Diluted Average Shares": 29048080.0,
        "Basic Average Shares": 29048080.0,
        "Diluted EPS": -0.23,
        "Basic EPS": -0.23,
        "Diluted NI Availto Com Stockholders": -6551000.0,
        "Net Income Common Stockholders": -6551000.0,
        "Net Income": -6551000.0,
        "Net Income Including Noncontrolling Interests": -6551000.0,
        "Net Income Continuous Operations": -6551000.0,
        "Tax Provision": 188000.0,
        "Pretax Income": -6363000.0,
        "Other Income Expense": -392000.0,
        "Special Income Charges": -392000.0,
        "Other Special Charges": 392000.0,
        "Net Non Operating Interest Income Expense": 939000.0,
        "Interest Expense Non Operating": 278000.0,
        "Interest Income Non Operating": 1217000.0,
        "Operating Income": -6910000.0,
        "Operating Expense": 15096000.0,
        "Research And Development": 4134000.0,
        "Selling General And Administration": 10962000.0,
        "Selling And Marketing Expense": 3834000.0,
        "General And Administrative Expense": 7128000.0,
        "Other Gand A": 7128000.0,
        "Gross Profit": 8186000.0,
        "Cost Of Revenue": 2786000.0,
        "Total Revenue": 10972000.0,
        "Operating Revenue": 10972000.0
    },
    "2023-12-31": {
        "Tax Effect Of Unusual Items": 0.0,
        "Tax Rate For Calcs": 0.21,
        "Normalized EBITDA": -1795000.0,
        "Total Unusual Items": 0.0,
        "Total Unusual Items Excluding Goodwill": 0.0,
        "Net Income From Continuing Operation Net Minority Interest": -2247000.0,
        "Reconciled Depreciation": 145000.0,
        "Reconciled Cost Of Revenue": 2682000.0,
        "EBITDA": -1795000.0,
        "EBIT": -1940000.0,
        "Net Interest Income": -93000.0,
        "Interest Expense": 89000.0,
        "Interest Income": NaN,
        "Normalized Income": -2247000.0,
        "Net Income From Continuing And Discontinued Operation": -2247000.0,
        "Total Expenses": 14422000.0,
        "Total Operating Income As Reported": -1936000.0,
        "Diluted Average Shares": NaN,
        "Basic Average Shares": NaN,
        "Diluted EPS": NaN,
        "Basic EPS": NaN,
        "Diluted NI Availto Com Stockholders": -2247000.0,
        "Net Income Common Stockholders": -2247000.0,
        "Net Income": -2247000.0,
        "Net Income Including Noncontrolling Interests": -2247000.0,
        "Net Income Continuous Operations": -2247000.0,
        "Tax Provision": 218000.0,
        "Pretax Income": -2029000.0,
        "Other Income Expense": NaN,
        "Special Income Charges": 0.0,
        "Other Special Charges": NaN,
        "Net Non Operating Interest Income Expense": -93000.0,
        "Interest Expense Non Operating": 89000.0,
        "Interest Income Non Operating": NaN,
        "Operating Income": -1936000.0,
        "Operating Expense": 11740000.0,
        "Research And Development": 3337000.0,
        "Selling General And Administration": 8403000.0,
        "Selling And Marketing Expense": 3833000.0,
        "General And Administrative Expense": 4570000.0,
        "Other Gand A": 4570000.0,
        "Gross Profit": 9804000.0,
        "Cost Of Revenue": 2682000.0,
        "Total Revenue": 12486000.0,
        "Operating Revenue": 12486000.0
    },
    "2023-09-30": {
        "Tax Effect Of Unusual Items": NaN,
        "Tax Rate For Calcs": NaN,
        "Normalized EBITDA": NaN,
        "Total Unusual Items": 0.0,
        "Total Unusual Items Excluding Goodwill": 0.0,
        "Net Income From Continuing Operation Net Minority Interest": NaN,
        "Reconciled Depreciation": NaN,
        "Reconciled Cost Of Revenue": NaN,
        "EBITDA": NaN,
        "EBIT": NaN,
        "Net Interest Income": NaN,
        "Interest Expense": NaN,
        "Interest Income": 38000.0,
        "Normalized Income": NaN,
        "Net Income From Continuing And Discontinued Operation": NaN,
        "Total Expenses": NaN,
        "Total Operating Income As Reported": NaN,
        "Diluted Average Shares": 42715329.0,
        "Basic Average Shares": 28529318.0,
        "Diluted EPS": 0.033899,
        "Basic EPS": 0.050755,
        "Diluted NI Availto Com Stockholders": NaN,
        "Net Income Common Stockholders": NaN,
        "Net Income": NaN,
        "Net Income Including Noncontrolling Interests": NaN,
        "Net Income Continuous Operations": NaN,
        "Tax Provision": NaN,
        "Pretax Income": NaN,
        "Other Income Expense": NaN,
        "Special Income Charges": 0.0,
        "Other Special Charges": NaN,
        "Net Non Operating Interest Income Expense": NaN,
        "Interest Expense Non Operating": NaN,
        "Interest Income Non Operating": 38000.0,
        "Operating Income": NaN,
        "Operating Expense": NaN,
        "Research And Development": NaN,
        "Selling General And Administration": NaN,
        "Selling And Marketing Expense": NaN,
        "General And Administrative Expense": NaN,
        "Other Gand A": NaN,
        "Gross Profit": NaN,
        "Cost Of Revenue": NaN,
        "Total Revenue": NaN,
        "Operating Revenue": NaN
    },
    "2024-12-31": {
        "Tax Effect Of Unusual Items": 794220.0,
        "Tax Rate For Calcs": 0.21,
        "Normalized EBITDA": 101000.0,
        "Total Unusual Items": 3782000.0,
        "Total Unusual Items Excluding Goodwill": 3782000.0,
        "Net Income From Continuing Operation Net Minority Interest": 4157000.0,
        "Reconciled Depreciation": 382000.0,
        "Reconciled Cost Of Revenue": 2422000.0,
        "EBITDA": 3883000.0,
        "EBIT": 3501000.0,
        "Net Interest Income": 1010000.0,
        "Interest Expense": 67000.0,
        "Interest Income": 1077000.0,
        "Normalized Income": 1169220.0,
        "Net Income From Continuing And Discontinued Operation": 4157000.0,
        "Total Expenses": 19217000.0,
        "Total Operating Income As Reported": 2424000.0,
        "Diluted Average Shares": 28734082.0,
        "Basic Average Shares": 28734082.0,
        "Diluted EPS": 0.14,
        "Basic EPS": 0.14,
        "Diluted NI Availto Com Stockholders": 4157000.0,
        "Net Income Common Stockholders": 4157000.0,
        "Net Income": 4157000.0,
        "Net Income Including Noncontrolling Interests": 4157000.0,
        "Net Income Continuous Operations": 4157000.0,
        "Tax Provision": -723000.0,
        "Pretax Income": 3434000.0,
        "Other Income Expense": 3782000.0,
        "Special Income Charges": 3782000.0,
        "Other Special Charges": -3782000.0,
        "Net Non Operating Interest Income Expense": 1010000.0,
        "Interest Expense Non Operating": 67000.0,
        "Interest Income Non Operating": 1077000.0,
        "Operating Income": -1358000.0,
        "Operating Expense": 16795000.0,
        "Research And Development": 5283000.0,
        "Selling General And Administration": 11512000.0,
        "Selling And Marketing Expense": 3983000.0,
        "General And Administrative Expense": 7529000.0,
        "Other Gand A": 7529000.0,
        "Gross Profit": 15437000.0,
        "Cost Of Revenue": 2422000.0,
        "Total Revenue": 17859000.0,
        "Operating Revenue": 17859000.0
    },
    "2025-03-31": {
        "Tax Effect Of Unusual Items": -2744490.0,
        "Tax Rate For Calcs": 0.21,
        "Normalized EBITDA": -5262000.0,
        "Total Unusual Items": -13069000.0,
        "Total Unusual Items Excluding Goodwill": -13069000.0,
        "Net Income From Continuing Operation Net Minority Interest": -19273000.0,
        "Reconciled Depreciation": 438000.0,
        "Reconciled Cost Of Revenue": 3016000.0,
        "EBITDA": -18331000.0,
        "EBIT": -18769000.0,
        "Net Interest Income": 572000.0,
        "Interest Expense": 291000.0,
        "Interest Income": 863000.0,
        "Normalized Income": -8948490.0,
        "Net Income From Continuing And Discontinued Operation": -19273000.0,
        "Total Expenses": 20655000.0,
        "Total Operating Income As Reported": -19632000.0,
        "Diluted Average Shares": 28694295.0,
        "Basic Average Shares": 28694295.0,
        "Diluted EPS": -0.67,
        "Basic EPS": -0.67,
        "Diluted NI Availto Com Stockholders": -19273000.0,
        "Net Income Common Stockholders": -19273000.0,
        "Net Income": -19273000.0,
        "Net Income Including Noncontrolling Interests": -19273000.0,
        "Net Income Continuous Operations": -19273000.0,
        "Tax Provision": 213000.0,
        "Pretax Income": -19060000.0,
        "Other Income Expense": -13069000.0,
        "Special Income Charges": -13069000.0,
        "Other Special Charges": 13069000.0,
        "Net Non Operating Interest Income Expense": 572000.0,
        "Interest Expense Non Operating": 291000.0,
        "Interest Income Non Operating": 863000.0,
        "Operating Income": -6563000.0,
        "Operating Expense": 17639000.0,
        "Research And Development": 4800000.0,
        "Selling General And Administration": 12839000.0,
        "Selling And Marketing Expense": 4719000.0,
        "General And Administrative Expense": 8120000.0,
        "Other Gand A": 8120000.0,
        "Gross Profit": 11076000.0,
        "Cost Of Revenue": 3016000.0,
        "Total Revenue": 14092000.0,
        "Operating Revenue": 14092000.0
    },
    "2025-06-30": {
        "Tax Effect Of Unusual Items": 0.0,
        "Tax Rate For Calcs": 0.052944,
        "Normalized EBITDA": -8784000.0,
        "Total Unusual Items": 0.0,
        "Total Unusual Items Excluding Goodwill": 0.0,
        "Net Income From Continuing Operation Net Minority Interest": -9409000.0,
        "Reconciled Depreciation": 708000.0,
        "Reconciled Cost Of Revenue": 3504000.0,
        "EBITDA": -8784000.0,
        "EBIT": -9492000.0,
        "Net Interest Income": 208000.0,
        "Interest Expense": 443000.0,
        "Interest Income": 651000.0,
        "Normalized Income": -9409000.0,
        "Net Income From Continuing And Discontinued Operation": -9409000.0,
        "Total Expenses": 22191000.0,
        "Total Operating Income As Reported": -10143000.0,
        "Diluted Average Shares": 29312982.0,
        "Basic Average Shares": 29312982.0,
        "Diluted EPS": -0.32,
        "Basic EPS": -0.32,
        "Diluted NI Availto Com Stockholders": -9409000.0,
        "Net Income Common Stockholders": -9409000.0,
        "Net Income": -9409000.0,
        "Net Income Including Noncontrolling Interests": -9409000.0,
        "Net Income Continuous Operations": -9409000.0,
        "Tax Provision": -526000.0,
        "Pretax Income": -9935000.0,
        "Other Income Expense": NaN,
        "Special Income Charges": 0.0,
        "Other Special Charges": NaN,
        "Net Non Operating Interest Income Expense": 208000.0,
        "Interest Expense Non Operating": 443000.0,
        "Interest Income Non Operating": 651000.0,
        "Operating Income": -10143000.0,
        "Operating Expense": 18687000.0,
        "Research And Development": 5907000.0,
        "Selling General And Administration": 12780000.0,
        "Selling And Marketing Expense": 4714000.0,
        "General And Administrative Expense": 8066000.0,
        "Other Gand A": 8066000.0,
        "Gross Profit": 8544000.0,
        "Cost Of Revenue": 3504000.0,
        "Total Revenue": 12048000.0,
        "Operating Revenue": 12048000.0
    }
}