{
    "2023-12-31": {
        "Tax Effect Of Unusual Items": 1466726.671182,
        "Tax Rate For Calcs": NaN,
        "Normalized EBITDA": 21568000.0,
        "Total Unusual Items": 5495000.0,
        "Total Unusual Items Excluding Goodwill": 5495000.0,
        "Net Income From Continuing Operation Net Minority Interest": NaN,
        "Reconciled Depreciation": 7819000.0,
        "Reconciled Cost Of Revenue": 27528000.0,
        "EBITDA": NaN,
        "EBIT": 19244000.0,
        "Net Interest Income": 1510000.0,
        "Interest Expense": 51000.0,
        "Interest Income": 1561000.0,
        "Normalized Income": 6481726.671182,
        "Net Income From Continuing And Discontinued Operation": 10510000.0,
        "Total Expenses": 40640000.0,
        "Total Operating Income As Reported": 17683000.0,
        "Diluted Average Shares": 179437206.0,
        "Basic Average Shares": 176905791.0,
        "Diluted EPS": 0.06,
        "Basic EPS": 0.06,
        "Diluted NI Availto Com Stockholders": 10510000.0,
        "Net Income Common Stockholders": 10510000.0,
        "Net Income": 10510000.0,
        "Minority Interests": -3560000.0,
        "Net Income Including Noncontrolling Interests": 14070000.0,
        "Net Income Continuous Operations": 14070000.0,
        "Tax Provision": 5123000.0,
        "Pretax Income": 19193000.0,
        "Other Income Expense": -185000.0,
        "Special Income Charges": -8000.0,
        "Gain On Sale Of Ppe": NaN,
        "Gain On Sale Of Business": 0.0,
        "Write Off": 0.0,
        "Impairment Of Capital Assets": 0.0,
        "Earnings From Equity Interest": -5680000.0,
        "Gain On Sale Of Security": 5503000.0,
        "Net Non Operating Interest Income Expense": 1510000.0,
        "Total Other Finance Cost": NaN,
        "Interest Expense Non Operating": 51000.0,
        "Interest Income Non Operating": 1561000.0,
        "Operating Income": 17868000.0,
        "Operating Expense": 5439000.0,
        "Other Operating Expenses": 2211000.0,
        "Depreciation Amortization Depletion Income Statement": 146000.0,
        "Depreciation And Amortization In Income Statement": 146000.0,
        "Selling General And Administration": 3082000.0,
        "General And Administrative Expense": 3082000.0,
        "Other Gand A": 669000.0,
        "Salaries And Wages": NaN,
        "Gross Profit": 23307000.0,
        "Cost Of Revenue": 35201000.0,
        "Total Revenue": 58508000.0,
        "Operating Revenue": NaN
    },
    "2023-09-30": {
        "Tax Effect Of Unusual Items": NaN,
        "Tax Rate For Calcs": NaN,
        "Normalized EBITDA": NaN,
        "Total Unusual Items": NaN,
        "Total Unusual Items Excluding Goodwill": NaN,
        "Net Income From Continuing Operation Net Minority Interest": NaN,
        "Reconciled Depreciation": NaN,
        "Reconciled Cost Of Revenue": NaN,
        "EBITDA": NaN,
        "EBIT": NaN,
        "Net Interest Income": NaN,
        "Interest Expense": NaN,
        "Interest Income": NaN,
        "Normalized Income": NaN,
        "Net Income From Continuing And Discontinued Operation": NaN,
        "Total Expenses": NaN,
        "Total Operating Income As Reported": NaN,
        "Diluted Average Shares": NaN,
        "Basic Average Shares": 176844107.0,
        "Diluted EPS": 0.06,
        "Basic EPS": NaN,
        "Diluted NI Availto Com Stockholders": NaN,
        "Net Income Common Stockholders": NaN,
        "Net Income": NaN,
        "Minority Interests": NaN,
        "Net Income Including Noncontrolling Interests": NaN,
        "Net Income Continuous Operations": NaN,
        "Tax Provision": NaN,
        "Pretax Income": NaN,
        "Other Income Expense": NaN,
        "Special Income Charges": NaN,
        "Gain On Sale Of Ppe": NaN,
        "Gain On Sale Of Business": 733000.0,
        "Write Off": 0.0,
        "Impairment Of Capital Assets": 0.0,
        "Earnings From Equity Interest": NaN,
        "Gain On Sale Of Security": NaN,
        "Net Non Operating Interest Income Expense": NaN,
        "Total Other Finance Cost": NaN,
        "Interest Expense Non Operating": NaN,
        "Interest Income Non Operating": NaN,
        "Operating Income": NaN,
        "Operating Expense": NaN,
        "Other Operating Expenses": NaN,
        "Depreciation Amortization Depletion Income Statement": NaN,
        "Depreciation And Amortization In Income Statement": NaN,
        "Selling General And Administration": NaN,
        "General And Administrative Expense": NaN,
        "Other Gand A": NaN,
        "Salaries And Wages": NaN,
        "Gross Profit": NaN,
        "Cost Of Revenue": NaN,
        "Total Revenue": NaN,
        "Operating Revenue": NaN
    },
    "2023-06-30": {
        "Tax Effect Of Unusual Items": NaN,
        "Tax Rate For Calcs": NaN,
        "Normalized EBITDA": NaN,
        "Total Unusual Items": NaN,
        "Total Unusual Items Excluding Goodwill": NaN,
        "Net Income From Continuing Operation Net Minority Interest": NaN,
        "Reconciled Depreciation": NaN,
        "Reconciled Cost Of Revenue": NaN,
        "EBITDA": NaN,
        "EBIT": NaN,
        "Net Interest Income": NaN,
        "Interest Expense": NaN,
        "Interest Income": NaN,
        "Normalized Income": NaN,
        "Net Income From Continuing And Discontinued Operation": NaN,
        "Total Expenses": NaN,
        "Total Operating Income As Reported": NaN,
        "Diluted Average Shares": NaN,
        "Basic Average Shares": NaN,
        "Diluted EPS": NaN,
        "Basic EPS": NaN,
        "Diluted NI Availto Com Stockholders": NaN,
        "Net Income Common Stockholders": NaN,
        "Net Income": NaN,
        "Minority Interests": NaN,
        "Net Income Including Noncontrolling Interests": NaN,
        "Net Income Continuous Operations": NaN,
        "Tax Provision": NaN,
        "Pretax Income": NaN,
        "Other Income Expense": NaN,
        "Special Income Charges": NaN,
        "Gain On Sale Of Ppe": NaN,
        "Gain On Sale Of Business": NaN,
        "Write Off": 0.0,
        "Impairment Of Capital Assets": NaN,
        "Earnings From Equity Interest": NaN,
        "Gain On Sale Of Security": NaN,
        "Net Non Operating Interest Income Expense": NaN,
        "Total Other Finance Cost": NaN,
        "Interest Expense Non Operating": NaN,
        "Interest Income Non Operating": NaN,
        "Operating Income": NaN,
        "Operating Expense": NaN,
        "Other Operating Expenses": NaN,
        "Depreciation Amortization Depletion Income Statement": NaN,
        "Depreciation And Amortization In Income Statement": NaN,
        "Selling General And Administration": NaN,
        "General And Administrative Expense": NaN,
        "Other Gand A": NaN,
        "Salaries And Wages": NaN,
        "Gross Profit": NaN,
        "Cost Of Revenue": NaN,
        "Total Revenue": NaN,
        "Operating Revenue": NaN
    },
    "2023-03-31": {
        "Tax Effect Of Unusual Items": NaN,
        "Tax Rate For Calcs": NaN,
        "Normalized EBITDA": NaN,
        "Total Unusual Items": NaN,
        "Total Unusual Items Excluding Goodwill": NaN,
        "Net Income From Continuing Operation Net Minority Interest": NaN,
        "Reconciled Depreciation": NaN,
        "Reconciled Cost Of Revenue": NaN,
        "EBITDA": NaN,
        "EBIT": NaN,
        "Net Interest Income": NaN,
        "Interest Expense": NaN,
        "Interest Income": NaN,
        "Normalized Income": NaN,
        "Net Income From Continuing And Discontinued Operation": NaN,
        "Total Expenses": NaN,
        "Total Operating Income As Reported": NaN,
        "Diluted Average Shares": NaN,
        "Basic Average Shares": NaN,
        "Diluted EPS": NaN,
        "Basic EPS": NaN,
        "Diluted NI Availto Com Stockholders": NaN,
        "Net Income Common Stockholders": NaN,
        "Net Income": NaN,
        "Minority Interests": NaN,
        "Net Income Including Noncontrolling Interests": NaN,
        "Net Income Continuous Operations": NaN,
        "Tax Provision": NaN,
        "Pretax Income": NaN,
        "Other Income Expense": NaN,
        "Special Income Charges": NaN,
        "Gain On Sale Of Ppe": NaN,
        "Gain On Sale Of Business": NaN,
        "Other Special Charges": 0.0,
        "Write Off": 1937000.0,
        "Impairment Of Capital Assets": 0.0,
        "Earnings From Equity Interest": NaN,
        "Gain On Sale Of Security": NaN,
        "Net Non Operating Interest Income Expense": NaN,
        "Interest Expense Non Operating": NaN,
        "Interest Income Non Operating": NaN,
        "Operating Income": NaN,
        "Operating Expense": NaN,
        "Other Operating Expenses": NaN,
        "Depreciation Amortization Depletion Income Statement": NaN,
        "Depreciation And Amortization In Income Statement": NaN,
        "Selling General And Administration": NaN,
        "General And Administrative Expense": NaN,
        "Other Gand A": NaN,
        "Salaries And Wages": NaN,
        "Gross Profit": NaN,
        "Cost Of Revenue": NaN,
        "Total Revenue": NaN,
        "Operating Revenue": NaN
    },
    "2022-12-31": {
        "Tax Effect Of Unusual Items": NaN,
        "Tax Rate For Calcs": NaN,
        "Normalized EBITDA": NaN,
        "Total Unusual Items": NaN,
        "Total Unusual Items Excluding Goodwill": NaN,
        "Net Income From Continuing Operation Net Minority Interest": NaN,
        "Reconciled Depreciation": NaN,
        "Reconciled Cost Of Revenue": NaN,
        "EBITDA": NaN,
        "EBIT": NaN,
        "Net Interest Income": NaN,
        "Interest Expense": NaN,
        "Interest Income": NaN,
        "Normalized Income": NaN,
        "Net Income From Continuing And Discontinued Operation": NaN,
        "Total Expenses": NaN,
        "Total Operating Income As Reported": NaN,
        "Diluted Average Shares": 178938856.0,
        "Basic Average Shares": 176723433.0,
        "Diluted EPS": 0.07,
        "Basic EPS": 0.07,
        "Diluted NI Availto Com Stockholders": NaN,
        "Net Income Common Stockholders": NaN,
        "Net Income": NaN,
        "Minority Interests": NaN,
        "Net Income Including Noncontrolling Interests": NaN,
        "Net Income Continuous Operations": NaN,
        "Tax Provision": NaN,
        "Pretax Income": NaN,
        "Other Income Expense": NaN,
        "Special Income Charges": NaN,
        "Gain On Sale Of Ppe": NaN,
        "Gain On Sale Of Business": 0.0,
        "Other Special Charges": 93000.0,
        "Write Off": NaN,
        "Impairment Of Capital Assets": 0.0,
        "Earnings From Equity Interest": NaN,
        "Gain On Sale Of Security": NaN,
        "Net Non Operating Interest Income Expense": NaN,
        "Interest Expense Non Operating": NaN,
        "Interest Income Non Operating": NaN,
        "Operating Income": NaN,
        "Operating Expense": NaN,
        "Other Operating Expenses": NaN,
        "Depreciation Amortization Depletion Income Statement": NaN,
        "Depreciation And Amortization In Income Statement": NaN,
        "Selling General And Administration": NaN,
        "General And Administrative Expense": NaN,
        "Other Gand A": NaN,
        "Salaries And Wages": NaN,
        "Gross Profit": NaN,
        "Cost Of Revenue": NaN,
        "Total Revenue": NaN,
        "Operating Revenue": NaN
    },
    "2022-09-30": {
        "Tax Effect Of Unusual Items": NaN,
        "Tax Rate For Calcs": NaN,
        "Normalized EBITDA": NaN,
        "Total Unusual Items": NaN,
        "Total Unusual Items Excluding Goodwill": NaN,
        "Net Income From Continuing Operation Net Minority Interest": NaN,
        "Reconciled Depreciation": NaN,
        "Reconciled Cost Of Revenue": NaN,
        "EBITDA": NaN,
        "EBIT": NaN,
        "Net Interest Income": NaN,
        "Interest Expense": NaN,
        "Interest Income": NaN,
        "Normalized Income": NaN,
        "Net Income From Continuing And Discontinued Operation": NaN,
        "Total Expenses": NaN,
        "Total Operating Income As Reported": NaN,
        "Diluted Average Shares": 179245850.0,
        "Basic Average Shares": 176693226.0,
        "Diluted EPS": -0.01,
        "Basic EPS": -0.01,
        "Diluted NI Availto Com Stockholders": NaN,
        "Net Income Common Stockholders": NaN,
        "Net Income": NaN,
        "Minority Interests": NaN,
        "Net Income Including Noncontrolling Interests": NaN,
        "Net Income Continuous Operations": NaN,
        "Tax Provision": NaN,
        "Pretax Income": NaN,
        "Other Income Expense": NaN,
        "Special Income Charges": NaN,
        "Gain On Sale Of Ppe": NaN,
        "Gain On Sale Of Business": 0.0,
        "Other Special Charges": NaN,
        "Write Off": NaN,
        "Impairment Of Capital Assets": 20211000.0,
        "Earnings From Equity Interest": NaN,
        "Gain On Sale Of Security": NaN,
        "Net Non Operating Interest Income Expense": NaN,
        "Interest Expense Non Operating": NaN,
        "Interest Income Non Operating": NaN,
        "Operating Income": NaN,
        "Operating Expense": NaN,
        "Other Operating Expenses": NaN,
        "Depreciation Amortization Depletion Income Statement": NaN,
        "Depreciation And Amortization In Income Statement": NaN,
        "Selling General And Administration": NaN,
        "General And Administrative Expense": NaN,
        "Other Gand A": NaN,
        "Salaries And Wages": NaN,
        "Gross Profit": NaN,
        "Cost Of Revenue": NaN,
        "Total Revenue": NaN,
        "Operating Revenue": NaN
    },
    "2024-03-31": {
        "Tax Effect Of Unusual Items": -793730.678233,
        "Tax Rate For Calcs": 0.398659,
        "Normalized EBITDA": 20853000.0,
        "Total Unusual Items": -1991000.0,
        "Total Unusual Items Excluding Goodwill": -1991000.0,
        "Net Income From Continuing Operation Net Minority Interest": 5529000.0,
        "Reconciled Depreciation": 6134000.0,
        "Reconciled Cost Of Revenue": 23655000.0,
        "EBITDA": 18862000.0,
        "EBIT": 12728000.0,
        "Net Interest Income": 1402000.0,
        "Interest Expense": 48000.0,
        "Interest Income": 1450000.0,
        "Normalized Income": 6726269.321767,
        "Net Income From Continuing And Discontinued Operation": 5529000.0,
        "Total Expenses": 33745000.0,
        "Total Operating Income As Reported": 11278000.0,
        "Diluted Average Shares": 177311696.0,
        "Basic Average Shares": NaN,
        "Diluted EPS": NaN,
        "Basic EPS": 0.02,
        "Diluted NI Availto Com Stockholders": 5529000.0,
        "Net Income Common Stockholders": 5529000.0,
        "Net Income": 5529000.0,
        "Minority Interests": -2096000.0,
        "Net Income Including Noncontrolling Interests": 7625000.0,
        "Net Income Continuous Operations": 7625000.0,
        "Tax Provision": 5055000.0,
        "Pretax Income": 12680000.0,
        "Other Income Expense": 2342000.0,
        "Special Income Charges": -4258000.0,
        "Gain On Sale Of Ppe": -7000.0,
        "Gain On Sale Of Business": 0.0,
        "Write Off": 4251000.0,
        "Impairment Of Capital Assets": 0.0,
        "Earnings From Equity Interest": 4333000.0,
        "Gain On Sale Of Security": 2267000.0,
        "Net Non Operating Interest Income Expense": 1402000.0,
        "Total Other Finance Cost": NaN,
        "Interest Expense Non Operating": 48000.0,
        "Interest Income Non Operating": 1450000.0,
        "Operating Income": 8936000.0,
        "Operating Expense": 4102000.0,
        "Other Operating Expenses": 695000.0,
        "Depreciation Amortization Depletion Income Statement": 146000.0,
        "Depreciation And Amortization In Income Statement": 146000.0,
        "Selling General And Administration": 3261000.0,
        "General And Administrative Expense": 3261000.0,
        "Other Gand A": 762000.0,
        "Salaries And Wages": 2499000.0,
        "Gross Profit": 13038000.0,
        "Cost Of Revenue": 29643000.0,
        "Total Revenue": 42681000.0,
        "Operating Revenue": 42681000.0
    },
    "2024-06-30": {
        "Tax Effect Of Unusual Items": 797947.654753,
        "Tax Rate For Calcs": 0.207098,
        "Normalized EBITDA": 39424000.0,
        "Total Unusual Items": 3853000.0,
        "Total Unusual Items Excluding Goodwill": 3853000.0,
        "Net Income From Continuing Operation Net Minority Interest": 21938000.0,
        "Reconciled Depreciation": 7736000.0,
        "Reconciled Cost Of Revenue": 28093000.0,
        "EBITDA": 43277000.0,
        "EBIT": 35541000.0,
        "Net Interest Income": 1615000.0,
        "Interest Expense": 65000.0,
        "Interest Income": 1680000.0,
        "Normalized Income": 18882947.654753,
        "Net Income From Continuing And Discontinued Operation": 21938000.0,
        "Total Expenses": 41745000.0,
        "Total Operating Income As Reported": 33861000.0,
        "Diluted Average Shares": 180516823.0,
        "Basic Average Shares": 177577667.0,
        "Diluted EPS": 0.12,
        "Basic EPS": 0.12,
        "Diluted NI Availto Com Stockholders": 21938000.0,
        "Net Income Common Stockholders": 21938000.0,
        "Net Income": 21938000.0,
        "Minority Interests": -6191000.0,
        "Net Income Including Noncontrolling Interests": 28129000.0,
        "Net Income Continuous Operations": 28129000.0,
        "Tax Provision": 7347000.0,
        "Pretax Income": 35476000.0,
        "Other Income Expense": 3441000.0,
        "Special Income Charges": -112000.0,
        "Gain On Sale Of Ppe": -112000.0,
        "Gain On Sale Of Business": NaN,
        "Write Off": NaN,
        "Impairment Of Capital Assets": NaN,
        "Earnings From Equity Interest": -412000.0,
        "Gain On Sale Of Security": 3965000.0,
        "Net Non Operating Interest Income Expense": 1615000.0,
        "Total Other Finance Cost": NaN,
        "Interest Expense Non Operating": 65000.0,
        "Interest Income Non Operating": 1680000.0,
        "Operating Income": 30420000.0,
        "Operating Expense": 6094000.0,
        "Other Operating Expenses": 1807000.0,
        "Depreciation Amortization Depletion Income Statement": 178000.0,
        "Depreciation And Amortization In Income Statement": 178000.0,
        "Selling General And Administration": 4109000.0,
        "General And Administrative Expense": 4109000.0,
        "Other Gand A": 978000.0,
        "Salaries And Wages": 3131000.0,
        "Gross Profit": 36514000.0,
        "Cost Of Revenue": 35651000.0,
        "Total Revenue": 72165000.0,
        "Operating Revenue": 72165000.0
    },
    "2024-09-30": {
        "Tax Effect Of Unusual Items": 584487.936476,
        "Tax Rate For Calcs": 0.217686,
        "Normalized EBITDA": 34191000.0,
        "Total Unusual Items": 2685000.0,
        "Total Unusual Items Excluding Goodwill": 2685000.0,
        "Net Income From Continuing Operation Net Minority Interest": 17707000.0,
        "Reconciled Depreciation": 7325000.0,
        "Reconciled Cost Of Revenue": 29186000.0,
        "EBITDA": 36876000.0,
        "EBIT": 29551000.0,
        "Net Interest Income": 1852000.0,
        "Interest Expense": 82000.0,
        "Interest Income": 1934000.0,
        "Normalized Income": 15606487.936476,
        "Net Income From Continuing And Discontinued Operation": 17707000.0,
        "Total Expenses": 42599000.0,
        "Total Operating Income As Reported": 27617000.0,
        "Diluted Average Shares": 206474605.0,
        "Basic Average Shares": 203532135.0,
        "Diluted EPS": 0.09,
        "Basic EPS": 0.09,
        "Diluted NI Availto Com Stockholders": 17707000.0,
        "Net Income Common Stockholders": 17707000.0,
        "Net Income": 17707000.0,
        "Minority Interests": -5347000.0,
        "Net Income Including Noncontrolling Interests": 23054000.0,
        "Net Income Continuous Operations": 23054000.0,
        "Tax Provision": 6415000.0,
        "Pretax Income": 29469000.0,
        "Other Income Expense": 2213000.0,
        "Special Income Charges": -35000.0,
        "Gain On Sale Of Ppe": -35000.0,
        "Gain On Sale Of Business": 0.0,
        "Write Off": NaN,
        "Impairment Of Capital Assets": NaN,
        "Earnings From Equity Interest": -472000.0,
        "Gain On Sale Of Security": 2720000.0,
        "Net Non Operating Interest Income Expense": 1852000.0,
        "Total Other Finance Cost": NaN,
        "Interest Expense Non Operating": 82000.0,
        "Interest Income Non Operating": 1934000.0,
        "Operating Income": 25404000.0,
        "Operating Expense": 6257000.0,
        "Other Operating Expenses": 1281000.0,
        "Depreciation Amortization Depletion Income Statement": 169000.0,
        "Depreciation And Amortization In Income Statement": 169000.0,
        "Selling General And Administration": 4807000.0,
        "General And Administrative Expense": 4807000.0,
        "Other Gand A": 803000.0,
        "Salaries And Wages": 4004000.0,
        "Gross Profit": 31661000.0,
        "Cost Of Revenue": 36342000.0,
        "Total Revenue": 68003000.0,
        "Operating Revenue": 68003000.0
    },
    "2024-12-31": {
        "Tax Effect Of Unusual Items": 2326548.774778,
        "Tax Rate For Calcs": 0.18805,
        "Normalized EBITDA": 36523000.0,
        "Total Unusual Items": 12372000.0,
        "Total Unusual Items Excluding Goodwill": 12372000.0,
        "Net Income From Continuing Operation Net Minority Interest": 26130000.0,
        "Reconciled Depreciation": 9071000.0,
        "Reconciled Cost Of Revenue": 45478000.0,
        "EBITDA": 48895000.0,
        "EBIT": 39824000.0,
        "Net Interest Income": -873000.0,
        "Interest Expense": 1382000.0,
        "Interest Income": 2250000.0,
        "Normalized Income": 16084548.774778,
        "Net Income From Continuing And Discontinued Operation": 26130000.0,
        "Total Expenses": 56292000.0,
        "Total Operating Income As Reported": 39315000.0,
        "Diluted Average Shares": 220212314.0,
        "Basic Average Shares": 217475279.0,
        "Diluted EPS": 0.12,
        "Basic EPS": 0.12,
        "Diluted NI Availto Com Stockholders": 26130000.0,
        "Net Income Common Stockholders": 26130000.0,
        "Net Income": 26130000.0,
        "Minority Interests": -5083000.0,
        "Net Income Including Noncontrolling Interests": 31213000.0,
        "Net Income Continuous Operations": 31213000.0,
        "Tax Provision": 7229000.0,
        "Pretax Income": 38442000.0,
        "Other Income Expense": 11993000.0,
        "Special Income Charges": -32000.0,
        "Gain On Sale Of Ppe": -32000.0,
        "Gain On Sale Of Business": 0.0,
        "Write Off": NaN,
        "Impairment Of Capital Assets": NaN,
        "Earnings From Equity Interest": -379000.0,
        "Gain On Sale Of Security": 12404000.0,
        "Net Non Operating Interest Income Expense": -873000.0,
        "Total Other Finance Cost": 1741000.0,
        "Interest Expense Non Operating": 1382000.0,
        "Interest Income Non Operating": 2250000.0,
        "Operating Income": 27322000.0,
        "Operating Expense": 1908000.0,
        "Other Operating Expenses": -2645000.0,
        "Depreciation Amortization Depletion Income Statement": 165000.0,
        "Depreciation And Amortization In Income Statement": 165000.0,
        "Selling General And Administration": 4388000.0,
        "General And Administrative Expense": 4388000.0,
        "Other Gand A": 1501000.0,
        "Salaries And Wages": 2887000.0,
        "Gross Profit": 29230000.0,
        "Cost Of Revenue": 54384000.0,
        "Total Revenue": 83614000.0,
        "Operating Revenue": 83614000.0
    },
    "2025-03-31": {
        "Tax Effect Of Unusual Items": NaN,
        "Tax Rate For Calcs": 0.15,
        "Normalized EBITDA": NaN,
        "Total Unusual Items": NaN,
        "Total Unusual Items Excluding Goodwill": NaN,
        "Net Income From Continuing Operation Net Minority Interest": -7585000.0,
        "Reconciled Depreciation": NaN,
        "Reconciled Cost Of Revenue": NaN,
        "EBITDA": 13709000.0,
        "EBIT": NaN,
        "Net Interest Income": NaN,
        "Interest Expense": NaN,
        "Interest Income": NaN,
        "Normalized Income": NaN,
        "Net Income From Continuing And Discontinued Operation": NaN,
        "Total Expenses": NaN,
        "Total Operating Income As Reported": NaN,
        "Diluted Average Shares": NaN,
        "Basic Average Shares": NaN,
        "Diluted EPS": NaN,
        "Basic EPS": NaN,
        "Diluted NI Availto Com Stockholders": NaN,
        "Net Income Common Stockholders": NaN,
        "Net Income": NaN,
        "Minority Interests": NaN,
        "Net Income Including Noncontrolling Interests": NaN,
        "Net Income Continuous Operations": NaN,
        "Tax Provision": NaN,
        "Pretax Income": NaN,
        "Other Income Expense": NaN,
        "Special Income Charges": NaN,
        "Gain On Sale Of Ppe": 16000.0,
        "Gain On Sale Of Business": NaN,
        "Write Off": NaN,
        "Impairment Of Capital Assets": NaN,
        "Earnings From Equity Interest": NaN,
        "Gain On Sale Of Security": NaN,
        "Net Non Operating Interest Income Expense": NaN,
        "Total Other Finance Cost": NaN,
        "Interest Expense Non Operating": NaN,
        "Interest Income Non Operating": NaN,
        "Operating Income": NaN,
        "Operating Expense": NaN,
        "Other Operating Expenses": NaN,
        "Depreciation Amortization Depletion Income Statement": NaN,
        "Depreciation And Amortization In Income Statement": NaN,
        "Selling General And Administration": NaN,
        "General And Administrative Expense": NaN,
        "Other Gand A": NaN,
        "Salaries And Wages": 3051000.0,
        "Gross Profit": NaN,
        "Cost Of Revenue": NaN,
        "Total Revenue": NaN,
        "Operating Revenue": 75113000.0
    }
}