{
    "2023-03-31": {
        "Tax Effect Of Unusual Items": NaN,
        "Tax Rate For Calcs": NaN,
        "Normalized EBITDA": NaN,
        "Total Unusual Items": NaN,
        "Total Unusual Items Excluding Goodwill": NaN,
        "Net Income From Continuing Operation Net Minority Interest": NaN,
        "Reconciled Depreciation": NaN,
        "EBITDA": NaN,
        "EBIT": NaN,
        "Net Interest Income": NaN,
        "Interest Income": NaN,
        "Normalized Income": NaN,
        "Net Income From Continuing And Discontinued Operation": NaN,
        "Total Expenses": NaN,
        "Total Operating Income As Reported": NaN,
        "Diluted Average Shares": NaN,
        "Basic Average Shares": NaN,
        "Diluted EPS": NaN,
        "Basic EPS": NaN,
        "Diluted NI Availto Com Stockholders": NaN,
        "Net Income Common Stockholders": NaN,
        "Net Income": NaN,
        "Net Income Including Noncontrolling Interests": NaN,
        "Net Income Continuous Operations": NaN,
        "Pretax Income": NaN,
        "Other Income Expense": NaN,
        "Special Income Charges": 761000.0,
        "Other Special Charges": -761000.0,
        "Gain On Sale Of Security": NaN,
        "Net Non Operating Interest Income Expense": NaN,
        "Interest Income Non Operating": NaN,
        "Operating Income": NaN,
        "Operating Expense": NaN,
        "Other Taxes": NaN,
        "Depreciation Amortization Depletion Income Statement": NaN,
        "Depreciation And Amortization In Income Statement": NaN,
        "Research And Development": NaN,
        "Selling General And Administration": NaN,
        "General And Administrative Expense": NaN,
        "Other Gand A": NaN,
        "Total Revenue": NaN,
        "Operating Revenue": NaN
    },
    "2022-12-31": {
        "Tax Effect Of Unusual Items": 0.0,
        "Tax Rate For Calcs": 0.0,
        "Normalized EBITDA": -10811000.0,
        "Total Unusual Items": -40000.0,
        "Total Unusual Items Excluding Goodwill": -40000.0,
        "Net Income From Continuing Operation Net Minority Interest": -10300000.0,
        "Reconciled Depreciation": 42000.0,
        "EBITDA": -10851000.0,
        "EBIT": -10893000.0,
        "Net Interest Income": 614000.0,
        "Interest Income": NaN,
        "Normalized Income": -10260000.0,
        "Net Income From Continuing And Discontinued Operation": -10300000.0,
        "Total Expenses": 10874000.0,
        "Total Operating Income As Reported": -10875000.0,
        "Diluted Average Shares": NaN,
        "Basic Average Shares": NaN,
        "Diluted EPS": NaN,
        "Basic EPS": NaN,
        "Diluted NI Availto Com Stockholders": -10300000.0,
        "Net Income Common Stockholders": -10300000.0,
        "Net Income": -10300000.0,
        "Net Income Including Noncontrolling Interests": -10300000.0,
        "Net Income Continuous Operations": -10300000.0,
        "Pretax Income": -10300000.0,
        "Other Income Expense": -40000.0,
        "Special Income Charges": NaN,
        "Other Special Charges": NaN,
        "Gain On Sale Of Security": -40000.0,
        "Net Non Operating Interest Income Expense": 614000.0,
        "Interest Income Non Operating": NaN,
        "Operating Income": -10874000.0,
        "Operating Expense": 10874000.0,
        "Other Taxes": -1000.0,
        "Depreciation Amortization Depletion Income Statement": 7000.0,
        "Depreciation And Amortization In Income Statement": 7000.0,
        "Research And Development": 7626000.0,
        "Selling General And Administration": 3242000.0,
        "General And Administrative Expense": 3242000.0,
        "Other Gand A": 3242000.0,
        "Total Revenue": 0.0,
        "Operating Revenue": 0.0
    },
    "2022-09-30": {
        "Tax Effect Of Unusual Items": NaN,
        "Tax Rate For Calcs": NaN,
        "Normalized EBITDA": NaN,
        "Total Unusual Items": NaN,
        "Total Unusual Items Excluding Goodwill": NaN,
        "Net Income From Continuing Operation Net Minority Interest": NaN,
        "Reconciled Depreciation": NaN,
        "EBITDA": NaN,
        "EBIT": NaN,
        "Net Interest Income": NaN,
        "Interest Income": 152000.0,
        "Normalized Income": NaN,
        "Net Income From Continuing And Discontinued Operation": NaN,
        "Total Expenses": NaN,
        "Total Operating Income As Reported": NaN,
        "Diluted Average Shares": 152773015.0,
        "Basic Average Shares": 152773015.0,
        "Diluted EPS": -0.07,
        "Basic EPS": -0.07,
        "Diluted NI Availto Com Stockholders": NaN,
        "Net Income Common Stockholders": NaN,
        "Net Income": NaN,
        "Net Income Including Noncontrolling Interests": NaN,
        "Net Income Continuous Operations": NaN,
        "Pretax Income": NaN,
        "Other Income Expense": NaN,
        "Special Income Charges": NaN,
        "Other Special Charges": NaN,
        "Gain On Sale Of Security": NaN,
        "Net Non Operating Interest Income Expense": NaN,
        "Total Other Finance Cost": -152000.0,
        "Interest Income Non Operating": 152000.0,
        "Operating Income": NaN,
        "Operating Expense": NaN,
        "Other Taxes": NaN,
        "Depreciation Amortization Depletion Income Statement": NaN,
        "Depreciation And Amortization In Income Statement": NaN,
        "Research And Development": NaN,
        "Selling General And Administration": NaN,
        "General And Administrative Expense": NaN,
        "Other Gand A": NaN,
        "Total Revenue": NaN,
        "Operating Revenue": NaN
    },
    "2022-06-30": {
        "Tax Effect Of Unusual Items": 0.0,
        "Tax Rate For Calcs": 0.0,
        "Normalized EBITDA": -8881000.0,
        "Total Unusual Items": 42000.0,
        "Total Unusual Items Excluding Goodwill": 42000.0,
        "Net Income From Continuing Operation Net Minority Interest": -9164000.0,
        "Reconciled Depreciation": 41000.0,
        "EBITDA": -8839000.0,
        "EBIT": -8880000.0,
        "Net Interest Income": -284000.0,
        "Interest Expense": 284000.0,
        "Interest Income": NaN,
        "Normalized Income": -9206000.0,
        "Net Income From Continuing And Discontinued Operation": -9164000.0,
        "Total Expenses": 8922000.0,
        "Total Operating Income As Reported": -9383000.0,
        "Diluted Average Shares": 152771103.0,
        "Basic Average Shares": 152771103.0,
        "Diluted EPS": -0.06,
        "Basic EPS": -0.06,
        "Diluted NI Availto Com Stockholders": -9164000.0,
        "Net Income Common Stockholders": -9164000.0,
        "Net Income": -9164000.0,
        "Net Income Including Noncontrolling Interests": -9164000.0,
        "Net Income Continuous Operations": -9164000.0,
        "Pretax Income": -9164000.0,
        "Other Income Expense": 42000.0,
        "Special Income Charges": NaN,
        "Other Special Charges": NaN,
        "Gain On Sale Of Security": 42000.0,
        "Net Non Operating Interest Income Expense": -284000.0,
        "Total Other Finance Cost": NaN,
        "Interest Expense Non Operating": 284000.0,
        "Interest Income Non Operating": NaN,
        "Operating Income": -8922000.0,
        "Operating Expense": 8922000.0,
        "Other Taxes": -461000.0,
        "Depreciation Amortization Depletion Income Statement": 8000.0,
        "Depreciation And Amortization In Income Statement": 8000.0,
        "Research And Development": 6418000.0,
        "Selling General And Administration": 2957000.0,
        "General And Administrative Expense": 2957000.0,
        "Other Gand A": 2957000.0,
        "Total Revenue": 0.0,
        "Operating Revenue": 0.0
    },
    "2022-03-31": {
        "Diluted EPS": -0.05,
        "Total Revenue": NaN,
        "Gross Profit": NaN,
        "Operating Income": -8,
        "EBIT": -8,
        "Net Income": -8
    },
    "2021-12-31": {
        "Diluted EPS": -0.05,
        "Total Revenue": NaN,
        "Gross Profit": NaN,
        "Operating Income": -11,
        "EBIT": -10,
        "Net Income": -11
    },
    "2021-09-30": {
        "Diluted EPS": -0.07,
        "Total Revenue": NaN,
        "Gross Profit": NaN,
        "Operating Income": -10,
        "EBIT": -9,
        "Net Income": -11
    },
    "2021-06-30": {
        "Diluted EPS": -0.07,
        "Total Revenue": NaN,
        "Gross Profit": NaN,
        "Operating Income": -10,
        "EBIT": -10,
        "Net Income": -11
    },
    "2021-03-31": {
        "Diluted EPS": -0.13,
        "Total Revenue": NaN,
        "Gross Profit": NaN,
        "Operating Income": -10,
        "EBIT": -10,
        "Net Income": -10
    },
    "2020-12-31": {
        "Diluted EPS": -0.23,
        "Total Revenue": 0,
        "Gross Profit": 0,
        "Operating Income": -13,
        "EBIT": -13,
        "Net Income": -14
    },
    "2020-09-30": {
        "Diluted EPS": -0.18,
        "Total Revenue": 0,
        "Gross Profit": 0,
        "Operating Income": -11,
        "EBIT": -11,
        "Net Income": -11
    },
    "2020-06-30": {
        "Diluted EPS": -0.16,
        "Total Revenue": NaN,
        "Gross Profit": NaN,
        "Operating Income": -9,
        "EBIT": -9,
        "Net Income": -9
    },
    "2020-03-31": {
        "Diluted EPS": -0.27,
        "Total Revenue": NaN,
        "Gross Profit": NaN,
        "Operating Income": -16,
        "EBIT": -16,
        "Net Income": -15
    },
    "2019-12-31": {
        "Diluted EPS": -0.74,
        "Total Revenue": NaN,
        "Gross Profit": NaN,
        "Operating Income": -32,
        "EBIT": -12,
        "Net Income": -32
    },
    "2019-09-30": {
        "Diluted EPS": -0.3,
        "Total Revenue": NaN,
        "Gross Profit": NaN,
        "Operating Income": -12,
        "EBIT": -12,
        "Net Income": -12
    },
    "2019-06-30": {
        "Diluted EPS": -0.57,
        "Total Revenue": NaN,
        "Gross Profit": NaN,
        "Operating Income": -22,
        "EBIT": -15,
        "Net Income": -22
    },
    "2019-03-31": {
        "Diluted EPS": -0.34,
        "Total Revenue": NaN,
        "Gross Profit": NaN,
        "Operating Income": -13,
        "EBIT": -13,
        "Net Income": -12
    },
    "2018-12-31": {
        "Diluted EPS": -0.26,
        "Total Revenue": NaN,
        "Gross Profit": NaN,
        "Operating Income": -13,
        "EBIT": -13,
        "Net Income": -11
    },
    "2018-09-30": {
        "Diluted EPS": -0.36,
        "Total Revenue": NaN,
        "Gross Profit": NaN,
        "Operating Income": -13,
        "EBIT": -13,
        "Net Income": -13
    },
    "2018-06-30": {
        "Diluted EPS": -0.37,
        "Total Revenue": NaN,
        "Gross Profit": NaN,
        "Operating Income": -12,
        "EBIT": -12,
        "Net Income": -12
    },
    "2018-03-31": {
        "Diluted EPS": -0.86,
        "Total Revenue": NaN,
        "Gross Profit": NaN,
        "Operating Income": -32,
        "EBIT": -32,
        "Net Income": -27
    },
    "2017-12-31": {
        "Diluted EPS": 1.07,
        "Total Revenue": NaN,
        "Gross Profit": NaN,
        "Operating Income": -9,
        "EBIT": -9,
        "Net Income": -7
    },
    "2017-09-30": {
        "Diluted EPS": -0.28,
        "Total Revenue": NaN,
        "Gross Profit": NaN,
        "Operating Income": -7,
        "EBIT": -6,
        "Net Income": -7
    },
    "2017-06-30": {
        "Diluted EPS": -0.9,
        "Total Revenue": NaN,
        "Gross Profit": NaN,
        "Operating Income": -9,
        "EBIT": -9,
        "Net Income": -12
    },
    "2017-03-31": {
        "Diluted EPS": -1.65,
        "Total Revenue": NaN,
        "Gross Profit": NaN,
        "Operating Income": -5,
        "EBIT": -5,
        "Net Income": -5
    },
    "2016-12-31": {
        "Diluted EPS": 1.96,
        "Total Revenue": NaN,
        "Gross Profit": NaN,
        "Operating Income": 5,
        "EBIT": 5,
        "Net Income": 6
    },
    "2016-09-30": {
        "Diluted EPS": -1.21,
        "Total Revenue": NaN,
        "Gross Profit": NaN,
        "Operating Income": -3,
        "EBIT": -3,
        "Net Income": -3
    },
    "2016-06-30": {
        "Diluted EPS": -1.97,
        "Total Revenue": NaN,
        "Gross Profit": NaN,
        "Operating Income": -2,
        "EBIT": -2,
        "Net Income": -2
    },
    "2016-03-31": {
        "Diluted EPS": -4.4,
        "Total Revenue": NaN,
        "Gross Profit": NaN,
        "Operating Income": -11,
        "EBIT": -11,
        "Net Income": -11
    },
    "2015-12-31": {
        "Diluted EPS": 3.11,
        "Total Revenue": NaN,
        "Gross Profit": NaN,
        "Operating Income": 24,
        "EBIT": 26,
        "Net Income": 20
    },
    "2015-09-30": {
        "Diluted EPS": -4.2,
        "Total Revenue": NaN,
        "Gross Profit": NaN,
        "Operating Income": -10,
        "EBIT": -10,
        "Net Income": -10
    },
    "2015-06-30": {
        "Diluted EPS": -4.2,
        "Total Revenue": NaN,
        "Gross Profit": NaN,
        "Operating Income": -10,
        "EBIT": -10,
        "Net Income": -10
    },
    "2015-03-31": {
        "Diluted EPS": -4.2,
        "Total Revenue": NaN,
        "Gross Profit": NaN,
        "Operating Income": -10,
        "EBIT": -10,
        "Net Income": -10
    },
    "2014-12-31": {
        "Diluted EPS": -3.5,
        "Total Revenue": NaN,
        "Gross Profit": NaN,
        "Operating Income": -7,
        "EBIT": -7,
        "Net Income": -7
    },
    "2014-09-30": {
        "Diluted EPS": -4.2,
        "Total Revenue": NaN,
        "Gross Profit": NaN,
        "Operating Income": -8,
        "EBIT": -8,
        "Net Income": -8
    },
    "2014-06-30": {
        "Diluted EPS": -4.2,
        "Total Revenue": NaN,
        "Gross Profit": NaN,
        "Operating Income": -7,
        "EBIT": -7,
        "Net Income": -7
    },
    "2014-03-31": {
        "Diluted EPS": -4.2,
        "Total Revenue": NaN,
        "Gross Profit": NaN,
        "Operating Income": -7,
        "EBIT": -7,
        "Net Income": -6
    },
    "2013-12-31": {
        "Diluted EPS": -1.4,
        "Total Revenue": NaN,
        "Gross Profit": NaN,
        "Operating Income": -6,
        "EBIT": -6,
        "Net Income": -6
    },
    "2013-09-30": {
        "Diluted EPS": -3.5,
        "Total Revenue": NaN,
        "Gross Profit": NaN,
        "Operating Income": -5,
        "EBIT": -5,
        "Net Income": -5
    },
    "2013-06-30": {
        "Diluted EPS": -6.29,
        "Total Revenue": NaN,
        "Gross Profit": NaN,
        "Operating Income": -5,
        "EBIT": -5,
        "Net Income": -5
    },
    "2013-03-31": {
        "Diluted EPS": -8.39,
        "Total Revenue": NaN,
        "Gross Profit": NaN,
        "Operating Income": -6,
        "EBIT": -6,
        "Net Income": -6
    },
    "2012-12-31": {
        "Diluted EPS": -5.59,
        "Total Revenue": NaN,
        "Gross Profit": NaN,
        "Operating Income": -4,
        "EBIT": -4,
        "Net Income": -4
    },
    "2012-09-30": {
        "Diluted EPS": -4.9,
        "Total Revenue": NaN,
        "Gross Profit": NaN,
        "Operating Income": -3,
        "EBIT": -3,
        "Net Income": -3
    },
    "2012-06-30": {
        "Diluted EPS": -6.29,
        "Total Revenue": NaN,
        "Gross Profit": NaN,
        "Operating Income": -4,
        "EBIT": -4,
        "Net Income": -4
    },
    "2012-03-31": {
        "Diluted EPS": -6.29,
        "Total Revenue": NaN,
        "Gross Profit": NaN,
        "Operating Income": -4,
        "EBIT": -4,
        "Net Income": -4
    },
    "2011-12-31": {
        "Diluted EPS": -2.8,
        "Total Revenue": NaN,
        "Gross Profit": NaN,
        "Operating Income": -2,
        "EBIT": -2,
        "Net Income": -2
    },
    "2011-09-30": {
        "Diluted EPS": -9.09,
        "Total Revenue": NaN,
        "Gross Profit": NaN,
        "Operating Income": -4,
        "EBIT": -4,
        "Net Income": -4
    },
    "2011-06-30": {
        "Diluted EPS": -11.89,
        "Total Revenue": NaN,
        "Gross Profit": NaN,
        "Operating Income": -4,
        "EBIT": -4,
        "Net Income": -4
    },
    "2011-03-31": {
        "Diluted EPS": -9.09,
        "Total Revenue": NaN,
        "Gross Profit": NaN,
        "Operating Income": -3,
        "EBIT": -3,
        "Net Income": -3
    },
    "2010-12-31": {
        "Diluted EPS": -4.9,
        "Total Revenue": NaN,
        "Gross Profit": NaN,
        "Operating Income": -3,
        "EBIT": -3,
        "Net Income": -2
    },
    "2010-09-30": {
        "Diluted EPS": -9.09,
        "Total Revenue": NaN,
        "Gross Profit": NaN,
        "Operating Income": -2,
        "EBIT": -2,
        "Net Income": -2
    },
    "2010-06-30": {
        "Diluted EPS": -27.27,
        "Total Revenue": NaN,
        "Gross Profit": NaN,
        "Operating Income": -2,
        "EBIT": -2,
        "Net Income": -5
    },
    "2010-03-31": {
        "Diluted EPS": -33.57,
        "Total Revenue": NaN,
        "Gross Profit": NaN,
        "Operating Income": -2,
        "EBIT": -2,
        "Net Income": -5
    },
    "2009-12-31": {
        "Diluted EPS": -70.63,
        "Total Revenue": NaN,
        "Gross Profit": NaN,
        "Operating Income": -3,
        "EBIT": -3,
        "Net Income": -6
    },
    "2009-09-30": {
        "Diluted EPS": -39.86,
        "Total Revenue": NaN,
        "Gross Profit": NaN,
        "Operating Income": -2,
        "EBIT": -2,
        "Net Income": -3
    },
    "2009-06-30": {
        "Diluted EPS": -71.33,
        "Total Revenue": NaN,
        "Gross Profit": NaN,
        "Operating Income": -3,
        "EBIT": -3,
        "Net Income": -4
    },
    "2009-03-31": {
        "Diluted EPS": -60.84,
        "Total Revenue": 0,
        "Gross Profit": 0,
        "Operating Income": -3,
        "EBIT": -3,
        "Net Income": -3
    },
    "2023-06-30": {
        "Tax Effect Of Unusual Items": NaN,
        "Tax Rate For Calcs": NaN,
        "Normalized EBITDA": NaN,
        "Total Unusual Items": NaN,
        "Total Unusual Items Excluding Goodwill": NaN,
        "Net Income From Continuing Operation Net Minority Interest": NaN,
        "Reconciled Depreciation": NaN,
        "EBITDA": NaN,
        "EBIT": NaN,
        "Net Interest Income": NaN,
        "Interest Income": NaN,
        "Normalized Income": NaN,
        "Net Income From Continuing And Discontinued Operation": NaN,
        "Total Expenses": NaN,
        "Total Operating Income As Reported": NaN,
        "Diluted Average Shares": 152796617.0,
        "Basic Average Shares": 152796617.0,
        "Diluted EPS": -0.07,
        "Basic EPS": -0.07,
        "Diluted NI Availto Com Stockholders": NaN,
        "Net Income Common Stockholders": NaN,
        "Net Income": NaN,
        "Net Income Including Noncontrolling Interests": NaN,
        "Net Income Continuous Operations": NaN,
        "Pretax Income": NaN,
        "Other Income Expense": NaN,
        "Gain On Sale Of Security": NaN,
        "Net Non Operating Interest Income Expense": NaN,
        "Interest Income Non Operating": NaN,
        "Operating Income": NaN,
        "Operating Expense": NaN,
        "Other Taxes": NaN,
        "Depreciation Amortization Depletion Income Statement": NaN,
        "Depreciation And Amortization In Income Statement": NaN,
        "Research And Development": NaN,
        "Selling General And Administration": NaN,
        "General And Administrative Expense": NaN,
        "Other Gand A": NaN,
        "Total Revenue": NaN,
        "Operating Revenue": NaN
    },
    "2023-09-30": {
        "Tax Effect Of Unusual Items": NaN,
        "Tax Rate For Calcs": NaN,
        "Normalized EBITDA": NaN,
        "Total Unusual Items": NaN,
        "Total Unusual Items Excluding Goodwill": NaN,
        "Net Income From Continuing Operation Net Minority Interest": NaN,
        "Reconciled Depreciation": NaN,
        "EBITDA": NaN,
        "EBIT": NaN,
        "Net Interest Income": NaN,
        "Interest Income": NaN,
        "Normalized Income": NaN,
        "Net Income From Continuing And Discontinued Operation": NaN,
        "Total Expenses": NaN,
        "Total Operating Income As Reported": NaN,
        "Diluted Average Shares": 174696191.0,
        "Basic Average Shares": 174696191.0,
        "Diluted EPS": -0.1,
        "Basic EPS": -0.1,
        "Diluted NI Availto Com Stockholders": NaN,
        "Net Income Common Stockholders": NaN,
        "Net Income": NaN,
        "Net Income Including Noncontrolling Interests": NaN,
        "Net Income Continuous Operations": NaN,
        "Tax Provision": NaN,
        "Pretax Income": NaN,
        "Other Income Expense": NaN,
        "Special Income Charges": NaN,
        "Other Special Charges": NaN,
        "Gain On Sale Of Security": NaN,
        "Net Non Operating Interest Income Expense": NaN,
        "Interest Income Non Operating": NaN,
        "Operating Income": NaN,
        "Operating Expense": NaN,
        "Other Taxes": NaN,
        "Depreciation Amortization Depletion Income Statement": NaN,
        "Depreciation And Amortization In Income Statement": NaN,
        "Research And Development": NaN,
        "Selling General And Administration": NaN,
        "General And Administrative Expense": NaN,
        "Other Gand A": NaN,
        "Total Revenue": NaN,
        "Operating Revenue": NaN
    },
    "2023-12-31": {
        "Tax Effect Of Unusual Items": 0.0,
        "Tax Rate For Calcs": 0.0,
        "Normalized EBITDA": -17576000.0,
        "Total Unusual Items": 12000.0,
        "Total Unusual Items Excluding Goodwill": 12000.0,
        "Net Income From Continuing Operation Net Minority Interest": -16099000.0,
        "Reconciled Depreciation": 66000.0,
        "EBITDA": -17564000.0,
        "EBIT": -17630000.0,
        "Net Interest Income": 1519000.0,
        "Interest Income": NaN,
        "Normalized Income": -16111000.0,
        "Net Income From Continuing And Discontinued Operation": -16099000.0,
        "Total Expenses": 17630000.0,
        "Total Operating Income As Reported": -17630000.0,
        "Diluted Average Shares": NaN,
        "Basic Average Shares": NaN,
        "Diluted EPS": NaN,
        "Basic EPS": NaN,
        "Diluted NI Availto Com Stockholders": -16099000.0,
        "Net Income Common Stockholders": -16099000.0,
        "Net Income": -16099000.0,
        "Net Income Including Noncontrolling Interests": -16099000.0,
        "Net Income Continuous Operations": -16099000.0,
        "Pretax Income": -16099000.0,
        "Other Income Expense": 12000.0,
        "Gain On Sale Of Security": 12000.0,
        "Net Non Operating Interest Income Expense": 1519000.0,
        "Interest Income Non Operating": NaN,
        "Operating Income": -17630000.0,
        "Operating Expense": 17630000.0,
        "Other Taxes": 0.0,
        "Depreciation Amortization Depletion Income Statement": 32000.0,
        "Depreciation And Amortization In Income Statement": 32000.0,
        "Research And Development": 12746000.0,
        "Selling General And Administration": 4852000.0,
        "General And Administrative Expense": 4852000.0,
        "Other Gand A": 4852000.0,
        "Total Revenue": 0.0,
        "Operating Revenue": 0.0
    },
    "2024-03-31": {
        "Tax Effect Of Unusual Items": 0.0,
        "Tax Rate For Calcs": 0.0,
        "Normalized EBITDA": -21590000.0,
        "Total Unusual Items": -21000.0,
        "Total Unusual Items Excluding Goodwill": -21000.0,
        "Net Income From Continuing Operation Net Minority Interest": -20346000.0,
        "Reconciled Depreciation": 67000.0,
        "EBITDA": -21611000.0,
        "EBIT": -21678000.0,
        "Net Interest Income": 1353000.0,
        "Interest Income": 1353000.0,
        "Normalized Income": -20325000.0,
        "Net Income From Continuing And Discontinued Operation": -20346000.0,
        "Total Expenses": 21678000.0,
        "Total Operating Income As Reported": -22475000.0,
        "Diluted Average Shares": 182550109.0,
        "Basic Average Shares": 182550109.0,
        "Diluted EPS": -0.11,
        "Basic EPS": -0.11,
        "Diluted NI Availto Com Stockholders": -20346000.0,
        "Net Income Common Stockholders": -20346000.0,
        "Net Income": -20346000.0,
        "Net Income Including Noncontrolling Interests": -20346000.0,
        "Net Income Continuous Operations": -20346000.0,
        "Tax Provision": 0.0,
        "Pretax Income": -20346000.0,
        "Other Income Expense": -21000.0,
        "Special Income Charges": 0.0,
        "Other Special Charges": NaN,
        "Gain On Sale Of Security": -21000.0,
        "Net Non Operating Interest Income Expense": 1353000.0,
        "Interest Income Non Operating": 1353000.0,
        "Operating Income": -21678000.0,
        "Operating Expense": 21678000.0,
        "Other Taxes": -797000.0,
        "Depreciation Amortization Depletion Income Statement": 32000.0,
        "Depreciation And Amortization In Income Statement": 32000.0,
        "Research And Development": 16807000.0,
        "Selling General And Administration": 5636000.0,
        "General And Administrative Expense": 5636000.0,
        "Other Gand A": 5636000.0,
        "Total Revenue": 0.0,
        "Operating Revenue": 0.0
    },
    "2024-06-30": {
        "Tax Effect Of Unusual Items": 0.0,
        "Tax Rate For Calcs": 0.0,
        "Normalized EBITDA": -22996000.0,
        "Total Unusual Items": -125000.0,
        "Total Unusual Items Excluding Goodwill": -125000.0,
        "Net Income From Continuing Operation Net Minority Interest": -22243000.0,
        "Reconciled Depreciation": 69000.0,
        "EBITDA": -23121000.0,
        "EBIT": -23190000.0,
        "Net Interest Income": 1072000.0,
        "Interest Income": 1072000.0,
        "Normalized Income": -22118000.0,
        "Net Income From Continuing And Discontinued Operation": -22243000.0,
        "Total Expenses": 23190000.0,
        "Total Operating Income As Reported": -23190000.0,
        "Diluted Average Shares": 182584078.0,
        "Basic Average Shares": 182584078.0,
        "Diluted EPS": -0.12,
        "Basic EPS": -0.12,
        "Diluted NI Availto Com Stockholders": -22243000.0,
        "Net Income Common Stockholders": -22243000.0,
        "Net Income": -22243000.0,
        "Net Income Including Noncontrolling Interests": -22243000.0,
        "Net Income Continuous Operations": -22243000.0,
        "Tax Provision": NaN,
        "Pretax Income": -22243000.0,
        "Other Income Expense": -125000.0,
        "Special Income Charges": NaN,
        "Other Special Charges": NaN,
        "Gain On Sale Of Security": -125000.0,
        "Net Non Operating Interest Income Expense": 1072000.0,
        "Interest Income Non Operating": 1072000.0,
        "Operating Income": -23190000.0,
        "Operating Expense": 23190000.0,
        "Other Taxes": 0.0,
        "Depreciation Amortization Depletion Income Statement": 33000.0,
        "Depreciation And Amortization In Income Statement": 33000.0,
        "Research And Development": 17617000.0,
        "Selling General And Administration": 5540000.0,
        "General And Administrative Expense": 5540000.0,
        "Other Gand A": 5540000.0,
        "Total Revenue": 0.0,
        "Operating Revenue": 0.0
    },
    "2024-09-30": {
        "Tax Effect Of Unusual Items": 0.0,
        "Tax Rate For Calcs": 0.0,
        "Normalized EBITDA": -26268000.0,
        "Total Unusual Items": -20000.0,
        "Total Unusual Items Excluding Goodwill": -20000.0,
        "Net Income From Continuing Operation Net Minority Interest": -24248000.0,
        "Reconciled Depreciation": 69000.0,
        "EBITDA": -26288000.0,
        "EBIT": -26357000.0,
        "Net Interest Income": 2129000.0,
        "Interest Income": 2129000.0,
        "Normalized Income": -24228000.0,
        "Net Income From Continuing And Discontinued Operation": -24248000.0,
        "Total Expenses": 26357000.0,
        "Total Operating Income As Reported": -26357000.0,
        "Diluted Average Shares": 211847651.0,
        "Basic Average Shares": 211847651.0,
        "Diluted EPS": -0.11,
        "Basic EPS": -0.11,
        "Diluted NI Availto Com Stockholders": -24248000.0,
        "Net Income Common Stockholders": -24248000.0,
        "Net Income": -24248000.0,
        "Net Income Including Noncontrolling Interests": -24248000.0,
        "Net Income Continuous Operations": -24248000.0,
        "Tax Provision": NaN,
        "Pretax Income": -24248000.0,
        "Other Income Expense": -20000.0,
        "Special Income Charges": NaN,
        "Other Special Charges": NaN,
        "Gain On Sale Of Security": -20000.0,
        "Net Non Operating Interest Income Expense": 2129000.0,
        "Interest Income Non Operating": 2129000.0,
        "Operating Income": -26357000.0,
        "Operating Expense": 26357000.0,
        "Other Taxes": 0.0,
        "Depreciation Amortization Depletion Income Statement": 33000.0,
        "Depreciation And Amortization In Income Statement": 33000.0,
        "Research And Development": 20311000.0,
        "Selling General And Administration": 6013000.0,
        "General And Administrative Expense": 6013000.0,
        "Other Gand A": 6013000.0,
        "Total Revenue": 0.0,
        "Operating Revenue": 0.0
    },
    "2024-12-31": {
        "Tax Effect Of Unusual Items": 0.0,
        "Tax Rate For Calcs": 0.0,
        "Normalized EBITDA": -31359000.0,
        "Total Unusual Items": 217000.0,
        "Total Unusual Items Excluding Goodwill": 217000.0,
        "Net Income From Continuing Operation Net Minority Interest": -29044000.0,
        "Reconciled Depreciation": -75000.0,
        "EBITDA": -31142000.0,
        "EBIT": -31174000.0,
        "Net Interest Income": 1913000.0,
        "Interest Income": 1913000.0,
        "Normalized Income": -29261000.0,
        "Net Income From Continuing And Discontinued Operation": -29044000.0,
        "Total Expenses": 31174000.0,
        "Total Operating Income As Reported": -31174000.0,
        "Diluted Average Shares": NaN,
        "Basic Average Shares": NaN,
        "Diluted EPS": NaN,
        "Basic EPS": NaN,
        "Diluted NI Availto Com Stockholders": -29044000.0,
        "Net Income Common Stockholders": -29044000.0,
        "Net Income": -29044000.0,
        "Net Income Including Noncontrolling Interests": -29044000.0,
        "Net Income Continuous Operations": -29044000.0,
        "Tax Provision": NaN,
        "Pretax Income": -29044000.0,
        "Other Income Expense": 217000.0,
        "Special Income Charges": NaN,
        "Other Special Charges": NaN,
        "Gain On Sale Of Security": 217000.0,
        "Net Non Operating Interest Income Expense": 1913000.0,
        "Interest Income Non Operating": 1913000.0,
        "Operating Income": -31174000.0,
        "Operating Expense": 31174000.0,
        "Other Taxes": 0.0,
        "Depreciation Amortization Depletion Income Statement": 32000.0,
        "Depreciation And Amortization In Income Statement": 32000.0,
        "Research And Development": 23294000.0,
        "Selling General And Administration": 7848000.0,
        "General And Administrative Expense": 7848000.0,
        "Other Gand A": 7848000.0,
        "Total Revenue": 0.0,
        "Operating Revenue": 0.0
    },
    "2025-03-31": {
        "Tax Effect Of Unusual Items": 0.0,
        "Tax Rate For Calcs": 0.0,
        "Normalized EBITDA": -27097000.0,
        "Total Unusual Items": -486000.0,
        "Total Unusual Items Excluding Goodwill": -486000.0,
        "Net Income From Continuing Operation Net Minority Interest": -26639000.0,
        "Reconciled Depreciation": 68000.0,
        "EBITDA": -27583000.0,
        "EBIT": -27651000.0,
        "Net Interest Income": 1498000.0,
        "Interest Income": 1498000.0,
        "Normalized Income": -26153000.0,
        "Net Income From Continuing And Discontinued Operation": -26639000.0,
        "Total Expenses": 27651000.0,
        "Total Operating Income As Reported": -28435000.0,
        "Diluted Average Shares": 216146934.0,
        "Basic Average Shares": 216146934.0,
        "Diluted EPS": -0.12,
        "Basic EPS": -0.12,
        "Diluted NI Availto Com Stockholders": -26639000.0,
        "Net Income Common Stockholders": -26639000.0,
        "Net Income": -26639000.0,
        "Net Income Including Noncontrolling Interests": -26639000.0,
        "Net Income Continuous Operations": -26639000.0,
        "Tax Provision": 0.0,
        "Pretax Income": -26639000.0,
        "Other Income Expense": -486000.0,
        "Special Income Charges": -546000.0,
        "Other Special Charges": 546000.0,
        "Gain On Sale Of Security": 60000.0,
        "Net Non Operating Interest Income Expense": 1498000.0,
        "Interest Income Non Operating": 1498000.0,
        "Operating Income": -27651000.0,
        "Operating Expense": 27651000.0,
        "Other Taxes": -784000.0,
        "Depreciation Amortization Depletion Income Statement": 30000.0,
        "Depreciation And Amortization In Income Statement": 30000.0,
        "Research And Development": 19159000.0,
        "Selling General And Administration": 9246000.0,
        "General And Administrative Expense": 9246000.0,
        "Other Gand A": 9246000.0,
        "Total Revenue": 0.0,
        "Operating Revenue": 0.0
    }
}