{
    "2024-06-30": {
        "Tax Effect Of Unusual Items": -17647058.823529,
        "Tax Rate For Calcs": 0.294118,
        "Normalized EBITDA": 482000000.0,
        "Total Unusual Items": -60000000.0,
        "Total Unusual Items Excluding Goodwill": -60000000.0,
        "Net Income From Continuing Operation Net Minority Interest": 132000000.0,
        "Reconciled Depreciation": 160000000.0,
        "Reconciled Cost Of Revenue": 2276000000.0,
        "EBITDA": 422000000.0,
        "EBIT": 262000000.0,
        "Net Interest Income": -33000000.0,
        "Interest Expense": 75000000.0,
        "Interest Income": 42000000.0,
        "Normalized Income": 174352941.176471,
        "Net Income From Continuing And Discontinued Operation": 132000000.0,
        "Total Expenses": 2665000000.0,
        "Total Operating Income As Reported": 244000000.0,
        "Diluted Average Shares": 260000000.0,
        "Basic Average Shares": 259000000.0,
        "Diluted EPS": 0.51,
        "Basic EPS": 0.51,
        "Diluted NI Availto Com Stockholders": 132000000.0,
        "Net Income Common Stockholders": 132000000.0,
        "Net Income": 132000000.0,
        "Minority Interests": 0.0,
        "Net Income Including Noncontrolling Interests": 132000000.0,
        "Net Income Continuous Operations": 132000000.0,
        "Tax Provision": 55000000.0,
        "Pretax Income": 187000000.0,
        "Other Income Expense": -84000000.0,
        "Other Non Operating Income Expenses": -24000000.0,
        "Special Income Charges": -60000000.0,
        "Write Off": 0.0,
        "Restructuring And Mergern Acquisition": 60000000.0,
        "Net Non Operating Interest Income Expense": -33000000.0,
        "Interest Expense Non Operating": 75000000.0,
        "Interest Income Non Operating": 42000000.0,
        "Operating Income": 304000000.0,
        "Operating Expense": 389000000.0,
        "Selling General And Administration": 389000000.0,
        "General And Administrative Expense": 12300.0,
        "Other Gand A": 12300.0,
        "Gross Profit": 693000000.0,
        "Cost Of Revenue": 2276000000.0,
        "Total Revenue": 2969000000.0,
        "Operating Revenue": 2969000000.0
    },
    "2023-06-30": {
        "Tax Effect Of Unusual Items": NaN,
        "Tax Rate For Calcs": NaN,
        "Normalized EBITDA": NaN,
        "Total Unusual Items": NaN,
        "Total Unusual Items Excluding Goodwill": NaN,
        "Net Income From Continuing Operation Net Minority Interest": NaN,
        "Reconciled Depreciation": NaN,
        "Reconciled Cost Of Revenue": NaN,
        "EBITDA": NaN,
        "EBIT": NaN,
        "Net Interest Income": NaN,
        "Interest Expense": NaN,
        "Interest Income": NaN,
        "Normalized Income": NaN,
        "Net Income From Continuing And Discontinued Operation": NaN,
        "Total Expenses": NaN,
        "Total Operating Income As Reported": NaN,
        "Diluted Average Shares": 260354342.0,
        "Basic Average Shares": 260354342.0,
        "Diluted EPS": 0.0,
        "Basic EPS": 0.0,
        "Diluted NI Availto Com Stockholders": NaN,
        "Net Income Common Stockholders": NaN,
        "Net Income": NaN,
        "Minority Interests": NaN,
        "Net Income Including Noncontrolling Interests": NaN,
        "Net Income Continuous Operations": NaN,
        "Tax Provision": NaN,
        "Pretax Income": NaN,
        "Other Income Expense": NaN,
        "Other Non Operating Income Expenses": NaN,
        "Special Income Charges": NaN,
        "Restructuring And Mergern Acquisition": NaN,
        "Net Non Operating Interest Income Expense": NaN,
        "Interest Expense Non Operating": NaN,
        "Interest Income Non Operating": NaN,
        "Operating Income": NaN,
        "Operating Expense": NaN,
        "Selling General And Administration": NaN,
        "General And Administrative Expense": NaN,
        "Other Gand A": NaN,
        "Gross Profit": NaN,
        "Cost Of Revenue": NaN,
        "Total Revenue": NaN,
        "Operating Revenue": NaN
    },
    "2024-09-30": {
        "Tax Effect Of Unusual Items": -33375000.0,
        "Tax Rate For Calcs": 0.125,
        "Normalized EBITDA": 923000000.0,
        "Total Unusual Items": -267000000.0,
        "Total Unusual Items Excluding Goodwill": -267000000.0,
        "Net Income From Continuing Operation Net Minority Interest": -150000000.0,
        "Reconciled Depreciation": 564000000.0,
        "Reconciled Cost Of Revenue": 6321000000.0,
        "EBITDA": 656000000.0,
        "EBIT": 92000000.0,
        "Net Interest Income": -167000000.0,
        "Interest Expense": 209000000.0,
        "Interest Income": 42000000.0,
        "Normalized Income": 83625000.0,
        "Net Income From Continuing And Discontinued Operation": -150000000.0,
        "Total Expenses": 7349000000.0,
        "Total Operating Income As Reported": 55000000.0,
        "Diluted Average Shares": 508000000.0,
        "Basic Average Shares": 508000000.0,
        "Diluted EPS": -0.3,
        "Basic EPS": -0.3,
        "Diluted NI Availto Com Stockholders": -150000000.0,
        "Net Income Common Stockholders": -150000000.0,
        "Net Income": -150000000.0,
        "Minority Interests": 0.0,
        "Net Income Including Noncontrolling Interests": -150000000.0,
        "Net Income Continuous Operations": -150000000.0,
        "Tax Provision": 33000000.0,
        "Pretax Income": -117000000.0,
        "Other Income Expense": -272000000.0,
        "Other Non Operating Income Expenses": -5000000.0,
        "Special Income Charges": -267000000.0,
        "Write Off": NaN,
        "Restructuring And Mergern Acquisition": 267000000.0,
        "Net Non Operating Interest Income Expense": -167000000.0,
        "Interest Expense Non Operating": 209000000.0,
        "Interest Income Non Operating": 42000000.0,
        "Operating Income": 322000000.0,
        "Operating Expense": 1028000000.0,
        "Selling General And Administration": 1028000000.0,
        "General And Administrative Expense": NaN,
        "Other Gand A": NaN,
        "Gross Profit": 1350000000.0,
        "Cost Of Revenue": 6321000000.0,
        "Total Revenue": 7671000000.0,
        "Operating Revenue": 7671000000.0
    },
    "2023-12-31": {
        "Tax Effect Of Unusual Items": NaN,
        "Tax Rate For Calcs": NaN,
        "Normalized EBITDA": NaN,
        "Total Unusual Items": -206290775.438015,
        "Total Unusual Items Excluding Goodwill": -206290775.438015,
        "Net Income From Continuing Operation Net Minority Interest": NaN,
        "Reconciled Depreciation": 271928922.787818,
        "Reconciled Cost Of Revenue": 1395918089.86901,
        "EBITDA": NaN,
        "EBIT": NaN,
        "Net Interest Income": -54599182.00409,
        "Interest Expense": 67761178.35627,
        "Interest Income": 13161996.35218,
        "Normalized Income": NaN,
        "Net Income From Continuing And Discontinued Operation": NaN,
        "Total Expenses": NaN,
        "Total Operating Income As Reported": 190855247.885923,
        "Diluted Average Shares": NaN,
        "Basic Average Shares": NaN,
        "Diluted EPS": NaN,
        "Basic EPS": NaN,
        "Diluted NI Availto Com Stockholders": NaN,
        "Net Income Common Stockholders": NaN,
        "Net Income": NaN,
        "Minority Interests": -1105399.878406,
        "Net Income Including Noncontrolling Interests": NaN,
        "Net Income Continuous Operations": NaN,
        "Tax Provision": NaN,
        "Pretax Income": NaN,
        "Other Income Expense": -156079975.681203,
        "Other Non Operating Income Expenses": NaN,
        "Special Income Charges": -194131376.775549,
        "Restructuring And Mergern Acquisition": 80275189.299729,
        "Net Non Operating Interest Income Expense": -54599182.00409,
        "Interest Expense Non Operating": 67761178.35627,
        "Interest Income Non Operating": 13161996.35218,
        "Operating Income": NaN,
        "Operating Expense": NaN,
        "Selling General And Administration": NaN,
        "General And Administrative Expense": NaN,
        "Other Gand A": NaN,
        "Gross Profit": 1833149339.523573,
        "Cost Of Revenue": 1395918089.86901,
        "Total Revenue": NaN,
        "Operating Revenue": NaN
    },
    "2023-09-30": {
        "Tax Effect Of Unusual Items": NaN,
        "Tax Rate For Calcs": NaN,
        "Normalized EBITDA": NaN,
        "Total Unusual Items": NaN,
        "Total Unusual Items Excluding Goodwill": NaN,
        "Net Income From Continuing Operation Net Minority Interest": NaN,
        "Reconciled Depreciation": 95282879.436632,
        "Reconciled Cost Of Revenue": NaN,
        "EBITDA": NaN,
        "EBIT": NaN,
        "Net Interest Income": NaN,
        "Interest Expense": NaN,
        "Interest Income": NaN,
        "Normalized Income": NaN,
        "Net Income From Continuing And Discontinued Operation": NaN,
        "Total Expenses": NaN,
        "Total Operating Income As Reported": NaN,
        "Diluted Average Shares": 259000000.0,
        "Basic Average Shares": 258000000.0,
        "Diluted EPS": 0.88,
        "Basic EPS": 0.89,
        "Diluted NI Availto Com Stockholders": NaN,
        "Net Income Common Stockholders": NaN,
        "Net Income": NaN,
        "Minority Interests": NaN,
        "Net Income Including Noncontrolling Interests": NaN,
        "Net Income Continuous Operations": NaN,
        "Tax Provision": NaN,
        "Pretax Income": NaN,
        "Other Income Expense": NaN,
        "Other Non Operating Income Expenses": -13000000.0,
        "Special Income Charges": NaN,
        "Restructuring And Mergern Acquisition": NaN,
        "Net Non Operating Interest Income Expense": NaN,
        "Interest Expense Non Operating": NaN,
        "Interest Income Non Operating": NaN,
        "Operating Income": NaN,
        "Operating Expense": NaN,
        "Selling General And Administration": NaN,
        "General And Administrative Expense": NaN,
        "Other Gand A": NaN,
        "Gross Profit": NaN,
        "Cost Of Revenue": NaN,
        "Total Revenue": NaN,
        "Operating Revenue": NaN
    },
    "2024-12-31": {
        "Tax Effect Of Unusual Items": -15538116.591928,
        "Tax Rate For Calcs": 0.345291,
        "Normalized EBITDA": 1064000000.0,
        "Total Unusual Items": -45000000.0,
        "Total Unusual Items Excluding Goodwill": -45000000.0,
        "Net Income From Continuing Operation Net Minority Interest": 146000000.0,
        "Reconciled Depreciation": 592000000.0,
        "Reconciled Cost Of Revenue": 6097000000.0,
        "EBITDA": 1019000000.0,
        "EBIT": 427000000.0,
        "Net Interest Income": -173000000.0,
        "Interest Expense": 204000000.0,
        "Interest Income": 31000000.0,
        "Normalized Income": 175461883.408072,
        "Net Income From Continuing And Discontinued Operation": 146000000.0,
        "Total Expenses": 7093000000.0,
        "Total Operating Income As Reported": 401000000.0,
        "Diluted Average Shares": NaN,
        "Basic Average Shares": NaN,
        "Diluted EPS": NaN,
        "Basic EPS": NaN,
        "Diluted NI Availto Com Stockholders": 146000000.0,
        "Net Income Common Stockholders": 146000000.0,
        "Net Income": 146000000.0,
        "Minority Interests": 0.0,
        "Net Income Including Noncontrolling Interests": 146000000.0,
        "Net Income Continuous Operations": 146000000.0,
        "Tax Provision": 77000000.0,
        "Pretax Income": 223000000.0,
        "Other Income Expense": -50000000.0,
        "Other Non Operating Income Expenses": -5000000.0,
        "Special Income Charges": -45000000.0,
        "Write Off": NaN,
        "Restructuring And Mergern Acquisition": 45000000.0,
        "Net Non Operating Interest Income Expense": -173000000.0,
        "Interest Expense Non Operating": 204000000.0,
        "Interest Income Non Operating": 31000000.0,
        "Operating Income": 446000000.0,
        "Operating Expense": 996000000.0,
        "Selling General And Administration": 996000000.0,
        "General And Administrative Expense": NaN,
        "Other Gand A": NaN,
        "Gross Profit": 1442000000.0,
        "Cost Of Revenue": 6097000000.0,
        "Total Revenue": 7539000000.0,
        "Operating Revenue": 7539000000.0
    },
    "2025-03-31": {
        "Tax Effect Of Unusual Items": -756000.0,
        "Tax Rate For Calcs": 0.021,
        "Normalized EBITDA": 1224000000.0,
        "Total Unusual Items": -36000000.0,
        "Total Unusual Items Excluding Goodwill": -36000000.0,
        "Net Income From Continuing Operation Net Minority Interest": 384000000.0,
        "Reconciled Depreciation": 603000000.0,
        "Reconciled Cost Of Revenue": 6079000000.0,
        "EBITDA": 1188000000.0,
        "EBIT": 585000000.0,
        "Net Interest Income": -167000000.0,
        "Interest Expense": 195000000.0,
        "Interest Income": 28000000.0,
        "Normalized Income": 419244000.0,
        "Net Income From Continuing And Discontinued Operation": 384000000.0,
        "Total Expenses": 7067000000.0,
        "Total Operating Income As Reported": 553000000.0,
        "Diluted Average Shares": 526000000.0,
        "Basic Average Shares": 521000000.0,
        "Diluted EPS": 0.73,
        "Basic EPS": 0.74,
        "Diluted NI Availto Com Stockholders": 384000000.0,
        "Net Income Common Stockholders": 384000000.0,
        "Net Income": 384000000.0,
        "Minority Interests": 2000000.0,
        "Net Income Including Noncontrolling Interests": 382000000.0,
        "Net Income Continuous Operations": 382000000.0,
        "Tax Provision": 8000000.0,
        "Pretax Income": 390000000.0,
        "Other Income Expense": -32000000.0,
        "Other Non Operating Income Expenses": 4000000.0,
        "Special Income Charges": -36000000.0,
        "Write Off": NaN,
        "Restructuring And Mergern Acquisition": 36000000.0,
        "Net Non Operating Interest Income Expense": -167000000.0,
        "Interest Expense Non Operating": 195000000.0,
        "Interest Income Non Operating": 28000000.0,
        "Operating Income": 589000000.0,
        "Operating Expense": 988000000.0,
        "Selling General And Administration": 988000000.0,
        "General And Administrative Expense": NaN,
        "Other Gand A": NaN,
        "Gross Profit": 1577000000.0,
        "Cost Of Revenue": 6079000000.0,
        "Total Revenue": 7656000000.0,
        "Operating Revenue": 7656000000.0
    },
    "2024-03-31": {
        "Tax Effect Of Unusual Items": NaN,
        "Tax Rate For Calcs": NaN,
        "Normalized EBITDA": NaN,
        "Total Unusual Items": NaN,
        "Total Unusual Items Excluding Goodwill": NaN,
        "Net Income From Continuing Operation Net Minority Interest": NaN,
        "Reconciled Depreciation": NaN,
        "Reconciled Cost Of Revenue": NaN,
        "EBITDA": NaN,
        "EBIT": NaN,
        "Net Interest Income": NaN,
        "Interest Expense": NaN,
        "Interest Income": NaN,
        "Normalized Income": NaN,
        "Net Income From Continuing And Discontinued Operation": NaN,
        "Total Expenses": NaN,
        "Total Operating Income As Reported": NaN,
        "Diluted Average Shares": 260000000.0,
        "Basic Average Shares": 259000000.0,
        "Diluted EPS": 0.73,
        "Basic EPS": 0.74,
        "Diluted NI Availto Com Stockholders": NaN,
        "Net Income Common Stockholders": NaN,
        "Net Income": NaN,
        "Minority Interests": NaN,
        "Net Income Including Noncontrolling Interests": NaN,
        "Net Income Continuous Operations": NaN,
        "Tax Provision": NaN,
        "Pretax Income": NaN,
        "Other Income Expense": NaN,
        "Other Non Operating Income Expenses": NaN,
        "Special Income Charges": NaN,
        "Write Off": NaN,
        "Restructuring And Mergern Acquisition": NaN,
        "Net Non Operating Interest Income Expense": NaN,
        "Interest Expense Non Operating": NaN,
        "Interest Income Non Operating": NaN,
        "Operating Income": NaN,
        "Operating Expense": NaN,
        "Selling General And Administration": NaN,
        "General And Administrative Expense": NaN,
        "Other Gand A": NaN,
        "Gross Profit": NaN,
        "Cost Of Revenue": NaN,
        "Total Revenue": NaN,
        "Operating Revenue": NaN
    },
    "2025-06-30": {
        "Tax Effect Of Unusual Items": -37625000.0,
        "Tax Rate For Calcs": 0.125,
        "Normalized EBITDA": 1180000000.0,
        "Total Unusual Items": -301000000.0,
        "Total Unusual Items Excluding Goodwill": -301000000.0,
        "Net Income From Continuing Operation Net Minority Interest": -28000000.0,
        "Reconciled Depreciation": 613000000.0,
        "Reconciled Cost Of Revenue": 6425000000.0,
        "EBITDA": 879000000.0,
        "EBIT": 266000000.0,
        "Net Interest Income": -182000000.0,
        "Interest Expense": 208000000.0,
        "Interest Income": 26000000.0,
        "Normalized Income": 235375000.0,
        "Net Income From Continuing And Discontinued Operation": -28000000.0,
        "Total Expenses": 7388000000.0,
        "Total Operating Income As Reported": 251000000.0,
        "Diluted Average Shares": 522000000.0,
        "Basic Average Shares": 522000000.0,
        "Diluted EPS": -0.05,
        "Basic EPS": -0.05,
        "Diluted NI Availto Com Stockholders": -28000000.0,
        "Net Income Common Stockholders": -28000000.0,
        "Net Income": -28000000.0,
        "Minority Interests": -2000000.0,
        "Net Income Including Noncontrolling Interests": -26000000.0,
        "Net Income Continuous Operations": -26000000.0,
        "Tax Provision": 84000000.0,
        "Pretax Income": 58000000.0,
        "Other Income Expense": -312000000.0,
        "Other Non Operating Income Expenses": -11000000.0,
        "Special Income Charges": -301000000.0,
        "Write Off": 280000000.0,
        "Restructuring And Mergern Acquisition": 21000000.0,
        "Net Non Operating Interest Income Expense": -182000000.0,
        "Interest Expense Non Operating": 208000000.0,
        "Interest Income Non Operating": 26000000.0,
        "Operating Income": 552000000.0,
        "Operating Expense": 963000000.0,
        "Selling General And Administration": 963000000.0,
        "General And Administrative Expense": NaN,
        "Other Gand A": NaN,
        "Gross Profit": 1515000000.0,
        "Cost Of Revenue": 6425000000.0,
        "Total Revenue": 7940000000.0,
        "Operating Revenue": 7940000000.0
    }
}