{
    "2023-03-31": {
        "Tax Effect Of Unusual Items": NaN,
        "Tax Rate For Calcs": NaN,
        "Normalized EBITDA": NaN,
        "Total Unusual Items": NaN,
        "Total Unusual Items Excluding Goodwill": NaN,
        "Net Income From Continuing Operation Net Minority Interest": NaN,
        "Reconciled Depreciation": NaN,
        "Reconciled Cost Of Revenue": NaN,
        "EBITDA": NaN,
        "EBIT": NaN,
        "Net Interest Income": NaN,
        "Interest Expense": NaN,
        "Interest Income": NaN,
        "Normalized Income": NaN,
        "Net Income From Continuing And Discontinued Operation": NaN,
        "Total Expenses": NaN,
        "Diluted Average Shares": NaN,
        "Basic Average Shares": NaN,
        "Diluted EPS": NaN,
        "Basic EPS": NaN,
        "Diluted NI Availto Com Stockholders": NaN,
        "Average Dilution Earnings": 0.0,
        "Net Income Common Stockholders": NaN,
        "Net Income": NaN,
        "Minority Interests": 0.0,
        "Net Income Including Noncontrolling Interests": NaN,
        "Net Income Discontinuous Operations": NaN,
        "Net Income Continuous Operations": NaN,
        "Tax Provision": NaN,
        "Pretax Income": NaN,
        "Other Income Expense": NaN,
        "Other Non Operating Income Expenses": NaN,
        "Special Income Charges": NaN,
        "Gain On Sale Of Business": NaN,
        "Write Off": NaN,
        "Restructuring And Mergern Acquisition": NaN,
        "Net Non Operating Interest Income Expense": NaN,
        "Interest Expense Non Operating": NaN,
        "Interest Income Non Operating": NaN,
        "Operating Income": NaN,
        "Operating Expense": NaN,
        "Other Operating Expenses": 63700000.0,
        "Provision For Doubtful Accounts": NaN,
        "Selling General And Administration": NaN,
        "Gross Profit": NaN,
        "Cost Of Revenue": NaN,
        "Total Revenue": NaN,
        "Operating Revenue": NaN
    },
    "2022-12-31": {
        "Tax Effect Of Unusual Items": NaN,
        "Tax Rate For Calcs": NaN,
        "Normalized EBITDA": NaN,
        "Total Unusual Items": NaN,
        "Total Unusual Items Excluding Goodwill": NaN,
        "Net Income From Continuing Operation Net Minority Interest": NaN,
        "Reconciled Depreciation": NaN,
        "Reconciled Cost Of Revenue": NaN,
        "EBITDA": NaN,
        "EBIT": NaN,
        "Net Interest Income": NaN,
        "Interest Expense": NaN,
        "Interest Income": NaN,
        "Normalized Income": NaN,
        "Net Income From Continuing And Discontinued Operation": NaN,
        "Total Expenses": NaN,
        "Diluted Average Shares": NaN,
        "Basic Average Shares": NaN,
        "Diluted EPS": NaN,
        "Basic EPS": NaN,
        "Diluted NI Availto Com Stockholders": NaN,
        "Average Dilution Earnings": -5600000.0,
        "Net Income Common Stockholders": NaN,
        "Net Income": NaN,
        "Minority Interests": 0.0,
        "Net Income Including Noncontrolling Interests": NaN,
        "Net Income Discontinuous Operations": NaN,
        "Net Income Continuous Operations": NaN,
        "Earnings From Equity Interest Net Of Tax": 0.0,
        "Tax Provision": NaN,
        "Pretax Income": NaN,
        "Other Income Expense": NaN,
        "Other Non Operating Income Expenses": NaN,
        "Special Income Charges": NaN,
        "Gain On Sale Of Business": NaN,
        "Write Off": NaN,
        "Restructuring And Mergern Acquisition": NaN,
        "Net Non Operating Interest Income Expense": NaN,
        "Interest Expense Non Operating": NaN,
        "Interest Income Non Operating": NaN,
        "Operating Income": NaN,
        "Operating Expense": NaN,
        "Other Operating Expenses": 64600000.0,
        "Provision For Doubtful Accounts": NaN,
        "Selling General And Administration": NaN,
        "Gross Profit": NaN,
        "Cost Of Revenue": NaN,
        "Total Revenue": NaN,
        "Operating Revenue": NaN
    },
    "2022-09-30": {
        "Tax Effect Of Unusual Items": NaN,
        "Tax Rate For Calcs": NaN,
        "Normalized EBITDA": NaN,
        "Total Unusual Items": NaN,
        "Total Unusual Items Excluding Goodwill": NaN,
        "Net Income From Continuing Operation Net Minority Interest": NaN,
        "Reconciled Depreciation": NaN,
        "Reconciled Cost Of Revenue": NaN,
        "EBITDA": NaN,
        "EBIT": NaN,
        "Net Interest Income": NaN,
        "Interest Expense": NaN,
        "Interest Income": NaN,
        "Normalized Income": NaN,
        "Net Income From Continuing And Discontinued Operation": NaN,
        "Total Expenses": NaN,
        "Diluted Average Shares": NaN,
        "Basic Average Shares": NaN,
        "Diluted EPS": NaN,
        "Basic EPS": NaN,
        "Diluted NI Availto Com Stockholders": NaN,
        "Average Dilution Earnings": NaN,
        "Net Income Common Stockholders": NaN,
        "Net Income": NaN,
        "Minority Interests": NaN,
        "Net Income Including Noncontrolling Interests": NaN,
        "Net Income Discontinuous Operations": NaN,
        "Net Income Continuous Operations": NaN,
        "Earnings From Equity Interest Net Of Tax": 0.0,
        "Tax Provision": NaN,
        "Pretax Income": NaN,
        "Other Income Expense": NaN,
        "Other Non Operating Income Expenses": NaN,
        "Special Income Charges": NaN,
        "Gain On Sale Of Business": NaN,
        "Write Off": NaN,
        "Restructuring And Mergern Acquisition": NaN,
        "Net Non Operating Interest Income Expense": NaN,
        "Interest Expense Non Operating": NaN,
        "Interest Income Non Operating": NaN,
        "Operating Income": NaN,
        "Operating Expense": NaN,
        "Other Operating Expenses": 69100000.0,
        "Provision For Doubtful Accounts": NaN,
        "Selling General And Administration": NaN,
        "Gross Profit": NaN,
        "Cost Of Revenue": NaN,
        "Total Revenue": NaN,
        "Operating Revenue": NaN
    },
    "2022-06-30": {
        "Tax Effect Of Unusual Items": -75080000.0,
        "Tax Rate For Calcs": 0.4,
        "Normalized EBITDA": 425200000.0,
        "Total Unusual Items": -187700000.0,
        "Total Unusual Items Excluding Goodwill": -187700000.0,
        "Net Income From Continuing Operation Net Minority Interest": 78600000.0,
        "Reconciled Depreciation": 143400000.0,
        "Reconciled Cost Of Revenue": 3185900000.0,
        "EBITDA": 237500000.0,
        "EBIT": 94100000.0,
        "Net Interest Income": -71700000.0,
        "Interest Expense": 78200000.0,
        "Interest Income": 6500000.0,
        "Normalized Income": 191220000.0,
        "Net Income From Continuing And Discontinued Operation": 87600000.0,
        "Total Expenses": 4117700000.0,
        "Total Operating Income As Reported": NaN,
        "Diluted Average Shares": 154814000.0,
        "Basic Average Shares": 145353000.0,
        "Diluted EPS": 0.57,
        "Basic EPS": 0.6,
        "Diluted NI Availto Com Stockholders": 88000000.0,
        "Average Dilution Earnings": 400000.0,
        "Net Income Common Stockholders": 87600000.0,
        "Net Income": 87600000.0,
        "Minority Interests": -100000.0,
        "Net Income Including Noncontrolling Interests": 87700000.0,
        "Net Income Discontinuous Operations": 9000000.0,
        "Net Income Continuous Operations": 78700000.0,
        "Earnings From Equity Interest Net Of Tax": 0.0,
        "Tax Provision": -62800000.0,
        "Pretax Income": 15900000.0,
        "Other Income Expense": -187700000.0,
        "Other Non Operating Income Expenses": -79100000.0,
        "Special Income Charges": -187700000.0,
        "Gain On Sale Of Business": 200000.0,
        "Write Off": 168400000.0,
        "Restructuring And Mergern Acquisition": 19500000.0,
        "Net Non Operating Interest Income Expense": -71700000.0,
        "Total Other Finance Cost": NaN,
        "Interest Expense Non Operating": 78200000.0,
        "Interest Income Non Operating": 6500000.0,
        "Operating Income": 275300000.0,
        "Operating Expense": 931800000.0,
        "Other Operating Expenses": 79100000.0,
        "Provision For Doubtful Accounts": 3300000.0,
        "Selling General And Administration": 849400000.0,
        "Gross Profit": 1207100000.0,
        "Cost Of Revenue": 3185900000.0,
        "Total Revenue": 4393000000.0,
        "Operating Revenue": 4393000000.0
    },
    "2023-06-30": {
        "Tax Effect Of Unusual Items": NaN,
        "Tax Rate For Calcs": NaN,
        "Normalized EBITDA": NaN,
        "Total Unusual Items": NaN,
        "Total Unusual Items Excluding Goodwill": NaN,
        "Net Income From Continuing Operation Net Minority Interest": NaN,
        "Reconciled Depreciation": NaN,
        "Reconciled Cost Of Revenue": NaN,
        "EBITDA": NaN,
        "EBIT": NaN,
        "Net Interest Income": NaN,
        "Interest Expense": NaN,
        "Interest Income": NaN,
        "Normalized Income": NaN,
        "Net Income From Continuing And Discontinued Operation": NaN,
        "Total Expenses": NaN,
        "Diluted Average Shares": NaN,
        "Basic Average Shares": NaN,
        "Diluted EPS": NaN,
        "Basic EPS": NaN,
        "Diluted NI Availto Com Stockholders": NaN,
        "Average Dilution Earnings": 0.0,
        "Net Income Common Stockholders": NaN,
        "Net Income": NaN,
        "Minority Interests": 0.0,
        "Net Income Including Noncontrolling Interests": NaN,
        "Net Income Discontinuous Operations": NaN,
        "Net Income Continuous Operations": NaN,
        "Tax Provision": NaN,
        "Pretax Income": NaN,
        "Other Income Expense": NaN,
        "Other Non Operating Income Expenses": NaN,
        "Special Income Charges": NaN,
        "Gain On Sale Of Business": NaN,
        "Write Off": NaN,
        "Restructuring And Mergern Acquisition": NaN,
        "Net Non Operating Interest Income Expense": NaN,
        "Interest Expense Non Operating": NaN,
        "Interest Income Non Operating": NaN,
        "Operating Income": NaN,
        "Operating Expense": NaN,
        "Provision For Doubtful Accounts": NaN,
        "Selling General And Administration": NaN,
        "Gross Profit": NaN,
        "Cost Of Revenue": NaN,
        "Total Revenue": NaN,
        "Operating Revenue": NaN
    },
    "2022-03-31": {
        "Diluted EPS": 1.06,
        "Total Revenue": NaN,
        "Gross Profit": NaN,
        "Operating Income": 230,
        "EBIT": 374,
        "Net Income": 175
    },
    "2021-12-31": {
        "Diluted EPS": 1.99,
        "Total Revenue": NaN,
        "Gross Profit": NaN,
        "Operating Income": 125,
        "EBIT": 271,
        "Net Income": 244
    },
    "2021-09-30": {
        "Diluted EPS": 2.51,
        "Total Revenue": NaN,
        "Gross Profit": NaN,
        "Operating Income": 413,
        "EBIT": 557,
        "Net Income": 380
    },
    "2021-06-30": {
        "Diluted EPS": 2.75,
        "Total Revenue": NaN,
        "Gross Profit": NaN,
        "Operating Income": 539,
        "EBIT": 682,
        "Net Income": 429
    },
    "2021-03-31": {
        "Diluted EPS": 2.91,
        "Total Revenue": NaN,
        "Gross Profit": NaN,
        "Operating Income": 618,
        "EBIT": 762,
        "Net Income": 486
    },
    "2020-12-31": {
        "Diluted EPS": 2.69,
        "Total Revenue": NaN,
        "Gross Profit": 906,
        "Operating Income": 554,
        "EBIT": 701,
        "Net Income": 377
    },
    "2020-09-30": {
        "Diluted EPS": 2.37,
        "Total Revenue": NaN,
        "Gross Profit": NaN,
        "Operating Income": 520,
        "EBIT": 666,
        "Net Income": 386
    },
    "2020-06-30": {
        "Diluted EPS": 1.52,
        "Total Revenue": NaN,
        "Gross Profit": NaN,
        "Operating Income": 166,
        "EBIT": 311,
        "Net Income": 234
    },
    "2020-03-31": {
        "Diluted EPS": 0.88,
        "Total Revenue": NaN,
        "Gross Profit": NaN,
        "Operating Income": 196,
        "EBIT": 337,
        "Net Income": 133
    },
    "2019-12-31": {
        "Diluted EPS": 1.08,
        "Total Revenue": NaN,
        "Gross Profit": 589,
        "Operating Income": 272,
        "EBIT": 411,
        "Net Income": 196
    },
    "2019-09-30": {
        "Diluted EPS": 1.53,
        "Total Revenue": NaN,
        "Gross Profit": NaN,
        "Operating Income": 354,
        "EBIT": 495,
        "Net Income": 231
    },
    "2019-06-30": {
        "Diluted EPS": 2.37,
        "Total Revenue": NaN,
        "Gross Profit": NaN,
        "Operating Income": 464,
        "EBIT": 606,
        "Net Income": 356
    },
    "2019-03-31": {
        "Diluted EPS": 1.13,
        "Total Revenue": NaN,
        "Gross Profit": NaN,
        "Operating Income": 253,
        "EBIT": 390,
        "Net Income": 170
    },
    "2018-12-31": {
        "Diluted EPS": -0.84,
        "Total Revenue": NaN,
        "Gross Profit": NaN,
        "Operating Income": 226,
        "EBIT": 352,
        "Net Income": -109
    },
    "2018-09-30": {
        "Diluted EPS": 1.65,
        "Total Revenue": NaN,
        "Gross Profit": NaN,
        "Operating Income": 358,
        "EBIT": 488,
        "Net Income": 248
    },
    "2018-06-30": {
        "Diluted EPS": 1.93,
        "Total Revenue": NaN,
        "Gross Profit": NaN,
        "Operating Income": 348,
        "EBIT": 476,
        "Net Income": 294
    },
    "2018-03-31": {
        "Diluted EPS": 1.11,
        "Total Revenue": NaN,
        "Gross Profit": NaN,
        "Operating Income": 299,
        "EBIT": 423,
        "Net Income": 171
    },
    "2017-12-31": {
        "Diluted EPS": 1.83,
        "Total Revenue": NaN,
        "Gross Profit": NaN,
        "Operating Income": 388,
        "EBIT": 554,
        "Net Income": 282
    },
    "2017-09-30": {
        "Diluted EPS": 1.8,
        "Total Revenue": NaN,
        "Gross Profit": NaN,
        "Operating Income": 401,
        "EBIT": 522,
        "Net Income": 275
    },
    "2017-06-30": {
        "Diluted EPS": 1.82,
        "Total Revenue": NaN,
        "Gross Profit": NaN,
        "Operating Income": 405,
        "EBIT": 520,
        "Net Income": 278
    },
    "2017-03-31": {
        "Diluted EPS": 2.6,
        "Total Revenue": NaN,
        "Gross Profit": NaN,
        "Operating Income": 516,
        "EBIT": 618,
        "Net Income": 394
    },
    "2016-12-31": {
        "Diluted EPS": 1.73,
        "Total Revenue": NaN,
        "Gross Profit": NaN,
        "Operating Income": 328,
        "EBIT": 431,
        "Net Income": 258
    },
    "2016-09-30": {
        "Diluted EPS": 1.68,
        "Total Revenue": NaN,
        "Gross Profit": NaN,
        "Operating Income": 373,
        "EBIT": 476,
        "Net Income": 249
    },
    "2016-06-30": {
        "Diluted EPS": 1.84,
        "Total Revenue": NaN,
        "Gross Profit": NaN,
        "Operating Income": 404,
        "EBIT": 506,
        "Net Income": 272
    },
    "2016-03-31": {
        "Diluted EPS": 1.28,
        "Total Revenue": NaN,
        "Gross Profit": 978,
        "Operating Income": 296,
        "EBIT": 396,
        "Net Income": 189
    },
    "2015-12-31": {
        "Diluted EPS": 1.74,
        "Total Revenue": NaN,
        "Gross Profit": NaN,
        "Operating Income": 346,
        "EBIT": 452,
        "Net Income": 286
    },
    "2015-09-30": {
        "Diluted EPS": 1.52,
        "Total Revenue": NaN,
        "Gross Profit": NaN,
        "Operating Income": 351,
        "EBIT": 455,
        "Net Income": 229
    },
    "2015-06-30": {
        "Diluted EPS": 1.49,
        "Total Revenue": NaN,
        "Gross Profit": NaN,
        "Operating Income": 357,
        "EBIT": 459,
        "Net Income": 227
    },
    "2015-03-31": {
        "Diluted EPS": 1.04,
        "Total Revenue": NaN,
        "Gross Profit": 974,
        "Operating Income": 262,
        "EBIT": 365,
        "Net Income": 162
    },
    "2014-12-31": {
        "Diluted EPS": 0.91,
        "Total Revenue": NaN,
        "Gross Profit": NaN,
        "Operating Income": 308,
        "EBIT": 420,
        "Net Income": 146
    },
    "2014-09-30": {
        "Diluted EPS": 1.47,
        "Total Revenue": NaN,
        "Gross Profit": NaN,
        "Operating Income": 345,
        "EBIT": 457,
        "Net Income": 237
    },
    "2014-06-30": {
        "Diluted EPS": 1.36,
        "Total Revenue": NaN,
        "Gross Profit": NaN,
        "Operating Income": 337,
        "EBIT": 452,
        "Net Income": 217
    },
    "2014-03-31": {
        "Diluted EPS": 1.02,
        "Total Revenue": NaN,
        "Gross Profit": 956,
        "Operating Income": 259,
        "EBIT": 369,
        "Net Income": 162
    },
    "2013-12-31": {
        "Diluted EPS": 0.36,
        "Total Revenue": NaN,
        "Gross Profit": NaN,
        "Operating Income": 114,
        "EBIT": 233,
        "Net Income": 56
    },
    "2013-09-30": {
        "Diluted EPS": 1.04,
        "Total Revenue": NaN,
        "Gross Profit": 988,
        "Operating Income": 223,
        "EBIT": 332,
        "Net Income": 166
    },
    "2013-06-30": {
        "Diluted EPS": 1.18,
        "Total Revenue": NaN,
        "Gross Profit": NaN,
        "Operating Income": 288,
        "EBIT": 396,
        "Net Income": 187
    },
    "2013-03-31": {
        "Diluted EPS": 0.51,
        "Total Revenue": NaN,
        "Gross Profit": 909,
        "Operating Income": 130,
        "EBIT": 236,
        "Net Income": 81
    },
    "2012-12-31": {
        "Diluted EPS": 2.97,
        "Total Revenue": NaN,
        "Gross Profit": 903,
        "Operating Income": 166,
        "EBIT": 281,
        "Net Income": 492
    },
    "2012-09-30": {
        "Diluted EPS": 0.69,
        "Total Revenue": NaN,
        "Gross Profit": 912,
        "Operating Income": 183,
        "EBIT": 288,
        "Net Income": 115
    },
    "2012-06-30": {
        "Diluted EPS": 0.92,
        "Total Revenue": NaN,
        "Gross Profit": 930,
        "Operating Income": 197,
        "EBIT": 306,
        "Net Income": 155
    },
    "2012-03-31": {
        "Diluted EPS": 0.72,
        "Total Revenue": NaN,
        "Gross Profit": 912,
        "Operating Income": 167,
        "EBIT": 283,
        "Net Income": 122
    },
    "2011-12-31": {
        "Diluted EPS": 0.99,
        "Total Revenue": NaN,
        "Gross Profit": 642,
        "Operating Income": 87,
        "EBIT": 199,
        "Net Income": 164
    },
    "2011-09-30": {
        "Diluted EPS": 0.92,
        "Total Revenue": NaN,
        "Gross Profit": 968,
        "Operating Income": 224,
        "EBIT": 324,
        "Net Income": 155
    },
    "2011-06-30": {
        "Diluted EPS": 1.14,
        "Total Revenue": NaN,
        "Gross Profit": 963,
        "Operating Income": 252,
        "EBIT": 346,
        "Net Income": 197
    },
    "2011-03-31": {
        "Diluted EPS": 0.92,
        "Total Revenue": NaN,
        "Gross Profit": 877,
        "Operating Income": 210,
        "EBIT": 314,
        "Net Income": 159
    },
    "2010-12-31": {
        "Diluted EPS": 1.42,
        "Total Revenue": NaN,
        "Gross Profit": 611,
        "Operating Income": 130,
        "EBIT": 240,
        "Net Income": 137
    },
    "2010-09-30": {
        "Diluted EPS": 0.73,
        "Total Revenue": NaN,
        "Gross Profit": 854,
        "Operating Income": 195,
        "EBIT": 281,
        "Net Income": 123
    },
    "2010-06-30": {
        "Diluted EPS": 0.28,
        "Total Revenue": NaN,
        "Gross Profit": 769,
        "Operating Income": 34,
        "EBIT": 127,
        "Net Income": 46
    },
    "2010-03-31": {
        "Diluted EPS": -1.11,
        "Total Revenue": NaN,
        "Gross Profit": 456,
        "Operating Income": -89,
        "EBIT": -29,
        "Net Income": -109
    },
    "2009-12-31": {
        "Diluted EPS": 0.7,
        "Total Revenue": 915,
        "Gross Profit": 378,
        "Operating Income": 65,
        "EBIT": 117,
        "Net Income": 57
    },
    "2009-09-30": {
        "Diluted EPS": 0.75,
        "Total Revenue": 936,
        "Gross Profit": 386,
        "Operating Income": 95,
        "EBIT": 147,
        "Net Income": 60
    },
    "2009-06-30": {
        "Diluted EPS": 0.87,
        "Total Revenue": 919,
        "Gross Profit": 367,
        "Operating Income": 70,
        "EBIT": 119,
        "Net Income": 70
    },
    "2009-03-31": {
        "Diluted EPS": 0.47,
        "Total Revenue": 913,
        "Gross Profit": 361,
        "Operating Income": 69,
        "EBIT": 117,
        "Net Income": 38
    },
    "2023-09-30": {
        "Tax Effect Of Unusual Items": NaN,
        "Tax Rate For Calcs": NaN,
        "Normalized EBITDA": NaN,
        "Total Unusual Items": NaN,
        "Total Unusual Items Excluding Goodwill": NaN,
        "Net Income From Continuing Operation Net Minority Interest": NaN,
        "Reconciled Depreciation": NaN,
        "Reconciled Cost Of Revenue": NaN,
        "EBITDA": NaN,
        "EBIT": NaN,
        "Net Interest Income": NaN,
        "Interest Expense": NaN,
        "Interest Income": NaN,
        "Normalized Income": NaN,
        "Net Income From Continuing And Discontinued Operation": NaN,
        "Total Expenses": NaN,
        "Diluted Average Shares": NaN,
        "Basic Average Shares": NaN,
        "Diluted EPS": NaN,
        "Basic EPS": NaN,
        "Diluted NI Availto Com Stockholders": NaN,
        "Average Dilution Earnings": 0.0,
        "Net Income Common Stockholders": NaN,
        "Net Income": NaN,
        "Minority Interests": 0.0,
        "Net Income Including Noncontrolling Interests": NaN,
        "Net Income Discontinuous Operations": 0.0,
        "Net Income Continuous Operations": NaN,
        "Tax Provision": NaN,
        "Pretax Income": NaN,
        "Other Income Expense": NaN,
        "Other Non Operating Income Expenses": NaN,
        "Special Income Charges": NaN,
        "Gain On Sale Of Business": NaN,
        "Write Off": NaN,
        "Restructuring And Mergern Acquisition": NaN,
        "Net Non Operating Interest Income Expense": NaN,
        "Interest Expense Non Operating": NaN,
        "Interest Income Non Operating": NaN,
        "Operating Income": NaN,
        "Operating Expense": NaN,
        "Provision For Doubtful Accounts": NaN,
        "Selling General And Administration": NaN,
        "Gross Profit": NaN,
        "Cost Of Revenue": NaN,
        "Total Revenue": NaN,
        "Operating Revenue": NaN
    },
    "2023-12-31": {
        "Tax Effect Of Unusual Items": NaN,
        "Tax Rate For Calcs": NaN,
        "Normalized EBITDA": NaN,
        "Total Unusual Items": NaN,
        "Total Unusual Items Excluding Goodwill": NaN,
        "Net Income From Continuing Operation Net Minority Interest": NaN,
        "Reconciled Depreciation": NaN,
        "Reconciled Cost Of Revenue": NaN,
        "EBITDA": NaN,
        "EBIT": NaN,
        "Net Interest Income": NaN,
        "Interest Expense": NaN,
        "Interest Income": NaN,
        "Normalized Income": NaN,
        "Net Income From Continuing And Discontinued Operation": NaN,
        "Total Expenses": NaN,
        "Diluted Average Shares": NaN,
        "Basic Average Shares": NaN,
        "Diluted EPS": NaN,
        "Basic EPS": NaN,
        "Diluted NI Availto Com Stockholders": NaN,
        "Average Dilution Earnings": 0.0,
        "Net Income Common Stockholders": NaN,
        "Net Income": NaN,
        "Minority Interests": 0.0,
        "Net Income Including Noncontrolling Interests": NaN,
        "Net Income Discontinuous Operations": -28300000.0,
        "Net Income Continuous Operations": NaN,
        "Tax Provision": NaN,
        "Pretax Income": NaN,
        "Other Income Expense": NaN,
        "Other Non Operating Income Expenses": NaN,
        "Special Income Charges": NaN,
        "Gain On Sale Of Business": NaN,
        "Write Off": NaN,
        "Restructuring And Mergern Acquisition": NaN,
        "Net Non Operating Interest Income Expense": NaN,
        "Interest Expense Non Operating": NaN,
        "Interest Income Non Operating": NaN,
        "Operating Income": NaN,
        "Operating Expense": NaN,
        "Provision For Doubtful Accounts": NaN,
        "Selling General And Administration": NaN,
        "Gross Profit": NaN,
        "Cost Of Revenue": NaN,
        "Total Revenue": NaN,
        "Operating Revenue": NaN
    },
    "2024-03-31": {
        "Tax Effect Of Unusual Items": -8505000.0,
        "Tax Rate For Calcs": 0.21,
        "Normalized EBITDA": 360500000.0,
        "Total Unusual Items": -40500000.0,
        "Total Unusual Items Excluding Goodwill": -40500000.0,
        "Net Income From Continuing Operation Net Minority Interest": 19500000.0,
        "Reconciled Depreciation": 140200000.0,
        "Reconciled Cost Of Revenue": 2761000000.0,
        "EBITDA": 320000000.0,
        "EBIT": 179800000.0,
        "Net Interest Income": -87900000.0,
        "Interest Expense": 131500000.0,
        "Interest Income": 43600000.0,
        "Normalized Income": 51495000.0,
        "Net Income From Continuing And Discontinued Operation": 19500000.0,
        "Total Expenses": 3612800000.0,
        "Diluted Average Shares": 150941000.0,
        "Basic Average Shares": 150235000.0,
        "Diluted EPS": 0.13,
        "Basic EPS": 0.13,
        "Diluted NI Availto Com Stockholders": 19500000.0,
        "Average Dilution Earnings": NaN,
        "Net Income Common Stockholders": 19500000.0,
        "Net Income": 19500000.0,
        "Minority Interests": NaN,
        "Net Income Including Noncontrolling Interests": 19500000.0,
        "Net Income Discontinuous Operations": NaN,
        "Net Income Continuous Operations": 19500000.0,
        "Tax Provision": 28800000.0,
        "Pretax Income": 48300000.0,
        "Other Income Expense": -120500000.0,
        "Other Non Operating Income Expenses": -80000000.0,
        "Special Income Charges": -40500000.0,
        "Gain On Sale Of Business": 0.0,
        "Write Off": 25500000.0,
        "Restructuring And Mergern Acquisition": 15000000.0,
        "Net Non Operating Interest Income Expense": -87900000.0,
        "Interest Expense Non Operating": 131500000.0,
        "Interest Income Non Operating": 43600000.0,
        "Operating Income": 256700000.0,
        "Operating Expense": 851800000.0,
        "Provision For Doubtful Accounts": -200000.0,
        "Selling General And Administration": 852000000.0,
        "Gross Profit": 1108500000.0,
        "Cost Of Revenue": 2761000000.0,
        "Total Revenue": 3869500000.0,
        "Operating Revenue": 3869500000.0
    },
    "2024-06-30": {
        "Tax Effect Of Unusual Items": -3903800.0,
        "Tax Rate For Calcs": 0.131,
        "Normalized EBITDA": 284000000.0,
        "Total Unusual Items": -29800000.0,
        "Total Unusual Items Excluding Goodwill": -29800000.0,
        "Net Income From Continuing Operation Net Minority Interest": -19200000.0,
        "Reconciled Depreciation": 155000000.0,
        "Reconciled Cost Of Revenue": 2883200000.0,
        "EBITDA": 254200000.0,
        "EBIT": 99200000.0,
        "Net Interest Income": -78400000.0,
        "Interest Expense": 121300000.0,
        "Interest Income": 42900000.0,
        "Normalized Income": 6696200.0,
        "Net Income From Continuing And Discontinued Operation": -11200000.0,
        "Total Expenses": 3711800000.0,
        "Diluted Average Shares": 150394000.0,
        "Basic Average Shares": 150394000.0,
        "Diluted EPS": -0.07,
        "Basic EPS": -0.07,
        "Diluted NI Availto Com Stockholders": -11200000.0,
        "Average Dilution Earnings": NaN,
        "Net Income Common Stockholders": -11200000.0,
        "Net Income": -11200000.0,
        "Minority Interests": NaN,
        "Net Income Including Noncontrolling Interests": -11200000.0,
        "Net Income Discontinuous Operations": 8000000.0,
        "Net Income Continuous Operations": -19200000.0,
        "Tax Provision": -2900000.0,
        "Pretax Income": -22100000.0,
        "Other Income Expense": -256300000.0,
        "Other Non Operating Income Expenses": -226500000.0,
        "Special Income Charges": -29800000.0,
        "Gain On Sale Of Business": 0.0,
        "Write Off": 0.0,
        "Restructuring And Mergern Acquisition": 29800000.0,
        "Net Non Operating Interest Income Expense": -78400000.0,
        "Interest Expense Non Operating": 121300000.0,
        "Interest Income Non Operating": 42900000.0,
        "Operating Income": 312600000.0,
        "Operating Expense": 828600000.0,
        "Provision For Doubtful Accounts": 2800000.0,
        "Selling General And Administration": 825800000.0,
        "Gross Profit": 1141200000.0,
        "Cost Of Revenue": 2883200000.0,
        "Total Revenue": 4024400000.0,
        "Operating Revenue": 4024400000.0
    },
    "2024-09-30": {
        "Tax Effect Of Unusual Items": -14490000.0,
        "Tax Rate For Calcs": 0.21,
        "Normalized EBITDA": 444600000.0,
        "Total Unusual Items": -69000000.0,
        "Total Unusual Items Excluding Goodwill": -69000000.0,
        "Net Income From Continuing Operation Net Minority Interest": 91100000.0,
        "Reconciled Depreciation": 154700000.0,
        "Reconciled Cost Of Revenue": 2630700000.0,
        "EBITDA": 375600000.0,
        "EBIT": 220900000.0,
        "Net Interest Income": -78600000.0,
        "Interest Expense": 131400000.0,
        "Interest Income": 52800000.0,
        "Normalized Income": 145610000.0,
        "Net Income From Continuing And Discontinued Operation": 91100000.0,
        "Total Expenses": 3427800000.0,
        "Diluted Average Shares": 151465000.0,
        "Basic Average Shares": 150580000.0,
        "Diluted EPS": 0.6,
        "Basic EPS": 0.61,
        "Diluted NI Availto Com Stockholders": 91100000.0,
        "Average Dilution Earnings": NaN,
        "Net Income Common Stockholders": 91100000.0,
        "Net Income": 91100000.0,
        "Minority Interests": NaN,
        "Net Income Including Noncontrolling Interests": 91100000.0,
        "Net Income Discontinuous Operations": 0.0,
        "Net Income Continuous Operations": 91100000.0,
        "Tax Provision": -1600000.0,
        "Pretax Income": 89500000.0,
        "Other Income Expense": -155400000.0,
        "Other Non Operating Income Expenses": -86400000.0,
        "Special Income Charges": -69000000.0,
        "Gain On Sale Of Business": 0.0,
        "Write Off": 46900000.0,
        "Restructuring And Mergern Acquisition": 22100000.0,
        "Net Non Operating Interest Income Expense": -78600000.0,
        "Interest Expense Non Operating": 131400000.0,
        "Interest Income Non Operating": 52800000.0,
        "Operating Income": 323500000.0,
        "Operating Expense": 797100000.0,
        "Provision For Doubtful Accounts": 7100000.0,
        "Selling General And Administration": 790000000.0,
        "Gross Profit": 1120600000.0,
        "Cost Of Revenue": 2630700000.0,
        "Total Revenue": 3751300000.0,
        "Operating Revenue": 3751300000.0
    },
    "2024-12-31": {
        "Tax Effect Of Unusual Items": -6930000.0,
        "Tax Rate For Calcs": 0.21,
        "Normalized EBITDA": 412400000.0,
        "Total Unusual Items": -33000000.0,
        "Total Unusual Items Excluding Goodwill": -33000000.0,
        "Net Income From Continuing Operation Net Minority Interest": 194900000.0,
        "Reconciled Depreciation": 139600000.0,
        "Reconciled Cost Of Revenue": 2576400000.0,
        "EBITDA": 379400000.0,
        "EBIT": 239800000.0,
        "Net Interest Income": -74600000.0,
        "Interest Expense": 114400000.0,
        "Interest Income": 39800000.0,
        "Normalized Income": 220970000.0,
        "Net Income From Continuing And Discontinued Operation": 194900000.0,
        "Total Expenses": 3431600000.0,
        "Diluted Average Shares": 151710000.0,
        "Basic Average Shares": 150725000.0,
        "Diluted EPS": 1.28,
        "Basic EPS": 1.29,
        "Diluted NI Availto Com Stockholders": 194900000.0,
        "Average Dilution Earnings": NaN,
        "Net Income Common Stockholders": 194900000.0,
        "Net Income": 194900000.0,
        "Minority Interests": NaN,
        "Net Income Including Noncontrolling Interests": 194900000.0,
        "Net Income Discontinuous Operations": 0.0,
        "Net Income Continuous Operations": 194900000.0,
        "Tax Provision": -69500000.0,
        "Pretax Income": 125400000.0,
        "Other Income Expense": -88900000.0,
        "Other Non Operating Income Expenses": -55900000.0,
        "Special Income Charges": -33000000.0,
        "Gain On Sale Of Business": 0.0,
        "Write Off": 0.0,
        "Restructuring And Mergern Acquisition": 33000000.0,
        "Net Non Operating Interest Income Expense": -74600000.0,
        "Interest Expense Non Operating": 114400000.0,
        "Interest Income Non Operating": 39800000.0,
        "Operating Income": 288900000.0,
        "Operating Expense": 855200000.0,
        "Provision For Doubtful Accounts": 12500000.0,
        "Selling General And Administration": 842700000.0,
        "Gross Profit": 1144100000.0,
        "Cost Of Revenue": 2576400000.0,
        "Total Revenue": 3720500000.0,
        "Operating Revenue": 3720500000.0
    },
    "2025-03-31": {
        "Tax Effect Of Unusual Items": -438000.0,
        "Tax Rate For Calcs": 0.292,
        "Normalized EBITDA": 383900000.0,
        "Total Unusual Items": -1500000.0,
        "Total Unusual Items Excluding Goodwill": -1500000.0,
        "Net Income From Continuing Operation Net Minority Interest": 90400000.0,
        "Reconciled Depreciation": 128400000.0,
        "Reconciled Cost Of Revenue": 2623800000.0,
        "EBITDA": 382400000.0,
        "EBIT": 254000000.0,
        "Net Interest Income": -77200000.0,
        "Interest Expense": 126400000.0,
        "Interest Income": 49200000.0,
        "Normalized Income": 91462000.0,
        "Net Income From Continuing And Discontinued Operation": 90400000.0,
        "Total Expenses": 3490800000.0,
        "Diluted Average Shares": 151699000.0,
        "Basic Average Shares": 151028000.0,
        "Diluted EPS": 0.6,
        "Basic EPS": 0.6,
        "Diluted NI Availto Com Stockholders": 90400000.0,
        "Average Dilution Earnings": NaN,
        "Net Income Common Stockholders": 90400000.0,
        "Net Income": 90400000.0,
        "Minority Interests": NaN,
        "Net Income Including Noncontrolling Interests": 90400000.0,
        "Net Income Discontinuous Operations": NaN,
        "Net Income Continuous Operations": 90400000.0,
        "Tax Provision": 37200000.0,
        "Pretax Income": 127600000.0,
        "Other Income Expense": -49000000.0,
        "Other Non Operating Income Expenses": -47500000.0,
        "Special Income Charges": -1500000.0,
        "Gain On Sale Of Business": -300000.0,
        "Write Off": 0.0,
        "Restructuring And Mergern Acquisition": 1200000.0,
        "Net Non Operating Interest Income Expense": -77200000.0,
        "Interest Expense Non Operating": 126400000.0,
        "Interest Income Non Operating": 49200000.0,
        "Operating Income": 253800000.0,
        "Operating Expense": 867000000.0,
        "Provision For Doubtful Accounts": 14500000.0,
        "Selling General And Administration": 852500000.0,
        "Gross Profit": 1120800000.0,
        "Cost Of Revenue": 2623800000.0,
        "Total Revenue": 3744600000.0,
        "Operating Revenue": 3744600000.0
    },
    "2025-06-30": {
        "Tax Effect Of Unusual Items": -3948000.0,
        "Tax Rate For Calcs": 0.21,
        "Normalized EBITDA": 304700000.0,
        "Total Unusual Items": -18800000.0,
        "Total Unusual Items Excluding Goodwill": -18800000.0,
        "Net Income From Continuing Operation Net Minority Interest": 101900000.0,
        "Reconciled Depreciation": 130100000.0,
        "Reconciled Cost Of Revenue": 2878700000.0,
        "EBITDA": 285900000.0,
        "EBIT": 155800000.0,
        "Net Interest Income": -80200000.0,
        "Interest Expense": 129100000.0,
        "Interest Income": 48900000.0,
        "Normalized Income": 116752000.0,
        "Net Income From Continuing And Discontinued Operation": 101900000.0,
        "Total Expenses": 3751800000.0,
        "Diluted Average Shares": 151728000.0,
        "Basic Average Shares": 151231000.0,
        "Diluted EPS": 0.67,
        "Basic EPS": 0.67,
        "Diluted NI Availto Com Stockholders": 101900000.0,
        "Average Dilution Earnings": NaN,
        "Net Income Common Stockholders": 101900000.0,
        "Net Income": 101900000.0,
        "Minority Interests": NaN,
        "Net Income Including Noncontrolling Interests": 101900000.0,
        "Net Income Discontinuous Operations": 0.0,
        "Net Income Continuous Operations": 101900000.0,
        "Tax Provision": -75200000.0,
        "Pretax Income": 26700000.0,
        "Other Income Expense": -86500000.0,
        "Other Non Operating Income Expenses": -67700000.0,
        "Special Income Charges": -18800000.0,
        "Gain On Sale Of Business": 0.0,
        "Write Off": 0.0,
        "Restructuring And Mergern Acquisition": 18800000.0,
        "Net Non Operating Interest Income Expense": -80200000.0,
        "Interest Expense Non Operating": 129100000.0,
        "Interest Income Non Operating": 48900000.0,
        "Operating Income": 193400000.0,
        "Operating Expense": 873100000.0,
        "Provision For Doubtful Accounts": 2700000.0,
        "Selling General And Administration": 870400000.0,
        "Gross Profit": 1066500000.0,
        "Cost Of Revenue": 2878700000.0,
        "Total Revenue": 3945200000.0,
        "Operating Revenue": 3945200000.0
    }
}