{
    "2023-03-31": {
        "Tax Effect Of Unusual Items": NaN,
        "Tax Rate For Calcs": NaN,
        "Normalized EBITDA": NaN,
        "Net Income From Continuing Operation Net Minority Interest": NaN,
        "Reconciled Depreciation": NaN,
        "Reconciled Cost Of Revenue": NaN,
        "EBITDA": NaN,
        "EBIT": NaN,
        "Net Interest Income": NaN,
        "Interest Income": NaN,
        "Normalized Income": NaN,
        "Net Income From Continuing And Discontinued Operation": NaN,
        "Total Expenses": NaN,
        "Total Operating Income As Reported": NaN,
        "Diluted Average Shares": NaN,
        "Basic Average Shares": NaN,
        "Diluted EPS": NaN,
        "Basic EPS": NaN,
        "Diluted NI Availto Com Stockholders": NaN,
        "Net Income Common Stockholders": NaN,
        "Net Income": NaN,
        "Net Income Including Noncontrolling Interests": NaN,
        "Net Income Continuous Operations": NaN,
        "Pretax Income": NaN,
        "Other Income Expense": NaN,
        "Other Non Operating Income Expenses": -199000.0,
        "Earnings From Equity Interest": NaN,
        "Net Non Operating Interest Income Expense": NaN,
        "Interest Income Non Operating": NaN,
        "Operating Income": NaN,
        "Operating Expense": NaN,
        "Research And Development": NaN,
        "Selling General And Administration": NaN,
        "General And Administrative Expense": NaN,
        "Other Gand A": NaN,
        "Gross Profit": NaN,
        "Cost Of Revenue": NaN,
        "Total Revenue": NaN,
        "Operating Revenue": NaN
    },
    "2022-12-31": {
        "Tax Effect Of Unusual Items": NaN,
        "Tax Rate For Calcs": NaN,
        "Normalized EBITDA": NaN,
        "Net Income From Continuing Operation Net Minority Interest": NaN,
        "Reconciled Depreciation": NaN,
        "Reconciled Cost Of Revenue": NaN,
        "EBITDA": NaN,
        "EBIT": NaN,
        "Net Interest Income": NaN,
        "Interest Income": NaN,
        "Normalized Income": NaN,
        "Net Income From Continuing And Discontinued Operation": NaN,
        "Total Expenses": NaN,
        "Total Operating Income As Reported": NaN,
        "Diluted Average Shares": NaN,
        "Basic Average Shares": NaN,
        "Diluted EPS": NaN,
        "Basic EPS": NaN,
        "Diluted NI Availto Com Stockholders": NaN,
        "Net Income Common Stockholders": NaN,
        "Net Income": NaN,
        "Net Income Including Noncontrolling Interests": NaN,
        "Net Income Continuous Operations": NaN,
        "Pretax Income": NaN,
        "Other Income Expense": NaN,
        "Other Non Operating Income Expenses": 153000.0,
        "Earnings From Equity Interest": NaN,
        "Net Non Operating Interest Income Expense": NaN,
        "Interest Income Non Operating": NaN,
        "Operating Income": NaN,
        "Operating Expense": NaN,
        "Research And Development": NaN,
        "Selling General And Administration": NaN,
        "General And Administrative Expense": NaN,
        "Other Gand A": NaN,
        "Gross Profit": NaN,
        "Cost Of Revenue": NaN,
        "Total Revenue": NaN,
        "Operating Revenue": NaN
    },
    "2022-09-30": {
        "Tax Effect Of Unusual Items": NaN,
        "Tax Rate For Calcs": NaN,
        "Normalized EBITDA": NaN,
        "Net Income From Continuing Operation Net Minority Interest": NaN,
        "Reconciled Depreciation": NaN,
        "Reconciled Cost Of Revenue": NaN,
        "EBITDA": NaN,
        "EBIT": NaN,
        "Net Interest Income": NaN,
        "Interest Income": NaN,
        "Normalized Income": NaN,
        "Net Income From Continuing And Discontinued Operation": NaN,
        "Total Expenses": NaN,
        "Total Operating Income As Reported": NaN,
        "Diluted Average Shares": 52900819.0,
        "Basic Average Shares": 52900819.0,
        "Diluted EPS": -1.37,
        "Basic EPS": -1.37,
        "Diluted NI Availto Com Stockholders": NaN,
        "Net Income Common Stockholders": NaN,
        "Net Income": NaN,
        "Net Income Including Noncontrolling Interests": NaN,
        "Net Income Continuous Operations": NaN,
        "Pretax Income": NaN,
        "Other Income Expense": NaN,
        "Other Non Operating Income Expenses": -74000.0,
        "Earnings From Equity Interest": NaN,
        "Net Non Operating Interest Income Expense": NaN,
        "Interest Income Non Operating": NaN,
        "Operating Income": NaN,
        "Operating Expense": NaN,
        "Research And Development": NaN,
        "Selling General And Administration": NaN,
        "General And Administrative Expense": NaN,
        "Other Gand A": NaN,
        "Gross Profit": NaN,
        "Cost Of Revenue": NaN,
        "Total Revenue": NaN,
        "Operating Revenue": NaN
    },
    "2022-06-30": {
        "Tax Effect Of Unusual Items": 0.0,
        "Tax Rate For Calcs": 0.0,
        "Normalized EBITDA": -68821000.0,
        "Net Income From Continuing Operation Net Minority Interest": -69050000.0,
        "Reconciled Depreciation": 190000.0,
        "EBITDA": -68821000.0,
        "EBIT": -69011000.0,
        "Net Interest Income": 372000.0,
        "Interest Income": 372000.0,
        "Normalized Income": -69050000.0,
        "Net Income From Continuing And Discontinued Operation": -69050000.0,
        "Total Expenses": 69011000.0,
        "Total Operating Income As Reported": -69011000.0,
        "Diluted Average Shares": 49071590.0,
        "Basic Average Shares": 49071590.0,
        "Diluted EPS": -1.41,
        "Basic EPS": -1.41,
        "Diluted NI Availto Com Stockholders": -69050000.0,
        "Net Income Common Stockholders": -69050000.0,
        "Net Income": -69050000.0,
        "Net Income Including Noncontrolling Interests": -69050000.0,
        "Net Income Continuous Operations": -69050000.0,
        "Pretax Income": -69050000.0,
        "Other Income Expense": -411000.0,
        "Other Non Operating Income Expenses": -24000.0,
        "Earnings From Equity Interest": -387000.0,
        "Net Non Operating Interest Income Expense": 372000.0,
        "Interest Income Non Operating": 372000.0,
        "Operating Income": -69011000.0,
        "Operating Expense": 69011000.0,
        "Research And Development": 38024000.0,
        "Selling General And Administration": 30987000.0,
        "General And Administrative Expense": 30987000.0,
        "Other Gand A": 30987000.0,
        "Total Revenue": 0.0,
        "Operating Revenue": 0.0
    },
    "2023-06-30": {
        "Tax Effect Of Unusual Items": NaN,
        "Tax Rate For Calcs": NaN,
        "Normalized EBITDA": NaN,
        "Net Income From Continuing Operation Net Minority Interest": NaN,
        "Reconciled Depreciation": NaN,
        "Reconciled Cost Of Revenue": NaN,
        "EBITDA": NaN,
        "EBIT": NaN,
        "Net Interest Income": NaN,
        "Interest Income": NaN,
        "Normalized Income": NaN,
        "Net Income From Continuing And Discontinued Operation": NaN,
        "Total Expenses": NaN,
        "Total Operating Income As Reported": NaN,
        "Diluted Average Shares": 62464081.0,
        "Basic Average Shares": 62464081.0,
        "Diluted EPS": -1.25,
        "Basic EPS": -1.25,
        "Diluted NI Availto Com Stockholders": NaN,
        "Net Income Common Stockholders": NaN,
        "Net Income": NaN,
        "Net Income Including Noncontrolling Interests": NaN,
        "Net Income Continuous Operations": NaN,
        "Pretax Income": NaN,
        "Other Income Expense": NaN,
        "Other Non Operating Income Expenses": -98000.0,
        "Earnings From Equity Interest": NaN,
        "Net Non Operating Interest Income Expense": NaN,
        "Interest Income Non Operating": NaN,
        "Operating Income": NaN,
        "Operating Expense": NaN,
        "Research And Development": NaN,
        "Selling General And Administration": NaN,
        "General And Administrative Expense": NaN,
        "Other Gand A": NaN,
        "Gross Profit": NaN,
        "Cost Of Revenue": NaN,
        "Total Revenue": NaN,
        "Operating Revenue": NaN
    },
    "2022-03-31": {
        "Diluted EPS": -1.26,
        "Total Revenue": NaN,
        "Gross Profit": NaN,
        "Operating Income": -61,
        "EBIT": -61,
        "Net Income": -62
    },
    "2021-12-31": {
        "Diluted EPS": -1.16,
        "Total Revenue": NaN,
        "Gross Profit": NaN,
        "Operating Income": -56,
        "EBIT": -56,
        "Net Income": -56
    },
    "2021-09-30": {
        "Diluted EPS": -0.84,
        "Total Revenue": NaN,
        "Gross Profit": NaN,
        "Operating Income": -41,
        "EBIT": -41,
        "Net Income": -41
    },
    "2021-06-30": {
        "Diluted EPS": -0.97,
        "Total Revenue": NaN,
        "Gross Profit": NaN,
        "Operating Income": -47,
        "EBIT": -47,
        "Net Income": -47
    },
    "2021-03-31": {
        "Diluted EPS": -0.62,
        "Total Revenue": NaN,
        "Gross Profit": NaN,
        "Operating Income": -30,
        "EBIT": -30,
        "Net Income": -30
    },
    "2020-12-31": {
        "Diluted EPS": 0.3,
        "Total Revenue": NaN,
        "Gross Profit": NaN,
        "Operating Income": -24,
        "EBIT": -24,
        "Net Income": 11
    },
    "2020-09-30": {
        "Diluted EPS": -0.51,
        "Total Revenue": NaN,
        "Gross Profit": NaN,
        "Operating Income": -22,
        "EBIT": -21,
        "Net Income": -22
    },
    "2020-06-30": {
        "Diluted EPS": -0.47,
        "Total Revenue": NaN,
        "Gross Profit": NaN,
        "Operating Income": -20,
        "EBIT": -20,
        "Net Income": -20
    },
    "2020-03-31": {
        "Diluted EPS": -0.37,
        "Total Revenue": NaN,
        "Gross Profit": NaN,
        "Operating Income": -16,
        "EBIT": -16,
        "Net Income": -15
    },
    "2019-12-31": {
        "Diluted EPS": 19.12,
        "Total Revenue": NaN,
        "Gross Profit": NaN,
        "Operating Income": -17,
        "EBIT": -17,
        "Net Income": -16
    },
    "2019-09-30": {
        "Diluted EPS": -1.77,
        "Total Revenue": NaN,
        "Gross Profit": NaN,
        "Operating Income": -15,
        "EBIT": -15,
        "Net Income": -17
    },
    "2019-06-30": {
        "Diluted EPS": -15.75,
        "Total Revenue": NaN,
        "Gross Profit": NaN,
        "Operating Income": -15,
        "EBIT": -15,
        "Net Income": -14
    },
    "2019-03-31": {
        "Diluted EPS": -5.41,
        "Total Revenue": NaN,
        "Gross Profit": NaN,
        "Operating Income": -12,
        "EBIT": -12,
        "Net Income": -4
    },
    "2018-12-31": {
        "Diluted EPS": 0.0,
        "Total Revenue": NaN,
        "Gross Profit": NaN,
        "Operating Income": NaN,
        "EBIT": NaN,
        "Net Income": NaN
    },
    "2018-09-30": {
        "Diluted EPS": -11.55,
        "Total Revenue": NaN,
        "Gross Profit": NaN,
        "Operating Income": -5,
        "EBIT": -5,
        "Net Income": -5
    },
    "2023-09-30": {
        "Tax Effect Of Unusual Items": NaN,
        "Tax Rate For Calcs": NaN,
        "Normalized EBITDA": NaN,
        "Net Income From Continuing Operation Net Minority Interest": NaN,
        "Reconciled Depreciation": NaN,
        "Reconciled Cost Of Revenue": NaN,
        "EBITDA": NaN,
        "EBIT": NaN,
        "Net Interest Income": NaN,
        "Interest Expense": NaN,
        "Interest Income": NaN,
        "Normalized Income": NaN,
        "Net Income From Continuing And Discontinued Operation": NaN,
        "Total Expenses": NaN,
        "Total Operating Income As Reported": NaN,
        "Diluted Average Shares": 62521772.0,
        "Basic Average Shares": 62521772.0,
        "Diluted EPS": -1.27,
        "Basic EPS": -1.27,
        "Diluted NI Availto Com Stockholders": NaN,
        "Net Income Common Stockholders": NaN,
        "Net Income": NaN,
        "Net Income Including Noncontrolling Interests": NaN,
        "Net Income Continuous Operations": NaN,
        "Pretax Income": NaN,
        "Other Income Expense": NaN,
        "Other Non Operating Income Expenses": -76000.0,
        "Earnings From Equity Interest": NaN,
        "Net Non Operating Interest Income Expense": NaN,
        "Interest Expense Non Operating": NaN,
        "Interest Income Non Operating": NaN,
        "Operating Income": NaN,
        "Operating Expense": NaN,
        "Research And Development": NaN,
        "Selling General And Administration": NaN,
        "General And Administrative Expense": NaN,
        "Other Gand A": NaN,
        "Gross Profit": NaN,
        "Cost Of Revenue": NaN,
        "Total Revenue": NaN,
        "Operating Revenue": NaN
    },
    "2023-12-31": {
        "Tax Effect Of Unusual Items": NaN,
        "Tax Rate For Calcs": NaN,
        "Normalized EBITDA": NaN,
        "Net Income From Continuing Operation Net Minority Interest": NaN,
        "Reconciled Depreciation": NaN,
        "Reconciled Cost Of Revenue": NaN,
        "EBITDA": NaN,
        "EBIT": NaN,
        "Net Interest Income": NaN,
        "Interest Expense": NaN,
        "Interest Income": 5603000.0,
        "Normalized Income": NaN,
        "Net Income From Continuing And Discontinued Operation": NaN,
        "Total Expenses": NaN,
        "Total Operating Income As Reported": NaN,
        "Diluted Average Shares": NaN,
        "Basic Average Shares": NaN,
        "Diluted EPS": NaN,
        "Basic EPS": NaN,
        "Diluted NI Availto Com Stockholders": NaN,
        "Net Income Common Stockholders": NaN,
        "Net Income": NaN,
        "Net Income Including Noncontrolling Interests": NaN,
        "Net Income Continuous Operations": NaN,
        "Pretax Income": NaN,
        "Other Income Expense": NaN,
        "Other Non Operating Income Expenses": NaN,
        "Earnings From Equity Interest": NaN,
        "Net Non Operating Interest Income Expense": NaN,
        "Interest Expense Non Operating": NaN,
        "Interest Income Non Operating": 5603000.0,
        "Operating Income": NaN,
        "Operating Expense": NaN,
        "Research And Development": NaN,
        "Selling General And Administration": NaN,
        "General And Administrative Expense": NaN,
        "Other Gand A": NaN,
        "Gross Profit": NaN,
        "Cost Of Revenue": NaN,
        "Total Revenue": NaN,
        "Operating Revenue": NaN
    },
    "2024-03-31": {
        "Tax Effect Of Unusual Items": 0.0,
        "Tax Rate For Calcs": 0.0,
        "Normalized EBITDA": -93202000.0,
        "Net Income From Continuing Operation Net Minority Interest": -87385000.0,
        "Reconciled Depreciation": 729000.0,
        "Reconciled Cost Of Revenue": 1202000.0,
        "EBITDA": -93202000.0,
        "EBIT": -93931000.0,
        "Net Interest Income": 7571000.0,
        "Interest Expense": NaN,
        "Interest Income": 7571000.0,
        "Normalized Income": -87385000.0,
        "Net Income From Continuing And Discontinued Operation": -87385000.0,
        "Total Expenses": 114937000.0,
        "Total Operating Income As Reported": -93931000.0,
        "Diluted Average Shares": 73768603.0,
        "Basic Average Shares": 73768603.0,
        "Diluted EPS": -1.18,
        "Basic EPS": -1.18,
        "Diluted NI Availto Com Stockholders": -87385000.0,
        "Net Income Common Stockholders": -87385000.0,
        "Net Income": -87385000.0,
        "Net Income Including Noncontrolling Interests": -87385000.0,
        "Net Income Continuous Operations": -87385000.0,
        "Pretax Income": -87385000.0,
        "Other Income Expense": -1025000.0,
        "Other Non Operating Income Expenses": NaN,
        "Earnings From Equity Interest": -1025000.0,
        "Net Non Operating Interest Income Expense": 7571000.0,
        "Interest Expense Non Operating": NaN,
        "Interest Income Non Operating": 7571000.0,
        "Operating Income": -93931000.0,
        "Operating Expense": 113735000.0,
        "Research And Development": 53622000.0,
        "Selling General And Administration": 60113000.0,
        "General And Administrative Expense": 60113000.0,
        "Other Gand A": 60113000.0,
        "Gross Profit": 19804000.0,
        "Cost Of Revenue": 1202000.0,
        "Total Revenue": 21006000.0,
        "Operating Revenue": 21006000.0
    },
    "2024-06-30": {
        "Tax Effect Of Unusual Items": 0.0,
        "Tax Rate For Calcs": 0.0,
        "Normalized EBITDA": -44077000.0,
        "Net Income From Continuing Operation Net Minority Interest": -39919000.0,
        "Reconciled Depreciation": 844000.0,
        "Reconciled Cost Of Revenue": 2453000.0,
        "EBITDA": -44077000.0,
        "EBIT": -44921000.0,
        "Net Interest Income": 6778000.0,
        "Interest Expense": NaN,
        "Interest Income": 6778000.0,
        "Normalized Income": -39919000.0,
        "Net Income From Continuing And Discontinued Operation": -39919000.0,
        "Total Expenses": 104654000.0,
        "Total Operating Income As Reported": -44921000.0,
        "Diluted Average Shares": 74121014.0,
        "Basic Average Shares": 74121014.0,
        "Diluted EPS": -0.54,
        "Basic EPS": -0.54,
        "Diluted NI Availto Com Stockholders": -39919000.0,
        "Net Income Common Stockholders": -39919000.0,
        "Net Income": -39919000.0,
        "Net Income Including Noncontrolling Interests": -39919000.0,
        "Net Income Continuous Operations": -39919000.0,
        "Pretax Income": -39919000.0,
        "Other Income Expense": -1776000.0,
        "Other Non Operating Income Expenses": NaN,
        "Earnings From Equity Interest": -1776000.0,
        "Net Non Operating Interest Income Expense": 6778000.0,
        "Interest Expense Non Operating": NaN,
        "Interest Income Non Operating": 6778000.0,
        "Operating Income": -44921000.0,
        "Operating Expense": 102201000.0,
        "Research And Development": 44362000.0,
        "Selling General And Administration": 57839000.0,
        "General And Administrative Expense": 57839000.0,
        "Other Gand A": 57839000.0,
        "Gross Profit": 57280000.0,
        "Cost Of Revenue": 2453000.0,
        "Total Revenue": 59733000.0,
        "Operating Revenue": 40186000.0
    },
    "2024-09-30": {
        "Tax Effect Of Unusual Items": 0.0,
        "Tax Rate For Calcs": 0.0,
        "Normalized EBITDA": -57059000.0,
        "Net Income From Continuing Operation Net Minority Interest": -53530000.0,
        "Reconciled Depreciation": 878000.0,
        "Reconciled Cost Of Revenue": 3341000.0,
        "EBITDA": -57059000.0,
        "EBIT": -57937000.0,
        "Net Interest Income": 6216000.0,
        "Interest Expense": NaN,
        "Interest Income": 6216000.0,
        "Normalized Income": -53530000.0,
        "Net Income From Continuing And Discontinued Operation": -53530000.0,
        "Total Expenses": 107238000.0,
        "Total Operating Income As Reported": -57937000.0,
        "Diluted Average Shares": 74264501.0,
        "Basic Average Shares": 74264501.0,
        "Diluted EPS": -0.72,
        "Basic EPS": -0.72,
        "Diluted NI Availto Com Stockholders": -53530000.0,
        "Net Income Common Stockholders": -53530000.0,
        "Net Income": -53530000.0,
        "Net Income Including Noncontrolling Interests": -53530000.0,
        "Net Income Continuous Operations": -53530000.0,
        "Pretax Income": -53530000.0,
        "Other Income Expense": -1809000.0,
        "Other Non Operating Income Expenses": NaN,
        "Earnings From Equity Interest": -1809000.0,
        "Net Non Operating Interest Income Expense": 6216000.0,
        "Interest Expense Non Operating": NaN,
        "Interest Income Non Operating": 6216000.0,
        "Operating Income": -57937000.0,
        "Operating Expense": 103897000.0,
        "Research And Development": 42296000.0,
        "Selling General And Administration": 61601000.0,
        "General And Administrative Expense": 61601000.0,
        "Other Gand A": 61601000.0,
        "Gross Profit": 45960000.0,
        "Cost Of Revenue": 3341000.0,
        "Total Revenue": 49301000.0,
        "Operating Revenue": 49301000.0
    },
    "2024-12-31": {
        "Tax Effect Of Unusual Items": 0.0,
        "Tax Rate For Calcs": 0.0,
        "Normalized EBITDA": -80325000.0,
        "Net Income From Continuing Operation Net Minority Interest": -77297000.0,
        "Reconciled Depreciation": 1017000.0,
        "Reconciled Cost Of Revenue": 5554000.0,
        "EBITDA": -80325000.0,
        "EBIT": -81342000.0,
        "Net Interest Income": 5435000.0,
        "Interest Expense": NaN,
        "Interest Income": 5435000.0,
        "Normalized Income": -77297000.0,
        "Net Income From Continuing And Discontinued Operation": -77297000.0,
        "Total Expenses": 142891000.0,
        "Total Operating Income As Reported": -81342000.0,
        "Diluted Average Shares": NaN,
        "Basic Average Shares": NaN,
        "Diluted EPS": NaN,
        "Basic EPS": NaN,
        "Diluted NI Availto Com Stockholders": -77297000.0,
        "Net Income Common Stockholders": -77297000.0,
        "Net Income": -77297000.0,
        "Net Income Including Noncontrolling Interests": -77297000.0,
        "Net Income Continuous Operations": -77297000.0,
        "Pretax Income": -77297000.0,
        "Other Income Expense": -1390000.0,
        "Other Non Operating Income Expenses": NaN,
        "Earnings From Equity Interest": -1390000.0,
        "Net Non Operating Interest Income Expense": 5435000.0,
        "Interest Expense Non Operating": NaN,
        "Interest Income Non Operating": 5435000.0,
        "Operating Income": -81342000.0,
        "Operating Expense": 137337000.0,
        "Research And Development": 60238000.0,
        "Selling General And Administration": 77099000.0,
        "General And Administrative Expense": 77099000.0,
        "Other Gand A": -71353000.0,
        "Gross Profit": 55995000.0,
        "Cost Of Revenue": 5554000.0,
        "Total Revenue": 61549000.0,
        "Operating Revenue": 61549000.0
    },
    "2025-03-31": {
        "Tax Effect Of Unusual Items": 0.0,
        "Tax Rate For Calcs": 0.0,
        "Normalized EBITDA": -81088000.0,
        "Net Income From Continuing Operation Net Minority Interest": -83187000.0,
        "Reconciled Depreciation": 1101000.0,
        "Reconciled Cost Of Revenue": 3527000.0,
        "EBITDA": -81088000.0,
        "EBIT": -82189000.0,
        "Net Interest Income": -998000.0,
        "Interest Expense": 998000.0,
        "Interest Income": NaN,
        "Normalized Income": -83187000.0,
        "Net Income From Continuing And Discontinued Operation": -83187000.0,
        "Total Expenses": 129623000.0,
        "Total Operating Income As Reported": -80536000.0,
        "Diluted Average Shares": 74885348.0,
        "Basic Average Shares": 74885348.0,
        "Diluted EPS": -1.11,
        "Basic EPS": -1.11,
        "Diluted NI Availto Com Stockholders": -83187000.0,
        "Net Income Common Stockholders": -83187000.0,
        "Net Income": -83187000.0,
        "Net Income Including Noncontrolling Interests": -83187000.0,
        "Net Income Continuous Operations": -83187000.0,
        "Pretax Income": -83187000.0,
        "Other Income Expense": -1653000.0,
        "Other Non Operating Income Expenses": NaN,
        "Earnings From Equity Interest": -1653000.0,
        "Net Non Operating Interest Income Expense": -998000.0,
        "Interest Expense Non Operating": 998000.0,
        "Interest Income Non Operating": NaN,
        "Operating Income": -80536000.0,
        "Operating Expense": 126096000.0,
        "Research And Development": 49595000.0,
        "Selling General And Administration": 76501000.0,
        "General And Administrative Expense": 76501000.0,
        "Other Gand A": 76501000.0,
        "Gross Profit": 45560000.0,
        "Cost Of Revenue": 3527000.0,
        "Total Revenue": 49087000.0,
        "Operating Revenue": 49087000.0
    }
}