{
    "2022-09-30": {
        "Tax Effect Of Unusual Items": 0.0,
        "Tax Rate For Calcs": 0.0,
        "Normalized EBITDA": 22405955.0,
        "Total Unusual Items": 26107459.0,
        "Total Unusual Items Excluding Goodwill": 26107459.0,
        "Net Income From Continuing Operation Net Minority Interest": 47293447.0,
        "Reconciled Depreciation": 1373863.0,
        "Reconciled Cost Of Revenue": 21429965.0,
        "EBITDA": 48513414.0,
        "EBIT": 47139551.0,
        "Net Interest Income": -456196.0,
        "Interest Expense": 481214.0,
        "Interest Income": 25018.0,
        "Normalized Income": 21185988.0,
        "Net Income From Continuing And Discontinued Operation": 47293447.0,
        "Total Expenses": 47063769.0,
        "Rent Expense Supplemental": 306979.0,
        "Total Operating Income As Reported": -19295208.0,
        "Diluted Average Shares": 5282671.0,
        "Basic Average Shares": 5132775.0,
        "Diluted EPS": 8.952563,
        "Basic EPS": 9.214011,
        "Diluted NI Availto Com Stockholders": 47293447.0,
        "Net Income Common Stockholders": 47293447.0,
        "Net Income": 47293447.0,
        "Minority Interests": 586018.0,
        "Net Income Including Noncontrolling Interests": 46707429.0,
        "Net Income Continuous Operations": 46707429.0,
        "Tax Provision": -49092.0,
        "Pretax Income": 46658337.0,
        "Other Income Expense": 69360539.0,
        "Other Non Operating Income Expenses": 43253080.0,
        "Special Income Charges": 25959418.0,
        "Other Special Charges": -2802757.0,
        "Write Off": 0.0,
        "Restructuring And Mergern Acquisition": -23156661.0,
        "Gain On Sale Of Security": 148041.0,
        "Net Non Operating Interest Income Expense": -456196.0,
        "Interest Expense Non Operating": 481214.0,
        "Interest Income Non Operating": 25018.0,
        "Operating Income": -22246006.0,
        "Operating Expense": 25633804.0,
        "Other Operating Expenses": 108840.0,
        "Provision For Doubtful Accounts": 500260.0,
        "Depreciation Amortization Depletion Income Statement": 1373863.0,
        "Depreciation And Amortization In Income Statement": 1373863.0,
        "Depreciation Income Statement": 1373863.0,
        "Research And Development": 2529600.0,
        "Selling General And Administration": 21121241.0,
        "Selling And Marketing Expense": 2411271.0,
        "General And Administrative Expense": 18709970.0,
        "Other Gand A": 5235472.0,
        "Insurance And Claims": 2339767.0,
        "Rent And Landing Fees": 306979.0,
        "Salaries And Wages": 10827752.0,
        "Gross Profit": 3387798.0,
        "Cost Of Revenue": 21429965.0,
        "Total Revenue": 24817763.0,
        "Operating Revenue": 24817763.0
    },
    "2022-06-30": {
        "Diluted EPS": 0.0,
        "Total Revenue": NaN,
        "Gross Profit": NaN,
        "Operating Income": NaN,
        "Net Income": NaN
    },
    "2021-12-31": {
        "Diluted EPS": 0.0,
        "Total Revenue": NaN,
        "Gross Profit": NaN,
        "Operating Income": NaN,
        "EBIT": NaN,
        "Net Income": NaN
    },
    "2021-09-30": {
        "Diluted EPS": -9.29,
        "Total Revenue": 11,
        "Gross Profit": -3,
        "Operating Income": -26,
        "EBIT": -26,
        "Net Income": -32
    },
    "2020-12-31": {
        "Diluted EPS": 0.0,
        "Total Revenue": NaN,
        "Gross Profit": NaN,
        "Operating Income": NaN,
        "EBIT": NaN,
        "Net Income": NaN
    },
    "2022-12-31": {
        "Tax Effect Of Unusual Items": 0.0,
        "Tax Rate For Calcs": 0.0,
        "Normalized EBITDA": -54233822.0,
        "Total Unusual Items": 63340627.0,
        "Total Unusual Items Excluding Goodwill": 63340627.0,
        "Net Income From Continuing Operation Net Minority Interest": 18569063.0,
        "Reconciled Depreciation": 1156536.0,
        "Reconciled Cost Of Revenue": -22008231.0,
        "EBITDA": 9106805.0,
        "EBIT": 7950269.0,
        "Net Interest Income": 3458725.0,
        "Interest Expense": -3450685.0,
        "Interest Income": 8040.0,
        "Normalized Income": -44771564.0,
        "Net Income From Continuing And Discontinued Operation": -4051593.0,
        "Total Expenses": -63536693.0,
        "Rent Expense Supplemental": -684100.0,
        "Total Operating Income As Reported": 8217663.0,
        "Diluted NI Availto Com Stockholders": -4051593.0,
        "Net Income Common Stockholders": -4051593.0,
        "Net Income": -4051593.0,
        "Minority Interests": 4615715.0,
        "Net Income Including Noncontrolling Interests": -8667308.0,
        "Net Income Continuous Operations": 13953348.0,
        "Tax Provision": -2552394.0,
        "Pretax Income": 11400954.0,
        "Other Income Expense": -41526570.0,
        "Other Non Operating Income Expenses": -104867197.0,
        "Special Income Charges": -46155959.0,
        "Other Special Charges": 5689269.0,
        "Write Off": 0.0,
        "Restructuring And Mergern Acquisition": -5914751.0,
        "Gain On Sale Of Security": 109496586.0,
        "Net Non Operating Interest Income Expense": 3458725.0,
        "Interest Expense Non Operating": -3450685.0,
        "Interest Income Non Operating": 8040.0,
        "Operating Income": 49468799.0,
        "Operating Expense": -41528462.0,
        "Provision For Doubtful Accounts": -1510099.0,
        "Depreciation Amortization Depletion Income Statement": -329396.0,
        "Depreciation And Amortization In Income Statement": -329396.0,
        "Depreciation Income Statement": -1681811.0,
        "Research And Development": -3755233.0,
        "Selling General And Administration": -36122368.0,
        "Selling And Marketing Expense": 3529516.0,
        "General And Administrative Expense": -39651884.0,
        "Other Gand A": 5735806.0,
        "Insurance And Claims": 603912.0,
        "Rent And Landing Fees": -684100.0,
        "Salaries And Wages": -45307502.0,
        "Gross Profit": 7940337.0,
        "Cost Of Revenue": -22008231.0,
        "Total Revenue": -14067894.0,
        "Operating Revenue": -14067894.0
    },
    "2025-03-31": {
        "Tax Effect Of Unusual Items": 0.0,
        "Tax Rate For Calcs": 0.225,
        "Normalized EBITDA": 893178.0,
        "Net Income From Continuing Operation Net Minority Interest": 772823.0,
        "Reconciled Depreciation": 103675.0,
        "Reconciled Cost Of Revenue": 3931022.0,
        "EBITDA": 893178.0,
        "EBIT": 789503.0,
        "Net Interest Income": -16464.0,
        "Interest Expense": 16680.0,
        "Interest Income": 216.0,
        "Normalized Income": 772823.0,
        "Net Income From Continuing And Discontinued Operation": 772823.0,
        "Total Expenses": 5632090.0,
        "Rent Expense Supplemental": 52736.0,
        "Diluted Average Shares": 9898516.0,
        "Basic Average Shares": 9898516.0,
        "Diluted EPS": 0.078075,
        "Basic EPS": 0.078075,
        "Diluted NI Availto Com Stockholders": 772823.0,
        "Net Income Common Stockholders": 772823.0,
        "Net Income": 772823.0,
        "Net Income Including Noncontrolling Interests": 772823.0,
        "Net Income Continuous Operations": 772823.0,
        "Pretax Income": 772823.0,
        "Other Income Expense": 1511364.0,
        "Other Non Operating Income Expenses": 1511364.0,
        "Net Non Operating Interest Income Expense": -16464.0,
        "Interest Expense Non Operating": 16680.0,
        "Interest Income Non Operating": 216.0,
        "Operating Income": -722077.0,
        "Operating Expense": 1701068.0,
        "Provision For Doubtful Accounts": 23954.0,
        "Depreciation Amortization Depletion Income Statement": 103675.0,
        "Depreciation And Amortization In Income Statement": 103675.0,
        "Depreciation Income Statement": 103675.0,
        "Research And Development": 118326.0,
        "Selling General And Administration": 1455113.0,
        "Selling And Marketing Expense": 35841.0,
        "General And Administrative Expense": 1419272.0,
        "Other Gand A": 407811.0,
        "Insurance And Claims": 35885.0,
        "Rent And Landing Fees": 52736.0,
        "Salaries And Wages": 922840.0,
        "Gross Profit": 978991.0,
        "Cost Of Revenue": 3931022.0,
        "Total Revenue": 4910013.0,
        "Operating Revenue": 4910013.0
    },
    "2024-06-30": {
        "Tax Effect Of Unusual Items": 0.0,
        "Tax Rate For Calcs": 0.0,
        "Normalized EBITDA": -1728318.0,
        "Net Income From Continuing Operation Net Minority Interest": -1956486.0,
        "Reconciled Depreciation": 190719.0,
        "Reconciled Cost Of Revenue": 2785559.0,
        "EBITDA": -1728318.0,
        "EBIT": -1919037.0,
        "Net Interest Income": 10693.0,
        "Interest Expense": 37449.0,
        "Interest Income": 48142.0,
        "Normalized Income": -1956486.0,
        "Net Income From Continuing And Discontinued Operation": -1956486.0,
        "Total Expenses": 4732490.0,
        "Rent Expense Supplemental": 94531.0,
        "Diluted Average Shares": NaN,
        "Basic Average Shares": NaN,
        "Diluted EPS": NaN,
        "Basic EPS": NaN,
        "Diluted NI Availto Com Stockholders": -1956486.0,
        "Net Income Common Stockholders": -1956486.0,
        "Net Income": -1956486.0,
        "Net Income Including Noncontrolling Interests": -1956486.0,
        "Net Income Continuous Operations": -1956486.0,
        "Pretax Income": -1956486.0,
        "Other Income Expense": -932959.0,
        "Other Non Operating Income Expenses": -932959.0,
        "Net Non Operating Interest Income Expense": 10693.0,
        "Interest Expense Non Operating": 37449.0,
        "Interest Income Non Operating": 48142.0,
        "Operating Income": -1034221.0,
        "Operating Expense": 1946931.0,
        "Provision For Doubtful Accounts": NaN,
        "Depreciation Amortization Depletion Income Statement": 190719.0,
        "Depreciation And Amortization In Income Statement": 190719.0,
        "Depreciation Income Statement": 170803.0,
        "Research And Development": 161205.0,
        "Selling General And Administration": 1006104.0,
        "Selling And Marketing Expense": 3714.0,
        "General And Administrative Expense": 1002390.0,
        "Other Gand A": 724039.0,
        "Insurance And Claims": -447629.0,
        "Rent And Landing Fees": 94531.0,
        "Salaries And Wages": 631449.0,
        "Gross Profit": 912710.0,
        "Cost Of Revenue": 2785559.0,
        "Total Revenue": 3698269.0,
        "Operating Revenue": 3698269.0
    },
    "2024-03-31": {
        "Tax Effect Of Unusual Items": 0.0,
        "Tax Rate For Calcs": 0.0,
        "Normalized EBITDA": -3670615.0,
        "Net Income From Continuing Operation Net Minority Interest": -3736361.0,
        "Reconciled Depreciation": 52329.0,
        "Reconciled Cost Of Revenue": 3537189.0,
        "EBITDA": -3670615.0,
        "EBIT": -3722944.0,
        "Net Interest Income": 17064.0,
        "Interest Expense": 13417.0,
        "Interest Income": 30481.0,
        "Normalized Income": -3736361.0,
        "Net Income From Continuing And Discontinued Operation": -3736361.0,
        "Total Expenses": 7680297.0,
        "Rent Expense Supplemental": 15739.0,
        "Diluted Average Shares": 6791605.0,
        "Basic Average Shares": 6791605.0,
        "Diluted EPS": -0.550144,
        "Basic EPS": -0.550144,
        "Diluted NI Availto Com Stockholders": -3736361.0,
        "Net Income Common Stockholders": -3736361.0,
        "Net Income": -3736361.0,
        "Net Income Including Noncontrolling Interests": -3736361.0,
        "Net Income Continuous Operations": -3736361.0,
        "Pretax Income": -3736361.0,
        "Other Income Expense": -441866.0,
        "Other Non Operating Income Expenses": -441866.0,
        "Net Non Operating Interest Income Expense": 17064.0,
        "Interest Expense Non Operating": 13417.0,
        "Interest Income Non Operating": 30481.0,
        "Operating Income": -3311558.0,
        "Operating Expense": 4143108.0,
        "Provision For Doubtful Accounts": 36175.0,
        "Depreciation Amortization Depletion Income Statement": 52329.0,
        "Depreciation And Amortization In Income Statement": 52329.0,
        "Depreciation Income Statement": 52329.0,
        "Research And Development": 124449.0,
        "Selling General And Administration": 3930155.0,
        "Selling And Marketing Expense": 9507.0,
        "General And Administrative Expense": 3920648.0,
        "Other Gand A": 472612.0,
        "Insurance And Claims": 504384.0,
        "Rent And Landing Fees": 15739.0,
        "Salaries And Wages": 2927913.0,
        "Gross Profit": 831550.0,
        "Cost Of Revenue": 3537189.0,
        "Total Revenue": 4368739.0,
        "Operating Revenue": 4368739.0
    },
    "2025-06-30": {
        "Tax Effect Of Unusual Items": 0.0,
        "Tax Rate For Calcs": 0.0,
        "Normalized EBITDA": -262465.0,
        "Net Income From Continuing Operation Net Minority Interest": -340623.0,
        "Reconciled Depreciation": -29784.0,
        "Reconciled Cost Of Revenue": 4069863.0,
        "EBITDA": -262465.0,
        "EBIT": -262465.0,
        "Net Interest Income": 28539.0,
        "Interest Expense": 78158.0,
        "Interest Income": 106697.0,
        "Normalized Income": -340623.0,
        "Net Income From Continuing And Discontinued Operation": -340623.0,
        "Total Expenses": 5407403.0,
        "Rent Expense Supplemental": 48119.0,
        "Diluted Average Shares": NaN,
        "Basic Average Shares": NaN,
        "Diluted EPS": NaN,
        "Basic EPS": NaN,
        "Diluted NI Availto Com Stockholders": -340623.0,
        "Net Income Common Stockholders": -340623.0,
        "Net Income": -340623.0,
        "Net Income Including Noncontrolling Interests": -340623.0,
        "Net Income Continuous Operations": -340623.0,
        "Pretax Income": -340623.0,
        "Other Income Expense": -240815.0,
        "Other Non Operating Income Expenses": -240815.0,
        "Net Non Operating Interest Income Expense": 28539.0,
        "Interest Expense Non Operating": 78158.0,
        "Interest Income Non Operating": 106697.0,
        "Operating Income": -128347.0,
        "Operating Expense": 1337540.0,
        "Provision For Doubtful Accounts": NaN,
        "Depreciation Amortization Depletion Income Statement": -29784.0,
        "Depreciation And Amortization In Income Statement": -29784.0,
        "Depreciation Income Statement": -45378.0,
        "Research And Development": 105213.0,
        "Selling General And Administration": 1158565.0,
        "Selling And Marketing Expense": -23010.0,
        "General And Administrative Expense": 1181575.0,
        "Other Gand A": 506623.0,
        "Insurance And Claims": 15039.0,
        "Rent And Landing Fees": 48119.0,
        "Salaries And Wages": 611794.0,
        "Gross Profit": 1209193.0,
        "Cost Of Revenue": 4069863.0,
        "Total Revenue": 5279056.0,
        "Operating Revenue": 5279056.0
    }
}