{
    "2023-03-31": {
        "Tax Effect Of Unusual Items": NaN,
        "Tax Rate For Calcs": NaN,
        "Normalized EBITDA": NaN,
        "Total Unusual Items": NaN,
        "Total Unusual Items Excluding Goodwill": NaN,
        "Net Income From Continuing Operation Net Minority Interest": NaN,
        "Reconciled Cost Of Revenue": NaN,
        "EBITDA": NaN,
        "EBIT": NaN,
        "Net Interest Income": NaN,
        "Interest Income": NaN,
        "Normalized Income": NaN,
        "Net Income From Continuing And Discontinued Operation": NaN,
        "Total Expenses": NaN,
        "Total Operating Income As Reported": NaN,
        "Diluted Average Shares": NaN,
        "Basic Average Shares": NaN,
        "Diluted EPS": NaN,
        "Basic EPS": NaN,
        "Diluted NI Availto Com Stockholders": NaN,
        "Net Income Common Stockholders": NaN,
        "Net Income": NaN,
        "Minority Interests": NaN,
        "Net Income Including Noncontrolling Interests": NaN,
        "Net Income Continuous Operations": NaN,
        "Tax Provision": NaN,
        "Pretax Income": NaN,
        "Other Income Expense": NaN,
        "Other Non Operating Income Expenses": NaN,
        "Special Income Charges": 0.0,
        "Write Off": 0.0,
        "Earnings From Equity Interest": NaN,
        "Gain On Sale Of Security": NaN,
        "Net Non Operating Interest Income Expense": NaN,
        "Interest Income Non Operating": NaN,
        "Operating Income": NaN,
        "Operating Expense": NaN,
        "Research And Development": NaN,
        "Selling General And Administration": NaN,
        "Selling And Marketing Expense": NaN,
        "General And Administrative Expense": NaN,
        "Other Gand A": NaN,
        "Salaries And Wages": NaN,
        "Gross Profit": NaN,
        "Cost Of Revenue": NaN,
        "Total Revenue": NaN,
        "Operating Revenue": NaN
    },
    "2022-12-31": {
        "Tax Effect Of Unusual Items": NaN,
        "Tax Rate For Calcs": NaN,
        "Normalized EBITDA": NaN,
        "Total Unusual Items": NaN,
        "Total Unusual Items Excluding Goodwill": NaN,
        "Net Income From Continuing Operation Net Minority Interest": NaN,
        "Reconciled Cost Of Revenue": NaN,
        "EBITDA": NaN,
        "EBIT": NaN,
        "Net Interest Income": NaN,
        "Interest Income": NaN,
        "Normalized Income": NaN,
        "Net Income From Continuing And Discontinued Operation": NaN,
        "Total Expenses": NaN,
        "Total Operating Income As Reported": NaN,
        "Diluted Average Shares": NaN,
        "Basic Average Shares": NaN,
        "Diluted EPS": NaN,
        "Basic EPS": NaN,
        "Diluted NI Availto Com Stockholders": NaN,
        "Net Income Common Stockholders": NaN,
        "Net Income": NaN,
        "Minority Interests": NaN,
        "Net Income Including Noncontrolling Interests": NaN,
        "Net Income Continuous Operations": NaN,
        "Tax Provision": NaN,
        "Pretax Income": NaN,
        "Other Income Expense": NaN,
        "Other Non Operating Income Expenses": NaN,
        "Special Income Charges": 0.0,
        "Write Off": 0.0,
        "Earnings From Equity Interest": NaN,
        "Gain On Sale Of Security": NaN,
        "Net Non Operating Interest Income Expense": NaN,
        "Interest Income Non Operating": NaN,
        "Operating Income": NaN,
        "Operating Expense": NaN,
        "Research And Development": NaN,
        "Selling General And Administration": NaN,
        "Selling And Marketing Expense": NaN,
        "General And Administrative Expense": NaN,
        "Other Gand A": NaN,
        "Salaries And Wages": NaN,
        "Gross Profit": NaN,
        "Cost Of Revenue": NaN,
        "Total Revenue": NaN,
        "Operating Revenue": NaN
    },
    "2022-09-30": {
        "Tax Effect Of Unusual Items": NaN,
        "Tax Rate For Calcs": NaN,
        "Normalized EBITDA": NaN,
        "Total Unusual Items": NaN,
        "Total Unusual Items Excluding Goodwill": NaN,
        "Net Income From Continuing Operation Net Minority Interest": NaN,
        "Reconciled Cost Of Revenue": NaN,
        "EBITDA": NaN,
        "EBIT": NaN,
        "Net Interest Income": NaN,
        "Interest Income": NaN,
        "Normalized Income": NaN,
        "Net Income From Continuing And Discontinued Operation": NaN,
        "Total Expenses": NaN,
        "Total Operating Income As Reported": NaN,
        "Diluted Average Shares": NaN,
        "Basic Average Shares": NaN,
        "Diluted EPS": NaN,
        "Basic EPS": NaN,
        "Diluted NI Availto Com Stockholders": NaN,
        "Net Income Common Stockholders": NaN,
        "Net Income": NaN,
        "Minority Interests": NaN,
        "Net Income Including Noncontrolling Interests": NaN,
        "Net Income Continuous Operations": NaN,
        "Tax Provision": NaN,
        "Pretax Income": NaN,
        "Other Income Expense": NaN,
        "Other Non Operating Income Expenses": NaN,
        "Special Income Charges": -7945000.0,
        "Write Off": 7945000.0,
        "Earnings From Equity Interest": NaN,
        "Gain On Sale Of Security": NaN,
        "Net Non Operating Interest Income Expense": NaN,
        "Interest Income Non Operating": NaN,
        "Operating Income": NaN,
        "Operating Expense": NaN,
        "Research And Development": NaN,
        "Selling General And Administration": NaN,
        "Selling And Marketing Expense": NaN,
        "General And Administrative Expense": NaN,
        "Other Gand A": NaN,
        "Salaries And Wages": NaN,
        "Gross Profit": NaN,
        "Cost Of Revenue": NaN,
        "Total Revenue": NaN,
        "Operating Revenue": NaN
    },
    "2022-06-30": {
        "Tax Effect Of Unusual Items": 789.183223,
        "Tax Rate For Calcs": 0.001686,
        "Normalized EBITDA": -42491000.0,
        "Total Unusual Items": 468000.0,
        "Total Unusual Items Excluding Goodwill": 468000.0,
        "Net Income From Continuing Operation Net Minority Interest": -32296000.0,
        "Reconciled Cost Of Revenue": 104479000.0,
        "EBITDA": -42023000.0,
        "EBIT": -42023000.0,
        "Net Interest Income": 5347000.0,
        "Interest Income": 5347000.0,
        "Normalized Income": -32763210.816777,
        "Net Income From Continuing And Discontinued Operation": -32296000.0,
        "Total Expenses": 351102000.0,
        "Total Operating Income As Reported": -42023000.0,
        "Diluted Average Shares": 107521722.0,
        "Basic Average Shares": 107521722.0,
        "Diluted EPS": -0.3,
        "Basic EPS": -0.3,
        "Diluted NI Availto Com Stockholders": -32296000.0,
        "Net Income Common Stockholders": -32296000.0,
        "Net Income": -32296000.0,
        "Minority Interests": 265000.0,
        "Net Income Including Noncontrolling Interests": -32561000.0,
        "Net Income Continuous Operations": -32561000.0,
        "Tax Provision": -55000.0,
        "Pretax Income": -32616000.0,
        "Other Income Expense": 4060000.0,
        "Other Non Operating Income Expenses": 4425000.0,
        "Special Income Charges": NaN,
        "Write Off": NaN,
        "Impairment Of Capital Assets": NaN,
        "Earnings From Equity Interest": -833000.0,
        "Gain On Sale Of Security": 468000.0,
        "Net Non Operating Interest Income Expense": 5347000.0,
        "Interest Income Non Operating": 5347000.0,
        "Operating Income": -42023000.0,
        "Operating Expense": 246623000.0,
        "Research And Development": 63089000.0,
        "Selling General And Administration": 183534000.0,
        "Selling And Marketing Expense": 121740000.0,
        "General And Administrative Expense": 61794000.0,
        "Other Gand A": 61794000.0,
        "Salaries And Wages": NaN,
        "Gross Profit": 204600000.0,
        "Cost Of Revenue": 104479000.0,
        "Total Revenue": 309079000.0,
        "Operating Revenue": 309079000.0
    },
    "2023-06-30": {
        "Tax Effect Of Unusual Items": NaN,
        "Tax Rate For Calcs": NaN,
        "Normalized EBITDA": NaN,
        "Total Unusual Items": NaN,
        "Total Unusual Items Excluding Goodwill": NaN,
        "Net Income From Continuing Operation Net Minority Interest": NaN,
        "Reconciled Cost Of Revenue": NaN,
        "EBITDA": NaN,
        "EBIT": NaN,
        "Net Interest Income": NaN,
        "Interest Income": NaN,
        "Normalized Income": NaN,
        "Net Income From Continuing And Discontinued Operation": NaN,
        "Total Expenses": NaN,
        "Total Operating Income As Reported": NaN,
        "Diluted Average Shares": NaN,
        "Basic Average Shares": NaN,
        "Diluted EPS": NaN,
        "Basic EPS": NaN,
        "Diluted NI Availto Com Stockholders": NaN,
        "Net Income Common Stockholders": NaN,
        "Net Income": NaN,
        "Minority Interests": NaN,
        "Net Income Including Noncontrolling Interests": NaN,
        "Net Income Continuous Operations": NaN,
        "Tax Provision": NaN,
        "Pretax Income": NaN,
        "Other Income Expense": NaN,
        "Other Non Operating Income Expenses": NaN,
        "Special Income Charges": NaN,
        "Write Off": NaN,
        "Earnings From Equity Interest": NaN,
        "Gain On Sale Of Security": NaN,
        "Net Non Operating Interest Income Expense": NaN,
        "Interest Income Non Operating": NaN,
        "Operating Income": NaN,
        "Operating Expense": NaN,
        "Research And Development": NaN,
        "Selling General And Administration": NaN,
        "Selling And Marketing Expense": NaN,
        "General And Administrative Expense": NaN,
        "Other Gand A": NaN,
        "Salaries And Wages": 16369000.0,
        "Gross Profit": NaN,
        "Cost Of Revenue": NaN,
        "Total Revenue": NaN,
        "Operating Revenue": NaN
    },
    "2023-09-30": {
        "Tax Effect Of Unusual Items": NaN,
        "Tax Rate For Calcs": NaN,
        "Normalized EBITDA": NaN,
        "Total Unusual Items": NaN,
        "Total Unusual Items Excluding Goodwill": NaN,
        "Net Income From Continuing Operation Net Minority Interest": NaN,
        "Reconciled Cost Of Revenue": NaN,
        "EBITDA": NaN,
        "EBIT": NaN,
        "Net Interest Income": NaN,
        "Interest Income": NaN,
        "Normalized Income": NaN,
        "Net Income From Continuing And Discontinued Operation": NaN,
        "Total Expenses": NaN,
        "Total Operating Income As Reported": NaN,
        "Diluted Average Shares": NaN,
        "Basic Average Shares": NaN,
        "Diluted EPS": NaN,
        "Basic EPS": NaN,
        "Diluted NI Availto Com Stockholders": NaN,
        "Net Income Common Stockholders": NaN,
        "Net Income": NaN,
        "Minority Interests": NaN,
        "Net Income Including Noncontrolling Interests": NaN,
        "Net Income Continuous Operations": NaN,
        "Tax Provision": NaN,
        "Pretax Income": NaN,
        "Other Income Expense": NaN,
        "Other Non Operating Income Expenses": NaN,
        "Special Income Charges": 0.0,
        "Write Off": 0.0,
        "Impairment Of Capital Assets": NaN,
        "Earnings From Equity Interest": NaN,
        "Gain On Sale Of Security": NaN,
        "Net Non Operating Interest Income Expense": NaN,
        "Interest Income Non Operating": NaN,
        "Operating Income": NaN,
        "Operating Expense": NaN,
        "Research And Development": NaN,
        "Selling General And Administration": NaN,
        "Selling And Marketing Expense": NaN,
        "General And Administrative Expense": NaN,
        "Other Gand A": NaN,
        "Gross Profit": NaN,
        "Cost Of Revenue": NaN,
        "Total Revenue": NaN,
        "Operating Revenue": NaN
    },
    "2023-12-31": {
        "Tax Effect Of Unusual Items": NaN,
        "Tax Rate For Calcs": NaN,
        "Normalized EBITDA": NaN,
        "Total Unusual Items": NaN,
        "Total Unusual Items Excluding Goodwill": NaN,
        "Net Income From Continuing Operation Net Minority Interest": NaN,
        "Reconciled Cost Of Revenue": NaN,
        "EBITDA": NaN,
        "EBIT": NaN,
        "Net Interest Income": NaN,
        "Interest Income": NaN,
        "Normalized Income": NaN,
        "Net Income From Continuing And Discontinued Operation": NaN,
        "Total Expenses": NaN,
        "Total Operating Income As Reported": NaN,
        "Diluted Average Shares": NaN,
        "Basic Average Shares": NaN,
        "Diluted EPS": NaN,
        "Basic EPS": NaN,
        "Diluted NI Availto Com Stockholders": NaN,
        "Net Income Common Stockholders": NaN,
        "Net Income": NaN,
        "Minority Interests": NaN,
        "Net Income Including Noncontrolling Interests": NaN,
        "Net Income Continuous Operations": NaN,
        "Tax Provision": NaN,
        "Pretax Income": NaN,
        "Other Income Expense": NaN,
        "Other Non Operating Income Expenses": NaN,
        "Special Income Charges": -444000.0,
        "Write Off": 444000.0,
        "Impairment Of Capital Assets": NaN,
        "Earnings From Equity Interest": NaN,
        "Gain On Sale Of Security": NaN,
        "Net Non Operating Interest Income Expense": NaN,
        "Interest Income Non Operating": NaN,
        "Operating Income": NaN,
        "Operating Expense": NaN,
        "Research And Development": NaN,
        "Selling General And Administration": NaN,
        "Selling And Marketing Expense": NaN,
        "General And Administrative Expense": NaN,
        "Other Gand A": NaN,
        "Gross Profit": NaN,
        "Cost Of Revenue": NaN,
        "Total Revenue": NaN,
        "Operating Revenue": NaN
    },
    "2024-03-31": {
        "Tax Effect Of Unusual Items": NaN,
        "Tax Rate For Calcs": NaN,
        "Normalized EBITDA": NaN,
        "Total Unusual Items": NaN,
        "Total Unusual Items Excluding Goodwill": NaN,
        "Net Income From Continuing Operation Net Minority Interest": NaN,
        "Reconciled Cost Of Revenue": NaN,
        "EBITDA": NaN,
        "EBIT": NaN,
        "Net Interest Income": NaN,
        "Interest Income": NaN,
        "Normalized Income": NaN,
        "Net Income From Continuing And Discontinued Operation": NaN,
        "Total Expenses": NaN,
        "Total Operating Income As Reported": NaN,
        "Diluted Average Shares": NaN,
        "Basic Average Shares": NaN,
        "Diluted EPS": NaN,
        "Basic EPS": NaN,
        "Diluted NI Availto Com Stockholders": NaN,
        "Net Income Common Stockholders": NaN,
        "Net Income": NaN,
        "Minority Interests": NaN,
        "Net Income Including Noncontrolling Interests": NaN,
        "Net Income Continuous Operations": NaN,
        "Tax Provision": NaN,
        "Pretax Income": NaN,
        "Other Income Expense": NaN,
        "Other Non Operating Income Expenses": NaN,
        "Special Income Charges": 0.0,
        "Write Off": 0.0,
        "Impairment Of Capital Assets": 0.0,
        "Earnings From Equity Interest": NaN,
        "Gain On Sale Of Security": NaN,
        "Net Non Operating Interest Income Expense": NaN,
        "Interest Income Non Operating": NaN,
        "Operating Income": NaN,
        "Operating Expense": NaN,
        "Research And Development": NaN,
        "Selling General And Administration": NaN,
        "Selling And Marketing Expense": NaN,
        "General And Administrative Expense": NaN,
        "Other Gand A": NaN,
        "Gross Profit": NaN,
        "Cost Of Revenue": NaN,
        "Total Revenue": NaN,
        "Operating Revenue": NaN
    },
    "2024-06-30": {
        "Tax Effect Of Unusual Items": 201000.0,
        "Tax Rate For Calcs": 0.25,
        "Normalized EBITDA": 5920000.0,
        "Total Unusual Items": 804000.0,
        "Total Unusual Items Excluding Goodwill": 804000.0,
        "Net Income From Continuing Operation Net Minority Interest": 18941000.0,
        "Reconciled Cost Of Revenue": 155051000.0,
        "EBITDA": 6724000.0,
        "EBIT": 6724000.0,
        "Net Interest Income": 11718000.0,
        "Interest Income": 11718000.0,
        "Normalized Income": 18338000.0,
        "Net Income From Continuing And Discontinued Operation": 18941000.0,
        "Total Expenses": 400656000.0,
        "Total Operating Income As Reported": 6724000.0,
        "Diluted Average Shares": 103869236.0,
        "Basic Average Shares": 103463004.0,
        "Diluted EPS": 0.184615,
        "Basic EPS": 0.184615,
        "Diluted NI Availto Com Stockholders": 18941000.0,
        "Net Income Common Stockholders": 18941000.0,
        "Net Income": 18941000.0,
        "Minority Interests": -1182000.0,
        "Net Income Including Noncontrolling Interests": 20123000.0,
        "Net Income Continuous Operations": 20123000.0,
        "Tax Provision": -2571000.0,
        "Pretax Income": 17552000.0,
        "Other Income Expense": -890000.0,
        "Other Non Operating Income Expenses": 2039000.0,
        "Special Income Charges": NaN,
        "Write Off": NaN,
        "Impairment Of Capital Assets": NaN,
        "Earnings From Equity Interest": -3733000.0,
        "Gain On Sale Of Security": 804000.0,
        "Net Non Operating Interest Income Expense": 11718000.0,
        "Interest Income Non Operating": 11718000.0,
        "Operating Income": 6724000.0,
        "Operating Expense": 245605000.0,
        "Research And Development": 42498000.0,
        "Selling General And Administration": 203107000.0,
        "Selling And Marketing Expense": 132308000.0,
        "General And Administrative Expense": 70799000.0,
        "Other Gand A": 70799000.0,
        "Gross Profit": 252329000.0,
        "Cost Of Revenue": 155051000.0,
        "Total Revenue": 407380000.0,
        "Operating Revenue": 407380000.0
    },
    "2024-09-30": {
        "Tax Effect Of Unusual Items": 89127.070619,
        "Tax Rate For Calcs": 0.091412,
        "Normalized EBITDA": 3709000.0,
        "Total Unusual Items": 975000.0,
        "Total Unusual Items Excluding Goodwill": 975000.0,
        "Net Income From Continuing Operation Net Minority Interest": 20348000.0,
        "Reconciled Cost Of Revenue": 142168000.0,
        "EBITDA": 4684000.0,
        "EBIT": 4684000.0,
        "Net Interest Income": 14239000.0,
        "Interest Income": 14239000.0,
        "Normalized Income": 19462127.070619,
        "Net Income From Continuing And Discontinued Operation": 20348000.0,
        "Total Expenses": 367141000.0,
        "Total Operating Income As Reported": 4684000.0,
        "Diluted Average Shares": 103621073.0,
        "Basic Average Shares": 103341965.0,
        "Diluted EPS": 0.2,
        "Basic EPS": 0.2,
        "Diluted NI Availto Com Stockholders": 20348000.0,
        "Net Income Common Stockholders": 20348000.0,
        "Net Income": 20348000.0,
        "Minority Interests": -495000.0,
        "Net Income Including Noncontrolling Interests": 20843000.0,
        "Net Income Continuous Operations": 20843000.0,
        "Tax Provision": 2097000.0,
        "Pretax Income": 22940000.0,
        "Other Income Expense": 4017000.0,
        "Other Non Operating Income Expenses": 6915000.0,
        "Special Income Charges": NaN,
        "Write Off": NaN,
        "Impairment Of Capital Assets": NaN,
        "Earnings From Equity Interest": -3873000.0,
        "Gain On Sale Of Security": 975000.0,
        "Net Non Operating Interest Income Expense": 14239000.0,
        "Interest Income Non Operating": 14239000.0,
        "Operating Income": 4684000.0,
        "Operating Expense": 224973000.0,
        "Research And Development": 40188000.0,
        "Selling General And Administration": 184785000.0,
        "Selling And Marketing Expense": 114884000.0,
        "General And Administrative Expense": 69901000.0,
        "Other Gand A": 69901000.0,
        "Gross Profit": 229657000.0,
        "Cost Of Revenue": 142168000.0,
        "Total Revenue": 371825000.0,
        "Operating Revenue": 371825000.0
    },
    "2024-12-31": {
        "Tax Effect Of Unusual Items": -135124750.0,
        "Tax Rate For Calcs": 0.25,
        "Normalized EBITDA": 481441000.0,
        "Total Unusual Items": -540499000.0,
        "Total Unusual Items Excluding Goodwill": -540499000.0,
        "Net Income From Continuing Operation Net Minority Interest": -607576000.0,
        "Reconciled Cost Of Revenue": 153051000.0,
        "EBITDA": -59058000.0,
        "EBIT": -59058000.0,
        "Net Interest Income": 8237000.0,
        "Interest Income": 8237000.0,
        "Normalized Income": -202201750.0,
        "Net Income From Continuing And Discontinued Operation": -607576000.0,
        "Total Expenses": 428269000.0,
        "Total Operating Income As Reported": -599067000.0,
        "Diluted Average Shares": 102577302.0,
        "Basic Average Shares": 102577302.0,
        "Diluted EPS": -5.923077,
        "Basic EPS": -5.923077,
        "Diluted NI Availto Com Stockholders": -607576000.0,
        "Net Income Common Stockholders": -607576000.0,
        "Net Income": -607576000.0,
        "Minority Interests": 386000.0,
        "Net Income Including Noncontrolling Interests": -607962000.0,
        "Net Income Continuous Operations": -607962000.0,
        "Tax Provision": 2126000.0,
        "Pretax Income": -605836000.0,
        "Other Income Expense": -555015000.0,
        "Other Non Operating Income Expenses": -11103000.0,
        "Special Income Charges": NaN,
        "Write Off": NaN,
        "Impairment Of Capital Assets": NaN,
        "Earnings From Equity Interest": -3413000.0,
        "Gain On Sale Of Security": 6860000.0,
        "Net Non Operating Interest Income Expense": 8237000.0,
        "Interest Income Non Operating": 8237000.0,
        "Operating Income": -59058000.0,
        "Operating Expense": 275218000.0,
        "Research And Development": 42753000.0,
        "Selling General And Administration": 232465000.0,
        "Selling And Marketing Expense": 134045000.0,
        "General And Administrative Expense": 98420000.0,
        "Other Gand A": 98420000.0,
        "Gross Profit": 216160000.0,
        "Cost Of Revenue": 153051000.0,
        "Total Revenue": 369211000.0,
        "Operating Revenue": 369211000.0
    },
    "2025-03-31": {
        "Tax Effect Of Unusual Items": -35095.088759,
        "Tax Rate For Calcs": 0.046178,
        "Normalized EBITDA": -42654000.0,
        "Total Unusual Items": -760000.0,
        "Total Unusual Items Excluding Goodwill": -760000.0,
        "Net Income From Continuing Operation Net Minority Interest": -33138000.0,
        "Reconciled Cost Of Revenue": 151415000.0,
        "EBITDA": -43414000.0,
        "EBIT": -43414000.0,
        "Net Interest Income": 7025000.0,
        "Interest Income": 7025000.0,
        "Normalized Income": -32413095.088759,
        "Net Income From Continuing And Discontinued Operation": -33138000.0,
        "Total Expenses": 340684000.0,
        "Total Operating Income As Reported": -43414000.0,
        "Diluted Average Shares": 102131725.0,
        "Basic Average Shares": 102131725.0,
        "Diluted EPS": -0.323077,
        "Basic EPS": -0.323077,
        "Diluted NI Availto Com Stockholders": -33138000.0,
        "Net Income Common Stockholders": -33138000.0,
        "Net Income": -33138000.0,
        "Minority Interests": 14000.0,
        "Net Income Including Noncontrolling Interests": -33152000.0,
        "Net Income Continuous Operations": -33152000.0,
        "Tax Provision": -1605000.0,
        "Pretax Income": -34757000.0,
        "Other Income Expense": 1632000.0,
        "Other Non Operating Income Expenses": 4834000.0,
        "Special Income Charges": 0.0,
        "Write Off": 0.0,
        "Impairment Of Capital Assets": 0.0,
        "Earnings From Equity Interest": -2442000.0,
        "Gain On Sale Of Security": -760000.0,
        "Net Non Operating Interest Income Expense": 7025000.0,
        "Interest Income Non Operating": 7025000.0,
        "Operating Income": -43414000.0,
        "Operating Expense": 189269000.0,
        "Research And Development": 32109000.0,
        "Selling General And Administration": 157160000.0,
        "Selling And Marketing Expense": 103417000.0,
        "General And Administrative Expense": 53743000.0,
        "Other Gand A": 53743000.0,
        "Gross Profit": 145855000.0,
        "Cost Of Revenue": 151415000.0,
        "Total Revenue": 297270000.0,
        "Operating Revenue": 297270000.0
    },
    "2025-06-30": {
        "Tax Effect Of Unusual Items": 396250.0,
        "Tax Rate For Calcs": 0.25,
        "Normalized EBITDA": -48691000.0,
        "Total Unusual Items": 1585000.0,
        "Total Unusual Items Excluding Goodwill": 1585000.0,
        "Net Income From Continuing Operation Net Minority Interest": -36039000.0,
        "Reconciled Cost Of Revenue": 184558000.0,
        "EBITDA": -47106000.0,
        "EBIT": -47106000.0,
        "Net Interest Income": 7948000.0,
        "Interest Income": 7948000.0,
        "Normalized Income": -37227750.0,
        "Net Income From Continuing And Discontinued Operation": -36039000.0,
        "Total Expenses": 425854000.0,
        "Total Operating Income As Reported": -47106000.0,
        "Diluted Average Shares": 101174325.0,
        "Basic Average Shares": 101174325.0,
        "Diluted EPS": -0.353846,
        "Basic EPS": -0.353846,
        "Diluted NI Availto Com Stockholders": -36039000.0,
        "Net Income Common Stockholders": -36039000.0,
        "Net Income": -36039000.0,
        "Minority Interests": -1240000.0,
        "Net Income Including Noncontrolling Interests": -34799000.0,
        "Net Income Continuous Operations": -34799000.0,
        "Tax Provision": 1877000.0,
        "Pretax Income": -32922000.0,
        "Other Income Expense": 6236000.0,
        "Other Non Operating Income Expenses": 5663000.0,
        "Special Income Charges": NaN,
        "Write Off": NaN,
        "Impairment Of Capital Assets": NaN,
        "Earnings From Equity Interest": -1012000.0,
        "Gain On Sale Of Security": 1585000.0,
        "Net Non Operating Interest Income Expense": 7948000.0,
        "Interest Income Non Operating": 7948000.0,
        "Operating Income": -47106000.0,
        "Operating Expense": 241296000.0,
        "Research And Development": 31177000.0,
        "Selling General And Administration": 210119000.0,
        "Selling And Marketing Expense": 131333000.0,
        "General And Administrative Expense": 78786000.0,
        "Other Gand A": 78786000.0,
        "Gross Profit": 194190000.0,
        "Cost Of Revenue": 184558000.0,
        "Total Revenue": 378748000.0,
        "Operating Revenue": 378748000.0
    },
    "2025-09-30": {
        "Tax Effect Of Unusual Items": 789750.0,
        "Tax Rate For Calcs": 0.25,
        "Normalized EBITDA": -75873000.0,
        "Total Unusual Items": 3159000.0,
        "Total Unusual Items Excluding Goodwill": 3159000.0,
        "Net Income From Continuing Operation Net Minority Interest": -64275000.0,
        "Reconciled Cost Of Revenue": 203802000.0,
        "EBITDA": -72714000.0,
        "EBIT": -72714000.0,
        "Net Interest Income": 5130000.0,
        "Interest Income": 5130000.0,
        "Normalized Income": -66644250.0,
        "Net Income From Continuing And Discontinued Operation": -64275000.0,
        "Total Expenses": 459384000.0,
        "Total Operating Income As Reported": -72714000.0,
        "Diluted Average Shares": 100713981.0,
        "Basic Average Shares": 100713981.0,
        "Diluted EPS": -0.638462,
        "Basic EPS": -0.638462,
        "Diluted NI Availto Com Stockholders": -64275000.0,
        "Net Income Common Stockholders": -64275000.0,
        "Net Income": -64275000.0,
        "Minority Interests": 564000.0,
        "Net Income Including Noncontrolling Interests": -64839000.0,
        "Net Income Continuous Operations": -64839000.0,
        "Tax Provision": 1143000.0,
        "Pretax Income": -63696000.0,
        "Other Income Expense": 3888000.0,
        "Other Non Operating Income Expenses": 735000.0,
        "Special Income Charges": NaN,
        "Write Off": NaN,
        "Impairment Of Capital Assets": NaN,
        "Earnings From Equity Interest": -6000.0,
        "Gain On Sale Of Security": 3159000.0,
        "Net Non Operating Interest Income Expense": 5130000.0,
        "Interest Income Non Operating": 5130000.0,
        "Operating Income": -72714000.0,
        "Operating Expense": 255582000.0,
        "Research And Development": 36318000.0,
        "Selling General And Administration": 219264000.0,
        "Selling And Marketing Expense": 130704000.0,
        "General And Administrative Expense": 88560000.0,
        "Other Gand A": 88560000.0,
        "Gross Profit": 182868000.0,
        "Cost Of Revenue": 203802000.0,
        "Total Revenue": 386670000.0,
        "Operating Revenue": 386670000.0
    }
}