{
    "2023-03-31": {
        "Tax Effect Of Unusual Items": NaN,
        "Tax Rate For Calcs": NaN,
        "Normalized EBITDA": NaN,
        "Total Unusual Items": 0.0,
        "Total Unusual Items Excluding Goodwill": 0.0,
        "Net Income From Continuing Operation Net Minority Interest": NaN,
        "Reconciled Depreciation": NaN,
        "EBITDA": NaN,
        "EBIT": NaN,
        "Net Interest Income": NaN,
        "Interest Expense": NaN,
        "Interest Income": NaN,
        "Normalized Income": NaN,
        "Net Income From Continuing And Discontinued Operation": NaN,
        "Total Expenses": NaN,
        "Total Operating Income As Reported": NaN,
        "Diluted Average Shares": 4604682.0,
        "Basic Average Shares": 4604682.0,
        "Diluted EPS": -3.39,
        "Basic EPS": -3.39,
        "Diluted NI Availto Com Stockholders": NaN,
        "Net Income Common Stockholders": NaN,
        "Net Income": NaN,
        "Net Income Including Noncontrolling Interests": NaN,
        "Net Income Continuous Operations": NaN,
        "Tax Provision": NaN,
        "Pretax Income": NaN,
        "Other Income Expense": NaN,
        "Other Non Operating Income Expenses": -6000.0,
        "Special Income Charges": 0.0,
        "Restructuring And Mergern Acquisition": 0.0,
        "Gain On Sale Of Security": NaN,
        "Net Non Operating Interest Income Expense": NaN,
        "Interest Expense Non Operating": NaN,
        "Interest Income Non Operating": NaN,
        "Operating Income": NaN,
        "Operating Expense": NaN,
        "Research And Development": NaN,
        "Selling General And Administration": NaN,
        "General And Administrative Expense": NaN,
        "Other Gand A": NaN,
        "Total Revenue": NaN,
        "Operating Revenue": NaN
    },
    "2022-12-31": {
        "Tax Effect Of Unusual Items": 0.0,
        "Tax Rate For Calcs": 0.0,
        "Normalized EBITDA": -16084000.0,
        "Net Income From Continuing Operation Net Minority Interest": -16696000.0,
        "Reconciled Depreciation": 613000.0,
        "EBITDA": -16084000.0,
        "EBIT": -16697000.0,
        "Net Interest Income": 610000.0,
        "Interest Expense": -1000.0,
        "Interest Income": 609000.0,
        "Normalized Income": -16696000.0,
        "Net Income From Continuing And Discontinued Operation": -16696000.0,
        "Total Expenses": 17409000.0,
        "Total Operating Income As Reported": -17303000.0,
        "Diluted Average Shares": NaN,
        "Basic Average Shares": NaN,
        "Diluted EPS": NaN,
        "Basic EPS": NaN,
        "Diluted NI Availto Com Stockholders": -16696000.0,
        "Net Income Common Stockholders": -16696000.0,
        "Net Income": -16696000.0,
        "Net Income Including Noncontrolling Interests": -16696000.0,
        "Net Income Continuous Operations": -16696000.0,
        "Tax Provision": NaN,
        "Pretax Income": -16696000.0,
        "Other Income Expense": -3000.0,
        "Other Non Operating Income Expenses": -3000.0,
        "Net Non Operating Interest Income Expense": 610000.0,
        "Interest Expense Non Operating": -1000.0,
        "Interest Income Non Operating": 609000.0,
        "Operating Income": -17303000.0,
        "Operating Expense": 17409000.0,
        "Research And Development": 13639000.0,
        "Selling General And Administration": 3770000.0,
        "General And Administrative Expense": 3770000.0,
        "Other Gand A": 3770000.0,
        "Total Revenue": 106000.0,
        "Operating Revenue": 106000.0
    },
    "2022-09-30": {
        "Tax Effect Of Unusual Items": NaN,
        "Tax Rate For Calcs": NaN,
        "Normalized EBITDA": NaN,
        "Total Unusual Items": NaN,
        "Total Unusual Items Excluding Goodwill": NaN,
        "Net Income From Continuing Operation Net Minority Interest": NaN,
        "Reconciled Depreciation": NaN,
        "EBITDA": NaN,
        "EBIT": NaN,
        "Net Interest Income": NaN,
        "Interest Expense": NaN,
        "Interest Income": NaN,
        "Normalized Income": NaN,
        "Net Income From Continuing And Discontinued Operation": NaN,
        "Total Expenses": NaN,
        "Total Operating Income As Reported": NaN,
        "Diluted Average Shares": 4807207.0,
        "Basic Average Shares": 4807207.0,
        "Diluted EPS": -3.73,
        "Basic EPS": -3.73,
        "Diluted NI Availto Com Stockholders": NaN,
        "Net Income Common Stockholders": NaN,
        "Net Income": NaN,
        "Net Income Including Noncontrolling Interests": NaN,
        "Net Income Continuous Operations": NaN,
        "Tax Provision": 0.0,
        "Pretax Income": NaN,
        "Other Income Expense": NaN,
        "Other Non Operating Income Expenses": NaN,
        "Special Income Charges": NaN,
        "Restructuring And Mergern Acquisition": NaN,
        "Gain On Sale Of Security": NaN,
        "Net Non Operating Interest Income Expense": NaN,
        "Interest Expense Non Operating": NaN,
        "Interest Income Non Operating": NaN,
        "Operating Income": NaN,
        "Operating Expense": NaN,
        "Research And Development": NaN,
        "Selling General And Administration": NaN,
        "General And Administrative Expense": NaN,
        "Other Gand A": NaN,
        "Total Revenue": NaN,
        "Operating Revenue": NaN
    },
    "2022-06-30": {
        "Tax Effect Of Unusual Items": 0.0,
        "Tax Rate For Calcs": 0.0,
        "Normalized EBITDA": -15185000.0,
        "Net Income From Continuing Operation Net Minority Interest": -15842000.0,
        "Reconciled Depreciation": 656000.0,
        "EBITDA": -15185000.0,
        "EBIT": -15841000.0,
        "Net Interest Income": 168000.0,
        "Interest Expense": 1000.0,
        "Interest Income": 169000.0,
        "Normalized Income": -15842000.0,
        "Net Income From Continuing And Discontinued Operation": -15842000.0,
        "Total Expenses": 16169000.0,
        "Total Operating Income As Reported": -16017000.0,
        "Diluted Average Shares": 72106224.0,
        "Basic Average Shares": 72106224.0,
        "Diluted EPS": -0.22,
        "Basic EPS": -0.22,
        "Diluted NI Availto Com Stockholders": -15842000.0,
        "Net Income Common Stockholders": -15842000.0,
        "Net Income": -15842000.0,
        "Net Income Including Noncontrolling Interests": -15842000.0,
        "Net Income Continuous Operations": -15842000.0,
        "Tax Provision": NaN,
        "Pretax Income": -15842000.0,
        "Other Income Expense": 7000.0,
        "Other Non Operating Income Expenses": 7000.0,
        "Net Non Operating Interest Income Expense": 168000.0,
        "Interest Expense Non Operating": 1000.0,
        "Interest Income Non Operating": 169000.0,
        "Operating Income": -16017000.0,
        "Operating Expense": 16169000.0,
        "Research And Development": 12057000.0,
        "Selling General And Administration": 4112000.0,
        "General And Administrative Expense": 4112000.0,
        "Other Gand A": 4112000.0,
        "Total Revenue": 152000.0,
        "Operating Revenue": 152000.0
    },
    "2022-03-31": {
        "Diluted EPS": -0.22,
        "Total Revenue": 0,
        "Gross Profit": 0,
        "Operating Income": -16,
        "EBIT": -15,
        "Net Income": -16
    },
    "2021-12-31": {
        "Diluted EPS": -0.16,
        "Total Revenue": 1,
        "Gross Profit": 1,
        "Operating Income": -15,
        "EBIT": -15,
        "Net Income": -15
    },
    "2021-09-30": {
        "Diluted EPS": -0.29,
        "Total Revenue": 1,
        "Gross Profit": 1,
        "Operating Income": -16,
        "EBIT": -15,
        "Net Income": -16
    },
    "2021-06-30": {
        "Diluted EPS": -0.28,
        "Total Revenue": 0,
        "Gross Profit": 0,
        "Operating Income": -15,
        "EBIT": -14,
        "Net Income": -14
    },
    "2021-03-31": {
        "Diluted EPS": -0.36,
        "Total Revenue": NaN,
        "Gross Profit": NaN,
        "Operating Income": -15,
        "EBIT": -14,
        "Net Income": -15
    },
    "2020-12-31": {
        "Diluted EPS": -0.39,
        "Total Revenue": 0,
        "Gross Profit": 0,
        "Operating Income": -15,
        "EBIT": -14,
        "Net Income": -15
    },
    "2020-09-30": {
        "Diluted EPS": -0.36,
        "Total Revenue": NaN,
        "Gross Profit": NaN,
        "Operating Income": -13,
        "EBIT": -13,
        "Net Income": -13
    },
    "2020-06-30": {
        "Diluted EPS": -0.44,
        "Total Revenue": 0,
        "Gross Profit": 0,
        "Operating Income": -16,
        "EBIT": -15,
        "Net Income": -16
    },
    "2020-03-31": {
        "Diluted EPS": -0.46,
        "Total Revenue": 0,
        "Gross Profit": 0,
        "Operating Income": -16,
        "EBIT": -16,
        "Net Income": -16
    },
    "2019-12-31": {
        "Diluted EPS": -0.35,
        "Total Revenue": 1,
        "Gross Profit": 1,
        "Operating Income": -13,
        "EBIT": -13,
        "Net Income": -13
    },
    "2019-09-30": {
        "Diluted EPS": -0.39,
        "Total Revenue": 0,
        "Gross Profit": 0,
        "Operating Income": -14,
        "EBIT": -14,
        "Net Income": -13
    },
    "2019-06-30": {
        "Diluted EPS": -0.45,
        "Total Revenue": 0,
        "Gross Profit": 0,
        "Operating Income": -13,
        "EBIT": -13,
        "Net Income": -12
    },
    "2019-03-31": {
        "Diluted EPS": -0.51,
        "Total Revenue": 0,
        "Gross Profit": 0,
        "Operating Income": -14,
        "EBIT": -13,
        "Net Income": -13
    },
    "2018-12-31": {
        "Diluted EPS": -0.46,
        "Total Revenue": 0,
        "Gross Profit": 0,
        "Operating Income": -13,
        "EBIT": -13,
        "Net Income": -12
    },
    "2018-09-30": {
        "Diluted EPS": -0.43,
        "Total Revenue": 2,
        "Gross Profit": 2,
        "Operating Income": -12,
        "EBIT": -11,
        "Net Income": -11
    },
    "2018-06-30": {
        "Diluted EPS": -0.59,
        "Total Revenue": 0,
        "Gross Profit": 0,
        "Operating Income": -15,
        "EBIT": -15,
        "Net Income": -15
    },
    "2018-03-31": {
        "Diluted EPS": -0.55,
        "Total Revenue": 0,
        "Gross Profit": 0,
        "Operating Income": -12,
        "EBIT": -11,
        "Net Income": -11
    },
    "2017-12-31": {
        "Diluted EPS": 4.85,
        "Total Revenue": 0,
        "Gross Profit": 0,
        "Operating Income": -12,
        "EBIT": -11,
        "Net Income": -12
    },
    "2017-09-30": {
        "Diluted EPS": -1.66,
        "Total Revenue": 0,
        "Gross Profit": 0,
        "Operating Income": -12,
        "EBIT": -11,
        "Net Income": -12
    },
    "2017-06-30": {
        "Diluted EPS": -4.7,
        "Total Revenue": 2,
        "Gross Profit": 2,
        "Operating Income": -9,
        "EBIT": -9,
        "Net Income": -9
    },
    "2017-03-31": {
        "Diluted EPS": -4.49,
        "Total Revenue": 0,
        "Gross Profit": 0,
        "Operating Income": -7,
        "EBIT": -7,
        "Net Income": -7
    },
    "2016-12-31": {
        "Diluted EPS": -5.84,
        "Total Revenue": 0,
        "Gross Profit": 0,
        "Operating Income": -3,
        "EBIT": -3,
        "Net Income": -3
    },
    "2016-09-30": {
        "Diluted EPS": -3.33,
        "Total Revenue": 0,
        "Gross Profit": 0,
        "Operating Income": -5,
        "EBIT": -5,
        "Net Income": -5
    },
    "2016-06-30": {
        "Diluted EPS": -1.89,
        "Total Revenue": NaN,
        "Gross Profit": NaN,
        "Operating Income": -6,
        "EBIT": -6,
        "Net Income": -6
    },
    "2016-03-31": {
        "Diluted EPS": -2.24,
        "Total Revenue": NaN,
        "Gross Profit": NaN,
        "Operating Income": -7,
        "EBIT": -7,
        "Net Income": -7
    },
    "2015-12-31": {
        "Diluted EPS": NaN,
        "Total Revenue": NaN,
        "Gross Profit": NaN,
        "Operating Income": -9,
        "EBIT": -9,
        "Net Income": -9
    },
    "2015-09-30": {
        "Diluted EPS": -574.95,
        "Total Revenue": NaN,
        "Gross Profit": NaN,
        "Operating Income": -6,
        "EBIT": -6,
        "Net Income": -8
    },
    "2015-06-30": {
        "Diluted EPS": -551.92,
        "Total Revenue": NaN,
        "Gross Profit": NaN,
        "Operating Income": -6,
        "EBIT": -6,
        "Net Income": -7
    },
    "2015-03-31": {
        "Diluted EPS": -426.8,
        "Total Revenue": NaN,
        "Gross Profit": NaN,
        "Operating Income": -4,
        "EBIT": -4,
        "Net Income": -5
    },
    "2014-12-31": {
        "Diluted EPS": 0.0,
        "Total Revenue": NaN,
        "Gross Profit": NaN,
        "Operating Income": NaN,
        "EBIT": NaN,
        "Net Income": NaN
    },
    "2014-09-30": {
        "Diluted EPS": -515.96,
        "Total Revenue": NaN,
        "Gross Profit": NaN,
        "Operating Income": -5,
        "EBIT": -5,
        "Net Income": -6
    },
    "2014-06-30": {
        "Diluted EPS": 0.0,
        "Total Revenue": NaN,
        "Gross Profit": NaN,
        "Operating Income": NaN,
        "EBIT": NaN,
        "Net Income": NaN
    },
    "2013-12-31": {
        "Diluted EPS": 0.0,
        "Total Revenue": NaN,
        "Gross Profit": NaN,
        "Operating Income": NaN,
        "EBIT": NaN,
        "Net Income": NaN
    },
    "2012-12-31": {
        "Diluted EPS": 0.0,
        "Total Revenue": NaN,
        "Gross Profit": NaN,
        "Operating Income": NaN,
        "EBIT": NaN,
        "Net Income": NaN
    },
    "2023-06-30": {
        "Tax Effect Of Unusual Items": NaN,
        "Tax Rate For Calcs": NaN,
        "Normalized EBITDA": NaN,
        "Total Unusual Items": NaN,
        "Total Unusual Items Excluding Goodwill": NaN,
        "Net Income From Continuing Operation Net Minority Interest": NaN,
        "Reconciled Depreciation": NaN,
        "EBITDA": NaN,
        "EBIT": NaN,
        "Net Interest Income": NaN,
        "Interest Expense": NaN,
        "Interest Income": NaN,
        "Normalized Income": NaN,
        "Net Income From Continuing And Discontinued Operation": NaN,
        "Total Expenses": NaN,
        "Total Operating Income As Reported": NaN,
        "Diluted Average Shares": 4681287.0,
        "Basic Average Shares": 4681287.0,
        "Diluted EPS": -3.21,
        "Basic EPS": -3.21,
        "Diluted NI Availto Com Stockholders": NaN,
        "Net Income Common Stockholders": NaN,
        "Net Income": NaN,
        "Net Income Including Noncontrolling Interests": NaN,
        "Net Income Continuous Operations": NaN,
        "Tax Provision": NaN,
        "Pretax Income": NaN,
        "Other Income Expense": NaN,
        "Other Non Operating Income Expenses": NaN,
        "Special Income Charges": NaN,
        "Restructuring And Mergern Acquisition": NaN,
        "Gain On Sale Of Security": NaN,
        "Net Non Operating Interest Income Expense": NaN,
        "Interest Expense Non Operating": NaN,
        "Interest Income Non Operating": NaN,
        "Operating Income": NaN,
        "Operating Expense": NaN,
        "Research And Development": NaN,
        "Selling General And Administration": NaN,
        "General And Administrative Expense": NaN,
        "Other Gand A": NaN,
        "Total Revenue": NaN,
        "Operating Revenue": NaN
    },
    "2023-09-30": {
        "Tax Effect Of Unusual Items": NaN,
        "Tax Rate For Calcs": NaN,
        "Normalized EBITDA": NaN,
        "Total Unusual Items": NaN,
        "Total Unusual Items Excluding Goodwill": NaN,
        "Net Income From Continuing Operation Net Minority Interest": NaN,
        "Reconciled Depreciation": NaN,
        "EBITDA": NaN,
        "EBIT": NaN,
        "Net Interest Income": NaN,
        "Interest Expense": NaN,
        "Interest Income": NaN,
        "Normalized Income": NaN,
        "Net Income From Continuing And Discontinued Operation": NaN,
        "Total Expenses": NaN,
        "Total Operating Income As Reported": NaN,
        "Diluted Average Shares": 4699847.0,
        "Basic Average Shares": 4699847.0,
        "Diluted EPS": -2.57,
        "Basic EPS": -2.57,
        "Diluted NI Availto Com Stockholders": NaN,
        "Net Income Common Stockholders": NaN,
        "Net Income": NaN,
        "Net Income Including Noncontrolling Interests": NaN,
        "Net Income Continuous Operations": NaN,
        "Tax Provision": 3000.0,
        "Pretax Income": NaN,
        "Other Income Expense": NaN,
        "Other Non Operating Income Expenses": -1000.0,
        "Special Income Charges": NaN,
        "Restructuring And Mergern Acquisition": NaN,
        "Gain On Sale Of Security": NaN,
        "Net Non Operating Interest Income Expense": NaN,
        "Interest Expense Non Operating": NaN,
        "Interest Income Non Operating": NaN,
        "Operating Income": NaN,
        "Operating Expense": NaN,
        "Research And Development": NaN,
        "Selling General And Administration": NaN,
        "General And Administrative Expense": NaN,
        "Other Gand A": NaN,
        "Salaries And Wages": NaN,
        "Total Revenue": NaN,
        "Operating Revenue": NaN
    },
    "2023-12-31": {
        "Tax Effect Of Unusual Items": NaN,
        "Tax Rate For Calcs": NaN,
        "Normalized EBITDA": NaN,
        "Total Unusual Items": NaN,
        "Total Unusual Items Excluding Goodwill": NaN,
        "Net Income From Continuing Operation Net Minority Interest": NaN,
        "Reconciled Depreciation": NaN,
        "EBITDA": NaN,
        "EBIT": NaN,
        "Net Interest Income": NaN,
        "Interest Expense": 0.0,
        "Interest Income": NaN,
        "Normalized Income": NaN,
        "Net Income From Continuing And Discontinued Operation": NaN,
        "Total Expenses": NaN,
        "Total Operating Income As Reported": NaN,
        "Diluted Average Shares": NaN,
        "Basic Average Shares": NaN,
        "Diluted EPS": NaN,
        "Basic EPS": NaN,
        "Diluted NI Availto Com Stockholders": NaN,
        "Net Income Common Stockholders": NaN,
        "Net Income": NaN,
        "Net Income Including Noncontrolling Interests": NaN,
        "Net Income Continuous Operations": NaN,
        "Tax Provision": 2000.0,
        "Pretax Income": NaN,
        "Other Income Expense": NaN,
        "Other Non Operating Income Expenses": -508000.0,
        "Special Income Charges": NaN,
        "Restructuring And Mergern Acquisition": NaN,
        "Gain On Sale Of Security": NaN,
        "Net Non Operating Interest Income Expense": NaN,
        "Interest Expense Non Operating": 0.0,
        "Interest Income Non Operating": NaN,
        "Operating Income": NaN,
        "Operating Expense": NaN,
        "Research And Development": NaN,
        "Selling General And Administration": NaN,
        "General And Administrative Expense": NaN,
        "Other Gand A": NaN,
        "Salaries And Wages": NaN,
        "Total Revenue": NaN,
        "Operating Revenue": NaN
    },
    "2024-03-31": {
        "Tax Effect Of Unusual Items": NaN,
        "Tax Rate For Calcs": NaN,
        "Normalized EBITDA": NaN,
        "Total Unusual Items": NaN,
        "Total Unusual Items Excluding Goodwill": NaN,
        "Net Income From Continuing Operation Net Minority Interest": NaN,
        "Reconciled Depreciation": NaN,
        "EBITDA": NaN,
        "EBIT": NaN,
        "Net Interest Income": NaN,
        "Interest Expense": 0.0,
        "Interest Income": NaN,
        "Normalized Income": NaN,
        "Net Income From Continuing And Discontinued Operation": NaN,
        "Total Expenses": NaN,
        "Total Operating Income As Reported": NaN,
        "Diluted Average Shares": NaN,
        "Basic Average Shares": NaN,
        "Diluted EPS": NaN,
        "Basic EPS": NaN,
        "Diluted NI Availto Com Stockholders": NaN,
        "Net Income Common Stockholders": NaN,
        "Net Income": NaN,
        "Net Income Including Noncontrolling Interests": NaN,
        "Net Income Continuous Operations": NaN,
        "Tax Provision": NaN,
        "Pretax Income": NaN,
        "Other Income Expense": NaN,
        "Other Non Operating Income Expenses": -2000.0,
        "Special Income Charges": NaN,
        "Restructuring And Mergern Acquisition": NaN,
        "Gain On Sale Of Security": NaN,
        "Net Non Operating Interest Income Expense": NaN,
        "Interest Expense Non Operating": 0.0,
        "Interest Income Non Operating": NaN,
        "Operating Income": NaN,
        "Operating Expense": NaN,
        "Research And Development": NaN,
        "Selling General And Administration": NaN,
        "General And Administrative Expense": NaN,
        "Other Gand A": NaN,
        "Salaries And Wages": NaN,
        "Total Revenue": NaN,
        "Operating Revenue": NaN
    },
    "2024-06-30": {
        "Tax Effect Of Unusual Items": NaN,
        "Tax Rate For Calcs": NaN,
        "Normalized EBITDA": NaN,
        "Total Unusual Items": NaN,
        "Total Unusual Items Excluding Goodwill": NaN,
        "Net Income From Continuing Operation Net Minority Interest": NaN,
        "Reconciled Depreciation": NaN,
        "EBITDA": NaN,
        "EBIT": NaN,
        "Net Interest Income": NaN,
        "Interest Expense": 0.0,
        "Interest Income": NaN,
        "Normalized Income": NaN,
        "Net Income From Continuing And Discontinued Operation": NaN,
        "Total Expenses": NaN,
        "Total Operating Income As Reported": NaN,
        "Diluted Average Shares": 12399068.0,
        "Basic Average Shares": 12203956.0,
        "Diluted EPS": 0.25,
        "Basic EPS": 0.25,
        "Diluted NI Availto Com Stockholders": NaN,
        "Net Income Common Stockholders": NaN,
        "Net Income": NaN,
        "Net Income Including Noncontrolling Interests": NaN,
        "Net Income Continuous Operations": NaN,
        "Tax Provision": 5000.0,
        "Pretax Income": NaN,
        "Other Income Expense": NaN,
        "Other Non Operating Income Expenses": NaN,
        "Special Income Charges": NaN,
        "Restructuring And Mergern Acquisition": NaN,
        "Gain On Sale Of Security": NaN,
        "Net Non Operating Interest Income Expense": NaN,
        "Interest Expense Non Operating": 0.0,
        "Interest Income Non Operating": NaN,
        "Operating Income": NaN,
        "Operating Expense": NaN,
        "Research And Development": NaN,
        "Selling General And Administration": NaN,
        "General And Administrative Expense": NaN,
        "Other Gand A": NaN,
        "Salaries And Wages": 264000.0,
        "Total Revenue": NaN,
        "Operating Revenue": NaN
    },
    "2024-09-30": {
        "Tax Effect Of Unusual Items": 0.0,
        "Tax Rate For Calcs": 0.0,
        "Normalized EBITDA": -532000.0,
        "Total Unusual Items": 80000.0,
        "Total Unusual Items Excluding Goodwill": 80000.0,
        "Net Income From Continuing Operation Net Minority Interest": -117000.0,
        "Reconciled Depreciation": 0.0,
        "EBITDA": -452000.0,
        "EBIT": -452000.0,
        "Net Interest Income": 254000.0,
        "Interest Expense": 0.0,
        "Interest Income": 254000.0,
        "Normalized Income": -197000.0,
        "Net Income From Continuing And Discontinued Operation": -117000.0,
        "Total Expenses": 452000.0,
        "Total Operating Income As Reported": -748000.0,
        "Diluted Average Shares": 12223922.0,
        "Basic Average Shares": 12223922.0,
        "Diluted EPS": -0.01,
        "Basic EPS": -0.01,
        "Diluted NI Availto Com Stockholders": -117000.0,
        "Net Income Common Stockholders": -117000.0,
        "Net Income": -117000.0,
        "Net Income Including Noncontrolling Interests": -117000.0,
        "Net Income Continuous Operations": -117000.0,
        "Tax Provision": 0.0,
        "Pretax Income": -117000.0,
        "Other Income Expense": 81000.0,
        "Other Non Operating Income Expenses": 1000.0,
        "Special Income Charges": -296000.0,
        "Restructuring And Mergern Acquisition": 296000.0,
        "Gain On Sale Of Security": 376000.0,
        "Net Non Operating Interest Income Expense": 254000.0,
        "Interest Expense Non Operating": 0.0,
        "Interest Income Non Operating": 254000.0,
        "Operating Income": -452000.0,
        "Operating Expense": 452000.0,
        "Research And Development": -713000.0,
        "Selling General And Administration": 1165000.0,
        "General And Administrative Expense": 1165000.0,
        "Other Gand A": 823000.0,
        "Salaries And Wages": 342000.0,
        "Total Revenue": 0.0,
        "Operating Revenue": 0.0
    },
    "2024-12-31": {
        "Tax Effect Of Unusual Items": 0.0,
        "Tax Rate For Calcs": 0.0,
        "Normalized EBITDA": -1170000.0,
        "Total Unusual Items": 456000.0,
        "Total Unusual Items Excluding Goodwill": 456000.0,
        "Net Income From Continuing Operation Net Minority Interest": -714000.0,
        "Reconciled Depreciation": 0.0,
        "EBITDA": -714000.0,
        "EBIT": -714000.0,
        "Net Interest Income": 224000.0,
        "Interest Expense": 0.0,
        "Interest Income": 224000.0,
        "Normalized Income": -1170000.0,
        "Net Income From Continuing And Discontinued Operation": -714000.0,
        "Total Expenses": 1393000.0,
        "Total Operating Income As Reported": -1776000.0,
        "Diluted Average Shares": NaN,
        "Basic Average Shares": NaN,
        "Diluted EPS": NaN,
        "Basic EPS": NaN,
        "Diluted NI Availto Com Stockholders": -714000.0,
        "Net Income Common Stockholders": -714000.0,
        "Net Income": -714000.0,
        "Net Income Including Noncontrolling Interests": -714000.0,
        "Net Income Continuous Operations": -714000.0,
        "Tax Provision": 0.0,
        "Pretax Income": -714000.0,
        "Other Income Expense": 455000.0,
        "Other Non Operating Income Expenses": -1000.0,
        "Special Income Charges": -383000.0,
        "Restructuring And Mergern Acquisition": 383000.0,
        "Gain On Sale Of Security": 839000.0,
        "Net Non Operating Interest Income Expense": 224000.0,
        "Interest Expense Non Operating": 0.0,
        "Interest Income Non Operating": 224000.0,
        "Operating Income": -1393000.0,
        "Operating Expense": 1393000.0,
        "Research And Development": -10000.0,
        "Selling General And Administration": 1403000.0,
        "General And Administrative Expense": 1403000.0,
        "Other Gand A": 1403000.0,
        "Salaries And Wages": NaN,
        "Total Revenue": 0.0,
        "Operating Revenue": 0.0
    },
    "2025-03-31": {
        "Tax Effect Of Unusual Items": 207270.0,
        "Tax Rate For Calcs": 0.21,
        "Normalized EBITDA": -1845000.0,
        "Total Unusual Items": 987000.0,
        "Total Unusual Items Excluding Goodwill": 987000.0,
        "Net Income From Continuing Operation Net Minority Interest": 317000.0,
        "Reconciled Depreciation": 0.0,
        "EBITDA": -858000.0,
        "EBIT": -858000.0,
        "Net Interest Income": 188000.0,
        "Interest Expense": NaN,
        "Interest Income": 188000.0,
        "Normalized Income": -462730.0,
        "Net Income From Continuing And Discontinued Operation": 317000.0,
        "Total Expenses": 858000.0,
        "Total Operating Income As Reported": -898000.0,
        "Diluted Average Shares": 12388595.0,
        "Basic Average Shares": 12283543.0,
        "Diluted EPS": 0.03,
        "Basic EPS": 0.03,
        "Diluted NI Availto Com Stockholders": 317000.0,
        "Net Income Common Stockholders": 317000.0,
        "Net Income": 317000.0,
        "Net Income Including Noncontrolling Interests": 317000.0,
        "Net Income Continuous Operations": 317000.0,
        "Tax Provision": NaN,
        "Pretax Income": 317000.0,
        "Other Income Expense": 987000.0,
        "Other Non Operating Income Expenses": NaN,
        "Special Income Charges": -40000.0,
        "Restructuring And Mergern Acquisition": 40000.0,
        "Gain On Sale Of Security": 1027000.0,
        "Net Non Operating Interest Income Expense": 188000.0,
        "Interest Expense Non Operating": NaN,
        "Interest Income Non Operating": 188000.0,
        "Operating Income": -858000.0,
        "Operating Expense": 858000.0,
        "Research And Development": 22000.0,
        "Selling General And Administration": 836000.0,
        "General And Administrative Expense": 836000.0,
        "Other Gand A": 691000.0,
        "Salaries And Wages": 145000.0,
        "Total Revenue": 0.0,
        "Operating Revenue": 0.0
    },
    "2025-06-30": {
        "Tax Effect Of Unusual Items": 0.0,
        "Tax Rate For Calcs": 0.0,
        "Normalized EBITDA": -862000.0,
        "Total Unusual Items": 76000.0,
        "Total Unusual Items Excluding Goodwill": 76000.0,
        "Net Income From Continuing Operation Net Minority Interest": -529000.0,
        "Reconciled Depreciation": 0.0,
        "EBITDA": -786000.0,
        "EBIT": -786000.0,
        "Net Interest Income": 181000.0,
        "Interest Expense": NaN,
        "Interest Income": 181000.0,
        "Normalized Income": -605000.0,
        "Net Income From Continuing And Discontinued Operation": -529000.0,
        "Total Expenses": 786000.0,
        "Total Operating Income As Reported": -777000.0,
        "Diluted Average Shares": 12319147.0,
        "Basic Average Shares": 12319147.0,
        "Diluted EPS": -0.04,
        "Basic EPS": -0.04,
        "Diluted NI Availto Com Stockholders": -529000.0,
        "Net Income Common Stockholders": -529000.0,
        "Net Income": -529000.0,
        "Net Income Including Noncontrolling Interests": -529000.0,
        "Net Income Continuous Operations": -529000.0,
        "Tax Provision": 0.0,
        "Pretax Income": -529000.0,
        "Other Income Expense": 76000.0,
        "Other Non Operating Income Expenses": NaN,
        "Special Income Charges": 9000.0,
        "Restructuring And Mergern Acquisition": -9000.0,
        "Gain On Sale Of Security": 67000.0,
        "Net Non Operating Interest Income Expense": 181000.0,
        "Interest Expense Non Operating": NaN,
        "Interest Income Non Operating": 181000.0,
        "Operating Income": -786000.0,
        "Operating Expense": 786000.0,
        "Research And Development": -14000.0,
        "Selling General And Administration": 800000.0,
        "General And Administrative Expense": 800000.0,
        "Other Gand A": 651000.0,
        "Salaries And Wages": 149000.0,
        "Total Revenue": 0.0,
        "Operating Revenue": 0.0
    },
    "2025-09-30": {
        "Tax Effect Of Unusual Items": 0.0,
        "Tax Rate For Calcs": 0.0,
        "Normalized EBITDA": 824000.0,
        "Total Unusual Items": -1650000.0,
        "Total Unusual Items Excluding Goodwill": -1650000.0,
        "Net Income From Continuing Operation Net Minority Interest": -2301000.0,
        "Reconciled Depreciation": 0.0,
        "EBITDA": -826000.0,
        "EBIT": -826000.0,
        "Net Interest Income": 175000.0,
        "Interest Expense": NaN,
        "Interest Income": 175000.0,
        "Normalized Income": -651000.0,
        "Net Income From Continuing And Discontinued Operation": -2301000.0,
        "Total Expenses": 826000.0,
        "Total Operating Income As Reported": -991000.0,
        "Diluted Average Shares": 12319212.0,
        "Basic Average Shares": 12319212.0,
        "Diluted EPS": -0.19,
        "Basic EPS": -0.19,
        "Diluted NI Availto Com Stockholders": -2301000.0,
        "Net Income Common Stockholders": -2301000.0,
        "Net Income": -2301000.0,
        "Net Income Including Noncontrolling Interests": -2301000.0,
        "Net Income Continuous Operations": -2301000.0,
        "Tax Provision": 0.0,
        "Pretax Income": -2301000.0,
        "Other Income Expense": -1650000.0,
        "Other Non Operating Income Expenses": NaN,
        "Special Income Charges": -165000.0,
        "Restructuring And Mergern Acquisition": 165000.0,
        "Gain On Sale Of Security": -1485000.0,
        "Net Non Operating Interest Income Expense": 175000.0,
        "Interest Expense Non Operating": NaN,
        "Interest Income Non Operating": 175000.0,
        "Operating Income": -826000.0,
        "Operating Expense": 826000.0,
        "Research And Development": 8000.0,
        "Selling General And Administration": 818000.0,
        "General And Administrative Expense": 818000.0,
        "Other Gand A": 679000.0,
        "Salaries And Wages": 139000.0,
        "Total Revenue": 0.0,
        "Operating Revenue": 0.0
    }
}