{
    "2023-03-31": {
        "Tax Effect Of Unusual Items": NaN,
        "Tax Rate For Calcs": NaN,
        "Normalized EBITDA": NaN,
        "Total Unusual Items": 0.0,
        "Total Unusual Items Excluding Goodwill": 0.0,
        "Net Income From Continuing Operation Net Minority Interest": NaN,
        "Reconciled Depreciation": NaN,
        "Reconciled Cost Of Revenue": NaN,
        "EBITDA": NaN,
        "EBIT": NaN,
        "Normalized Income": NaN,
        "Net Income From Continuing And Discontinued Operation": NaN,
        "Total Expenses": NaN,
        "Total Operating Income As Reported": NaN,
        "Diluted Average Shares": NaN,
        "Basic Average Shares": NaN,
        "Diluted EPS": NaN,
        "Basic EPS": NaN,
        "Diluted NI Availto Com Stockholders": NaN,
        "Net Income Common Stockholders": NaN,
        "Net Income": NaN,
        "Net Income Including Noncontrolling Interests": NaN,
        "Net Income Continuous Operations": NaN,
        "Tax Provision": NaN,
        "Pretax Income": NaN,
        "Other Income Expense": NaN,
        "Other Non Operating Income Expenses": NaN,
        "Special Income Charges": 0.0,
        "Other Special Charges": NaN,
        "Operating Income": NaN,
        "Operating Expense": NaN,
        "Depreciation Amortization Depletion Income Statement": NaN,
        "Depreciation And Amortization In Income Statement": NaN,
        "Amortization": NaN,
        "Amortization Of Intangibles Income Statement": NaN,
        "Research And Development": NaN,
        "Selling General And Administration": NaN,
        "Gross Profit": NaN,
        "Cost Of Revenue": NaN,
        "Total Revenue": NaN,
        "Operating Revenue": NaN
    },
    "2022-12-31": {
        "Tax Effect Of Unusual Items": NaN,
        "Tax Rate For Calcs": NaN,
        "Normalized EBITDA": NaN,
        "Total Unusual Items": -187000000.0,
        "Total Unusual Items Excluding Goodwill": -187000000.0,
        "Net Income From Continuing Operation Net Minority Interest": NaN,
        "Reconciled Depreciation": NaN,
        "Reconciled Cost Of Revenue": NaN,
        "EBITDA": NaN,
        "EBIT": NaN,
        "Normalized Income": NaN,
        "Net Income From Continuing And Discontinued Operation": NaN,
        "Total Expenses": NaN,
        "Total Operating Income As Reported": NaN,
        "Diluted Average Shares": NaN,
        "Basic Average Shares": NaN,
        "Diluted EPS": NaN,
        "Basic EPS": NaN,
        "Diluted NI Availto Com Stockholders": NaN,
        "Net Income Common Stockholders": NaN,
        "Net Income": NaN,
        "Net Income Including Noncontrolling Interests": NaN,
        "Net Income Continuous Operations": NaN,
        "Tax Provision": NaN,
        "Pretax Income": NaN,
        "Other Income Expense": NaN,
        "Other Non Operating Income Expenses": NaN,
        "Special Income Charges": -187000000.0,
        "Other Special Charges": -29000000.0,
        "Operating Income": NaN,
        "Operating Expense": NaN,
        "Depreciation Amortization Depletion Income Statement": NaN,
        "Depreciation And Amortization In Income Statement": NaN,
        "Amortization": NaN,
        "Amortization Of Intangibles Income Statement": NaN,
        "Research And Development": NaN,
        "Selling General And Administration": NaN,
        "Gross Profit": NaN,
        "Cost Of Revenue": NaN,
        "Total Revenue": NaN,
        "Operating Revenue": NaN
    },
    "2022-09-30": {
        "Tax Effect Of Unusual Items": NaN,
        "Tax Rate For Calcs": NaN,
        "Normalized EBITDA": NaN,
        "Total Unusual Items": NaN,
        "Total Unusual Items Excluding Goodwill": NaN,
        "Net Income From Continuing Operation Net Minority Interest": NaN,
        "Reconciled Depreciation": NaN,
        "Reconciled Cost Of Revenue": NaN,
        "EBITDA": NaN,
        "EBIT": NaN,
        "Normalized Income": NaN,
        "Net Income From Continuing And Discontinued Operation": NaN,
        "Total Expenses": NaN,
        "Total Operating Income As Reported": NaN,
        "Diluted Average Shares": NaN,
        "Basic Average Shares": NaN,
        "Diluted EPS": NaN,
        "Basic EPS": NaN,
        "Diluted NI Availto Com Stockholders": NaN,
        "Net Income Common Stockholders": NaN,
        "Net Income": NaN,
        "Net Income Including Noncontrolling Interests": NaN,
        "Net Income Continuous Operations": NaN,
        "Tax Provision": NaN,
        "Pretax Income": NaN,
        "Other Income Expense": NaN,
        "Other Non Operating Income Expenses": NaN,
        "Special Income Charges": NaN,
        "Other Special Charges": -4000000.0,
        "Operating Income": NaN,
        "Operating Expense": NaN,
        "Depreciation Amortization Depletion Income Statement": NaN,
        "Depreciation And Amortization In Income Statement": NaN,
        "Amortization": NaN,
        "Amortization Of Intangibles Income Statement": NaN,
        "Research And Development": NaN,
        "Selling General And Administration": NaN,
        "Gross Profit": NaN,
        "Cost Of Revenue": NaN,
        "Total Revenue": NaN,
        "Operating Revenue": NaN
    },
    "2022-06-30": {
        "Tax Effect Of Unusual Items": -356000.0,
        "Tax Rate For Calcs": 0.089,
        "Normalized EBITDA": 1033000000.0,
        "Total Unusual Items": -4000000.0,
        "Total Unusual Items Excluding Goodwill": -4000000.0,
        "Net Income From Continuing Operation Net Minority Interest": 656000000.0,
        "Reconciled Depreciation": 253000000.0,
        "Reconciled Cost Of Revenue": 1574000000.0,
        "EBITDA": 1029000000.0,
        "EBIT": 776000000.0,
        "Normalized Income": 659644000.0,
        "Net Income From Continuing And Discontinued Operation": 656000000.0,
        "Total Expenses": 3717000000.0,
        "Total Operating Income As Reported": 772000000.0,
        "Diluted Average Shares": 382200000.0,
        "Basic Average Shares": 378300000.0,
        "Diluted EPS": 1.72,
        "Basic EPS": 1.73,
        "Diluted NI Availto Com Stockholders": 656000000.0,
        "Net Income Common Stockholders": 656000000.0,
        "Net Income": 656000000.0,
        "Net Income Including Noncontrolling Interests": 656000000.0,
        "Net Income Continuous Operations": 656000000.0,
        "Tax Provision": 64000000.0,
        "Pretax Income": 720000000.0,
        "Other Income Expense": -56000000.0,
        "Other Non Operating Income Expenses": -52000000.0,
        "Special Income Charges": -4000000.0,
        "Other Special Charges": 4000000.0,
        "Impairment Of Capital Assets": NaN,
        "Operating Income": 776000000.0,
        "Operating Expense": 2050000000.0,
        "Depreciation Amortization Depletion Income Statement": 160000000.0,
        "Depreciation And Amortization In Income Statement": 160000000.0,
        "Amortization": 160000000.0,
        "Amortization Of Intangibles Income Statement": 160000000.0,
        "Research And Development": 351000000.0,
        "Selling General And Administration": 1539000000.0,
        "Gross Profit": 2826000000.0,
        "Cost Of Revenue": 1667000000.0,
        "Total Revenue": 4493000000.0,
        "Operating Revenue": 4493000000.0
    },
    "2023-06-30": {
        "Tax Effect Of Unusual Items": NaN,
        "Tax Rate For Calcs": NaN,
        "Normalized EBITDA": NaN,
        "Total Unusual Items": -3000000.0,
        "Total Unusual Items Excluding Goodwill": -3000000.0,
        "Net Income From Continuing Operation Net Minority Interest": NaN,
        "Reconciled Depreciation": NaN,
        "Reconciled Cost Of Revenue": NaN,
        "EBITDA": NaN,
        "EBIT": NaN,
        "Normalized Income": NaN,
        "Net Income From Continuing And Discontinued Operation": NaN,
        "Total Expenses": NaN,
        "Total Operating Income As Reported": NaN,
        "Diluted Average Shares": NaN,
        "Basic Average Shares": NaN,
        "Diluted EPS": NaN,
        "Basic EPS": NaN,
        "Diluted NI Availto Com Stockholders": NaN,
        "Net Income Common Stockholders": NaN,
        "Net Income": NaN,
        "Net Income Including Noncontrolling Interests": NaN,
        "Net Income Continuous Operations": NaN,
        "Tax Provision": NaN,
        "Pretax Income": NaN,
        "Other Income Expense": NaN,
        "Other Non Operating Income Expenses": NaN,
        "Special Income Charges": -3000000.0,
        "Other Special Charges": 3000000.0,
        "Operating Income": NaN,
        "Operating Expense": NaN,
        "Depreciation Amortization Depletion Income Statement": NaN,
        "Depreciation And Amortization In Income Statement": NaN,
        "Amortization": NaN,
        "Amortization Of Intangibles Income Statement": NaN,
        "Research And Development": NaN,
        "Selling General And Administration": NaN,
        "Gross Profit": NaN,
        "Cost Of Revenue": NaN,
        "Total Revenue": NaN,
        "Operating Revenue": NaN
    },
    "2022-03-31": {
        "Diluted EPS": 0.84,
        "Total Revenue": NaN,
        "Gross Profit": NaN,
        "Operating Income": 447,
        "EBIT": 689,
        "Net Income": 323
    },
    "2021-12-31": {
        "Diluted EPS": 1.73,
        "Total Revenue": NaN,
        "Gross Profit": NaN,
        "Operating Income": 819,
        "EBIT": NaN,
        "Net Income": 662
    },
    "2021-09-30": {
        "Diluted EPS": 1.14,
        "Total Revenue": NaN,
        "Gross Profit": NaN,
        "Operating Income": 574,
        "EBIT": 809,
        "Net Income": 438
    },
    "2021-06-30": {
        "Diluted EPS": 1.55,
        "Total Revenue": NaN,
        "Gross Profit": NaN,
        "Operating Income": 732,
        "EBIT": 973,
        "Net Income": 592
    },
    "2021-03-31": {
        "Diluted EPS": 0.79,
        "Total Revenue": NaN,
        "Gross Profit": NaN,
        "Operating Income": 459,
        "EBIT": 735,
        "Net Income": 302
    },
    "2020-12-31": {
        "Diluted EPS": 1.49,
        "Total Revenue": NaN,
        "Gross Profit": NaN,
        "Operating Income": 749,
        "EBIT": 972,
        "Net Income": 568
    },
    "2020-09-30": {
        "Diluted EPS": 1.63,
        "Total Revenue": NaN,
        "Gross Profit": NaN,
        "Operating Income": 859,
        "EBIT": NaN,
        "Net Income": 621
    },
    "2020-06-30": {
        "Diluted EPS": -0.22,
        "Total Revenue": NaN,
        "Gross Profit": NaN,
        "Operating Income": -20,
        "EBIT": 173,
        "Net Income": -83
    },
    "2020-03-31": {
        "Diluted EPS": 1.3,
        "Total Revenue": NaN,
        "Gross Profit": NaN,
        "Operating Income": 635,
        "EBIT": 833,
        "Net Income": 493
    },
    "2019-12-31": {
        "Diluted EPS": 1.9,
        "Total Revenue": NaN,
        "Gross Profit": NaN,
        "Operating Income": 944,
        "EBIT": NaN,
        "Net Income": 725
    },
    "2019-09-30": {
        "Diluted EPS": 1.23,
        "Total Revenue": NaN,
        "Gross Profit": NaN,
        "Operating Income": 628,
        "EBIT": 822,
        "Net Income": 466
    },
    "2019-06-30": {
        "Diluted EPS": 1.26,
        "Total Revenue": NaN,
        "Gross Profit": NaN,
        "Operating Income": 613,
        "EBIT": 812,
        "Net Income": 480
    },
    "2019-03-31": {
        "Diluted EPS": 1.09,
        "Total Revenue": NaN,
        "Gross Profit": NaN,
        "Operating Income": 528,
        "EBIT": 718,
        "Net Income": 412
    },
    "2018-12-31": {
        "Diluted EPS": 5.44,
        "Total Revenue": NaN,
        "Gross Profit": NaN,
        "Operating Income": 698,
        "EBIT": 874,
        "Net Income": NaN
    },
    "2018-09-30": {
        "Diluted EPS": 1.55,
        "Total Revenue": NaN,
        "Gross Profit": NaN,
        "Operating Income": 576,
        "EBIT": 761,
        "Net Income": 590
    },
    "2018-06-30": {
        "Diluted EPS": 1.19,
        "Total Revenue": NaN,
        "Gross Profit": NaN,
        "Operating Income": 672,
        "EBIT": 858,
        "Net Income": 452
    },
    "2018-03-31": {
        "Diluted EPS": 1.16,
        "Total Revenue": NaN,
        "Gross Profit": NaN,
        "Operating Income": 591,
        "EBIT": 767,
        "Net Income": 443
    },
    "2017-12-31": {
        "Diluted EPS": -0.66,
        "Total Revenue": NaN,
        "Gross Profit": NaN,
        "Operating Income": 714,
        "EBIT": 883,
        "Net Income": -249
    },
    "2017-09-30": {
        "Diluted EPS": 1.14,
        "Total Revenue": NaN,
        "Gross Profit": NaN,
        "Operating Income": 525,
        "EBIT": 688,
        "Net Income": 434
    },
    "2017-06-30": {
        "Diluted EPS": 1.03,
        "Total Revenue": NaN,
        "Gross Profit": NaN,
        "Operating Income": 502,
        "EBIT": 662,
        "Net Income": 391
    },
    "2017-03-31": {
        "Diluted EPS": 1.17,
        "Total Revenue": NaN,
        "Gross Profit": NaN,
        "Operating Income": 556,
        "EBIT": 706,
        "Net Income": 444
    },
    "2016-12-31": {
        "Diluted EPS": 1.34,
        "Total Revenue": NaN,
        "Gross Profit": NaN,
        "Operating Income": 670,
        "EBIT": 821,
        "Net Income": 510
    },
    "2016-09-30": {
        "Diluted EPS": 0.94,
        "Total Revenue": NaN,
        "Gross Profit": NaN,
        "Operating Income": 486,
        "EBIT": 634,
        "Net Income": 355
    },
    "2016-06-30": {
        "Diluted EPS": 1.0,
        "Total Revenue": NaN,
        "Gross Profit": NaN,
        "Operating Income": 500,
        "EBIT": 645,
        "Net Income": 380
    },
    "2016-03-31": {
        "Diluted EPS": 1.07,
        "Total Revenue": NaN,
        "Gross Profit": NaN,
        "Operating Income": 519,
        "EBIT": 621,
        "Net Income": 402
    },
    "2015-12-31": {
        "Diluted EPS": 1.38,
        "Total Revenue": NaN,
        "Gross Profit": NaN,
        "Operating Income": 648,
        "EBIT": 756,
        "Net Income": 522
    },
    "2015-09-30": {
        "Diluted EPS": 0.79,
        "Total Revenue": NaN,
        "Gross Profit": NaN,
        "Operating Income": 378,
        "EBIT": 479,
        "Net Income": 301
    },
    "2015-06-30": {
        "Diluted EPS": 1.03,
        "Total Revenue": NaN,
        "Gross Profit": NaN,
        "Operating Income": 429,
        "EBIT": 523,
        "Net Income": 392
    },
    "2015-03-31": {
        "Diluted EPS": 0.58,
        "Total Revenue": NaN,
        "Gross Profit": NaN,
        "Operating Income": 406,
        "EBIT": 500,
        "Net Income": 224
    },
    "2014-12-31": {
        "Diluted EPS": 0.67,
        "Total Revenue": NaN,
        "Gross Profit": NaN,
        "Operating Income": 468,
        "EBIT": 564,
        "Net Income": 260
    },
    "2014-09-30": {
        "Diluted EPS": 0.16,
        "Total Revenue": NaN,
        "Gross Profit": NaN,
        "Operating Income": 450,
        "EBIT": 547,
        "Net Income": 57
    },
    "2014-06-30": {
        "Diluted EPS": 0.33,
        "Total Revenue": NaN,
        "Gross Profit": NaN,
        "Operating Income": 197,
        "EBIT": 291,
        "Net Income": 128
    },
    "2014-03-31": {
        "Diluted EPS": 0.18,
        "Total Revenue": NaN,
        "Gross Profit": NaN,
        "Operating Income": 131,
        "EBIT": 222,
        "Net Income": 70
    },
    "2013-12-31": {
        "Diluted EPS": 1.01,
        "Total Revenue": NaN,
        "Gross Profit": NaN,
        "Operating Income": 430,
        "EBIT": 512,
        "Net Income": 386
    },
    "2013-09-30": {
        "Diluted EPS": 0.27,
        "Total Revenue": NaN,
        "Gross Profit": NaN,
        "Operating Income": 150,
        "EBIT": 226,
        "Net Income": 103
    },
    "2013-06-30": {
        "Diluted EPS": 0.56,
        "Total Revenue": NaN,
        "Gross Profit": NaN,
        "Operating Income": 290,
        "EBIT": 401,
        "Net Income": 213
    },
    "2013-03-31": {
        "Diluted EPS": 0.79,
        "Total Revenue": NaN,
        "Gross Profit": NaN,
        "Operating Income": 386,
        "EBIT": 424,
        "Net Income": 304
    },
    "2012-12-31": {
        "Diluted EPS": 0.71,
        "Total Revenue": NaN,
        "Gross Profit": NaN,
        "Operating Income": 370,
        "EBIT": 532,
        "Net Income": 270
    },
    "2012-09-30": {
        "Diluted EPS": 0.92,
        "Total Revenue": NaN,
        "Gross Profit": NaN,
        "Operating Income": 450,
        "EBIT": 488,
        "Net Income": 353
    },
    "2012-06-30": {
        "Diluted EPS": 0.85,
        "Total Revenue": NaN,
        "Gross Profit": NaN,
        "Operating Income": 445,
        "EBIT": 452,
        "Net Income": 325
    },
    "2012-03-31": {
        "Diluted EPS": 0.91,
        "Total Revenue": NaN,
        "Gross Profit": NaN,
        "Operating Income": 476,
        "EBIT": 546,
        "Net Income": 350
    },
    "2011-12-31": {
        "Diluted EPS": 1.04,
        "Total Revenue": NaN,
        "Gross Profit": NaN,
        "Operating Income": 418,
        "EBIT": 219,
        "Net Income": 401
    },
    "2011-09-30": {
        "Diluted EPS": 0.84,
        "Total Revenue": NaN,
        "Gross Profit": NaN,
        "Operating Income": 444,
        "EBIT": 568,
        "Net Income": 327
    },
    "2011-06-30": {
        "Diluted EPS": 0.79,
        "Total Revenue": NaN,
        "Gross Profit": NaN,
        "Operating Income": 401,
        "EBIT": 521,
        "Net Income": 310
    },
    "2011-03-31": {
        "Diluted EPS": 0.78,
        "Total Revenue": NaN,
        "Gross Profit": NaN,
        "Operating Income": 423,
        "EBIT": 538,
        "Net Income": 307
    },
    "2010-12-31": {
        "Diluted EPS": 0.74,
        "Total Revenue": NaN,
        "Gross Profit": NaN,
        "Operating Income": 386,
        "EBIT": 252,
        "Net Income": 295
    },
    "2010-09-30": {
        "Diluted EPS": 0.85,
        "Total Revenue": NaN,
        "Gross Profit": NaN,
        "Operating Income": 471,
        "EBIT": 572,
        "Net Income": 337
    },
    "2010-06-30": {
        "Diluted EPS": 0.8,
        "Total Revenue": NaN,
        "Gross Profit": NaN,
        "Operating Income": 448,
        "EBIT": 547,
        "Net Income": 319
    },
    "2010-03-31": {
        "Diluted EPS": 0.8,
        "Total Revenue": NaN,
        "Gross Profit": NaN,
        "Operating Income": 446,
        "EBIT": 546,
        "Net Income": 322
    },
    "2009-12-31": {
        "Diluted EPS": 0.76,
        "Total Revenue": NaN,
        "Gross Profit": NaN,
        "Operating Income": 514,
        "EBIT": 618,
        "Net Income": 306
    },
    "2009-09-30": {
        "Diluted EPS": 0.57,
        "Total Revenue": NaN,
        "Gross Profit": NaN,
        "Operating Income": 311,
        "EBIT": 500,
        "Net Income": 229
    },
    "2009-06-30": {
        "Diluted EPS": 0.73,
        "Total Revenue": NaN,
        "Gross Profit": NaN,
        "Operating Income": 390,
        "EBIT": 390,
        "Net Income": 291
    },
    "2009-03-31": {
        "Diluted EPS": 0.71,
        "Total Revenue": NaN,
        "Gross Profit": NaN,
        "Operating Income": 379,
        "EBIT": 471,
        "Net Income": 281
    },
    "2023-09-30": {
        "Tax Effect Of Unusual Items": NaN,
        "Tax Rate For Calcs": NaN,
        "Normalized EBITDA": NaN,
        "Total Unusual Items": -9000000.0,
        "Total Unusual Items Excluding Goodwill": -9000000.0,
        "Net Income From Continuing Operation Net Minority Interest": NaN,
        "Reconciled Depreciation": NaN,
        "Reconciled Cost Of Revenue": NaN,
        "EBITDA": NaN,
        "EBIT": NaN,
        "Normalized Income": NaN,
        "Net Income From Continuing And Discontinued Operation": NaN,
        "Total Expenses": NaN,
        "Total Operating Income As Reported": NaN,
        "Diluted Average Shares": NaN,
        "Basic Average Shares": NaN,
        "Diluted EPS": NaN,
        "Basic EPS": NaN,
        "Diluted NI Availto Com Stockholders": NaN,
        "Net Income Common Stockholders": NaN,
        "Net Income": NaN,
        "Net Income Including Noncontrolling Interests": NaN,
        "Net Income Continuous Operations": NaN,
        "Tax Provision": NaN,
        "Pretax Income": NaN,
        "Other Income Expense": NaN,
        "Other Non Operating Income Expenses": NaN,
        "Special Income Charges": -9000000.0,
        "Other Special Charges": 9000000.0,
        "Impairment Of Capital Assets": NaN,
        "Operating Income": NaN,
        "Operating Expense": NaN,
        "Depreciation Amortization Depletion Income Statement": NaN,
        "Depreciation And Amortization In Income Statement": NaN,
        "Amortization": NaN,
        "Amortization Of Intangibles Income Statement": NaN,
        "Research And Development": NaN,
        "Selling General And Administration": NaN,
        "Gross Profit": NaN,
        "Cost Of Revenue": NaN,
        "Total Revenue": NaN,
        "Operating Revenue": NaN
    },
    "2023-12-31": {
        "Tax Effect Of Unusual Items": NaN,
        "Tax Rate For Calcs": NaN,
        "Normalized EBITDA": NaN,
        "Total Unusual Items": -6000000.0,
        "Total Unusual Items Excluding Goodwill": -6000000.0,
        "Net Income From Continuing Operation Net Minority Interest": NaN,
        "Reconciled Depreciation": NaN,
        "Reconciled Cost Of Revenue": NaN,
        "EBITDA": NaN,
        "EBIT": NaN,
        "Normalized Income": NaN,
        "Net Income From Continuing And Discontinued Operation": NaN,
        "Total Expenses": NaN,
        "Total Operating Income As Reported": NaN,
        "Diluted Average Shares": NaN,
        "Basic Average Shares": NaN,
        "Diluted EPS": NaN,
        "Basic EPS": NaN,
        "Diluted NI Availto Com Stockholders": NaN,
        "Net Income Common Stockholders": NaN,
        "Net Income": NaN,
        "Net Income Including Noncontrolling Interests": NaN,
        "Net Income Continuous Operations": NaN,
        "Tax Provision": NaN,
        "Pretax Income": NaN,
        "Other Income Expense": NaN,
        "Other Non Operating Income Expenses": NaN,
        "Special Income Charges": -6000000.0,
        "Other Special Charges": 6000000.0,
        "Impairment Of Capital Assets": NaN,
        "Operating Income": NaN,
        "Operating Expense": NaN,
        "Depreciation Amortization Depletion Income Statement": NaN,
        "Depreciation And Amortization In Income Statement": NaN,
        "Amortization": NaN,
        "Amortization Of Intangibles Income Statement": NaN,
        "Research And Development": NaN,
        "Selling General And Administration": NaN,
        "Gross Profit": NaN,
        "Cost Of Revenue": NaN,
        "Total Revenue": NaN,
        "Operating Revenue": NaN
    },
    "2024-03-31": {
        "Tax Effect Of Unusual Items": NaN,
        "Tax Rate For Calcs": NaN,
        "Normalized EBITDA": NaN,
        "Total Unusual Items": -3000000.0,
        "Total Unusual Items Excluding Goodwill": -3000000.0,
        "Net Income From Continuing Operation Net Minority Interest": NaN,
        "Reconciled Depreciation": NaN,
        "Reconciled Cost Of Revenue": NaN,
        "EBITDA": NaN,
        "EBIT": NaN,
        "Normalized Income": NaN,
        "Net Income From Continuing And Discontinued Operation": NaN,
        "Total Expenses": NaN,
        "Total Operating Income As Reported": NaN,
        "Diluted Average Shares": NaN,
        "Basic Average Shares": NaN,
        "Diluted EPS": NaN,
        "Basic EPS": NaN,
        "Diluted NI Availto Com Stockholders": NaN,
        "Net Income Common Stockholders": NaN,
        "Net Income": NaN,
        "Net Income Including Noncontrolling Interests": NaN,
        "Net Income Continuous Operations": NaN,
        "Tax Provision": NaN,
        "Pretax Income": NaN,
        "Other Income Expense": NaN,
        "Other Non Operating Income Expenses": NaN,
        "Special Income Charges": -3000000.0,
        "Other Special Charges": NaN,
        "Impairment Of Capital Assets": 3000000.0,
        "Operating Income": NaN,
        "Operating Expense": NaN,
        "Depreciation Amortization Depletion Income Statement": NaN,
        "Depreciation And Amortization In Income Statement": NaN,
        "Amortization": NaN,
        "Amortization Of Intangibles Income Statement": NaN,
        "Research And Development": NaN,
        "Selling General And Administration": NaN,
        "Gross Profit": NaN,
        "Cost Of Revenue": NaN,
        "Total Revenue": NaN,
        "Operating Revenue": NaN
    },
    "2024-06-30": {
        "Tax Effect Of Unusual Items": 0.0,
        "Tax Rate For Calcs": 0.173,
        "Normalized EBITDA": 1309000000.0,
        "Total Unusual Items": NaN,
        "Total Unusual Items Excluding Goodwill": NaN,
        "Net Income From Continuing Operation Net Minority Interest": 825000000.0,
        "Reconciled Depreciation": 258000000.0,
        "Reconciled Cost Of Revenue": 1903000000.0,
        "EBITDA": 1309000000.0,
        "EBIT": 1051000000.0,
        "Normalized Income": 825000000.0,
        "Net Income From Continuing And Discontinued Operation": 825000000.0,
        "Total Expenses": 4371000000.0,
        "Total Operating Income As Reported": 1051000000.0,
        "Diluted Average Shares": 385400000.0,
        "Basic Average Shares": 381000000.0,
        "Diluted EPS": 2.14,
        "Basic EPS": 2.17,
        "Diluted NI Availto Com Stockholders": 825000000.0,
        "Net Income Common Stockholders": 825000000.0,
        "Net Income": 825000000.0,
        "Net Income Including Noncontrolling Interests": 825000000.0,
        "Net Income Continuous Operations": 825000000.0,
        "Tax Provision": 173000000.0,
        "Pretax Income": 998000000.0,
        "Other Income Expense": -53000000.0,
        "Other Non Operating Income Expenses": -53000000.0,
        "Special Income Charges": NaN,
        "Other Special Charges": NaN,
        "Impairment Of Capital Assets": NaN,
        "Operating Income": 1051000000.0,
        "Operating Expense": 2365000000.0,
        "Depreciation Amortization Depletion Income Statement": 155000000.0,
        "Depreciation And Amortization In Income Statement": 155000000.0,
        "Amortization": 155000000.0,
        "Amortization Of Intangibles Income Statement": 155000000.0,
        "Research And Development": 363000000.0,
        "Selling General And Administration": 1847000000.0,
        "Gross Profit": 3416000000.0,
        "Cost Of Revenue": 2006000000.0,
        "Total Revenue": 5422000000.0,
        "Operating Revenue": 5422000000.0
    },
    "2024-09-30": {
        "Tax Effect Of Unusual Items": 0.0,
        "Tax Rate For Calcs": 0.2,
        "Normalized EBITDA": 1353000000.0,
        "Total Unusual Items": NaN,
        "Total Unusual Items Excluding Goodwill": NaN,
        "Net Income From Continuing Operation Net Minority Interest": 834000000.0,
        "Reconciled Depreciation": 268000000.0,
        "Reconciled Cost Of Revenue": 1868000000.0,
        "EBITDA": 1353000000.0,
        "EBIT": 1085000000.0,
        "Normalized Income": 834000000.0,
        "Net Income From Continuing And Discontinued Operation": 834000000.0,
        "Total Expenses": 4409000000.0,
        "Total Operating Income As Reported": 1085000000.0,
        "Diluted Average Shares": 385600000.0,
        "Basic Average Shares": 381100000.0,
        "Diluted EPS": 2.16,
        "Basic EPS": 2.18,
        "Diluted NI Availto Com Stockholders": 834000000.0,
        "Net Income Common Stockholders": 834000000.0,
        "Net Income": 834000000.0,
        "Net Income Including Noncontrolling Interests": 834000000.0,
        "Net Income Continuous Operations": 834000000.0,
        "Tax Provision": 209000000.0,
        "Pretax Income": 1043000000.0,
        "Other Income Expense": -42000000.0,
        "Other Non Operating Income Expenses": -42000000.0,
        "Special Income Charges": NaN,
        "Other Special Charges": NaN,
        "Impairment Of Capital Assets": NaN,
        "Operating Income": 1085000000.0,
        "Operating Expense": 2432000000.0,
        "Depreciation Amortization Depletion Income Statement": 159000000.0,
        "Depreciation And Amortization In Income Statement": 159000000.0,
        "Amortization": 159000000.0,
        "Amortization Of Intangibles Income Statement": 159000000.0,
        "Research And Development": 377000000.0,
        "Selling General And Administration": 1896000000.0,
        "Gross Profit": 3517000000.0,
        "Cost Of Revenue": 1977000000.0,
        "Total Revenue": 5494000000.0,
        "Operating Revenue": 5494000000.0
    },
    "2024-12-31": {
        "Tax Effect Of Unusual Items": 0.0,
        "Tax Rate For Calcs": 0.21,
        "Normalized EBITDA": 1822000000.0,
        "Total Unusual Items": NaN,
        "Total Unusual Items Excluding Goodwill": NaN,
        "Net Income From Continuing Operation Net Minority Interest": 546000000.0,
        "Reconciled Depreciation": 264000000.0,
        "Reconciled Cost Of Revenue": 2154000000.0,
        "EBITDA": 1822000000.0,
        "EBIT": 1558000000.0,
        "Normalized Income": 546000000.0,
        "Net Income From Continuing And Discontinued Operation": 546000000.0,
        "Total Expenses": 4878000000.0,
        "Total Operating Income As Reported": 581000000.0,
        "Diluted Average Shares": 386100000.0,
        "Basic Average Shares": 381300000.0,
        "Diluted EPS": 1.41,
        "Basic EPS": 1.43,
        "Diluted NI Availto Com Stockholders": 546000000.0,
        "Net Income Common Stockholders": 546000000.0,
        "Net Income": 546000000.0,
        "Net Income Including Noncontrolling Interests": 546000000.0,
        "Net Income Continuous Operations": 546000000.0,
        "Tax Provision": -18000000.0,
        "Pretax Income": 528000000.0,
        "Other Income Expense": -1030000000.0,
        "Other Non Operating Income Expenses": -53000000.0,
        "Special Income Charges": NaN,
        "Other Special Charges": NaN,
        "Impairment Of Capital Assets": NaN,
        "Operating Income": 1558000000.0,
        "Operating Expense": 2616000000.0,
        "Depreciation Amortization Depletion Income Statement": 156000000.0,
        "Depreciation And Amortization In Income Statement": 156000000.0,
        "Amortization": 156000000.0,
        "Amortization Of Intangibles Income Statement": 156000000.0,
        "Research And Development": 358000000.0,
        "Selling General And Administration": 2102000000.0,
        "Gross Profit": 4174000000.0,
        "Cost Of Revenue": 2262000000.0,
        "Total Revenue": 6436000000.0,
        "Operating Revenue": 6436000000.0
    },
    "2025-03-31": {
        "Tax Effect Of Unusual Items": -5040000.0,
        "Tax Rate For Calcs": 0.144,
        "Normalized EBITDA": 1179000000.0,
        "Total Unusual Items": -35000000.0,
        "Total Unusual Items Excluding Goodwill": -35000000.0,
        "Net Income From Continuing Operation Net Minority Interest": 654000000.0,
        "Reconciled Depreciation": 272000000.0,
        "Reconciled Cost Of Revenue": 2017000000.0,
        "EBITDA": 1144000000.0,
        "EBIT": 872000000.0,
        "Normalized Income": 683960000.0,
        "Net Income From Continuing And Discontinued Operation": 654000000.0,
        "Total Expenses": 4994000000.0,
        "Total Operating Income As Reported": 837000000.0,
        "Diluted Average Shares": 386400000.0,
        "Basic Average Shares": 381700000.0,
        "Diluted EPS": 1.69,
        "Basic EPS": 1.71,
        "Diluted NI Availto Com Stockholders": 654000000.0,
        "Net Income Common Stockholders": 654000000.0,
        "Net Income": 654000000.0,
        "Net Income Including Noncontrolling Interests": 654000000.0,
        "Net Income Continuous Operations": 654000000.0,
        "Tax Provision": 110000000.0,
        "Pretax Income": 764000000.0,
        "Other Income Expense": -108000000.0,
        "Other Non Operating Income Expenses": -73000000.0,
        "Special Income Charges": -35000000.0,
        "Other Special Charges": NaN,
        "Impairment Of Capital Assets": 35000000.0,
        "Operating Income": 872000000.0,
        "Operating Expense": 2872000000.0,
        "Depreciation Amortization Depletion Income Statement": 167000000.0,
        "Depreciation And Amortization In Income Statement": 167000000.0,
        "Amortization": 167000000.0,
        "Amortization Of Intangibles Income Statement": 167000000.0,
        "Research And Development": 405000000.0,
        "Selling General And Administration": 2300000000.0,
        "Gross Profit": 3744000000.0,
        "Cost Of Revenue": 2122000000.0,
        "Total Revenue": 5866000000.0,
        "Operating Revenue": 5866000000.0
    },
    "2025-06-30": {
        "Tax Effect Of Unusual Items": -7145669.291339,
        "Tax Rate For Calcs": 0.129921,
        "Normalized EBITDA": 1519000000.0,
        "Total Unusual Items": -55000000.0,
        "Total Unusual Items Excluding Goodwill": -55000000.0,
        "Net Income From Continuing Operation Net Minority Interest": 884000000.0,
        "Reconciled Depreciation": 296000000.0,
        "Reconciled Cost Of Revenue": 2072000000.0,
        "EBITDA": 1464000000.0,
        "EBIT": 1168000000.0,
        "Normalized Income": 931854330.708661,
        "Net Income From Continuing And Discontinued Operation": 884000000.0,
        "Total Expenses": 4854000000.0,
        "Total Operating Income As Reported": 1113000000.0,
        "Diluted Average Shares": 386400000.0,
        "Basic Average Shares": 382200000.0,
        "Diluted EPS": 2.29,
        "Basic EPS": 2.32,
        "Diluted NI Availto Com Stockholders": 884000000.0,
        "Net Income Common Stockholders": 884000000.0,
        "Net Income": 884000000.0,
        "Net Income Including Noncontrolling Interests": 884000000.0,
        "Net Income Continuous Operations": 884000000.0,
        "Tax Provision": 132000000.0,
        "Pretax Income": 1016000000.0,
        "Other Income Expense": -152000000.0,
        "Other Non Operating Income Expenses": -97000000.0,
        "Special Income Charges": -55000000.0,
        "Other Special Charges": NaN,
        "Impairment Of Capital Assets": 55000000.0,
        "Operating Income": 1168000000.0,
        "Operating Expense": 2673000000.0,
        "Depreciation Amortization Depletion Income Statement": 187000000.0,
        "Depreciation And Amortization In Income Statement": 187000000.0,
        "Amortization": 187000000.0,
        "Amortization Of Intangibles Income Statement": 187000000.0,
        "Research And Development": 407000000.0,
        "Selling General And Administration": 2079000000.0,
        "Gross Profit": 3841000000.0,
        "Cost Of Revenue": 2181000000.0,
        "Total Revenue": 6022000000.0,
        "Operating Revenue": 6022000000.0
    }
}