{
    "2023-09-30": {
        "Tax Effect Of Unusual Items": NaN,
        "Tax Rate For Calcs": NaN,
        "Normalized EBITDA": NaN,
        "Total Unusual Items": -10453000.0,
        "Total Unusual Items Excluding Goodwill": -10453000.0,
        "Net Income From Continuing Operation Net Minority Interest": NaN,
        "Reconciled Depreciation": NaN,
        "EBITDA": NaN,
        "EBIT": NaN,
        "Net Interest Income": NaN,
        "Interest Income": NaN,
        "Normalized Income": NaN,
        "Net Income From Continuing And Discontinued Operation": NaN,
        "Total Expenses": NaN,
        "Total Operating Income As Reported": NaN,
        "Diluted Average Shares": NaN,
        "Basic Average Shares": NaN,
        "Diluted EPS": NaN,
        "Basic EPS": NaN,
        "Diluted NI Availto Com Stockholders": NaN,
        "Net Income Common Stockholders": NaN,
        "Net Income": NaN,
        "Net Income Including Noncontrolling Interests": NaN,
        "Net Income Continuous Operations": NaN,
        "Tax Provision": NaN,
        "Pretax Income": NaN,
        "Other Income Expense": NaN,
        "Other Non Operating Income Expenses": NaN,
        "Special Income Charges": 14907000.0,
        "Gain On Sale Of Ppe": 14609000.0,
        "Other Special Charges": -298000.0,
        "Gain On Sale Of Security": -25360000.0,
        "Net Non Operating Interest Income Expense": NaN,
        "Interest Income Non Operating": NaN,
        "Operating Income": NaN,
        "Operating Expense": NaN,
        "Research And Development": NaN,
        "Selling General And Administration": NaN,
        "General And Administrative Expense": NaN,
        "Other Gand A": NaN,
        "Total Revenue": NaN,
        "Operating Revenue": NaN
    },
    "2023-06-30": {
        "Tax Effect Of Unusual Items": NaN,
        "Tax Rate For Calcs": NaN,
        "Normalized EBITDA": NaN,
        "Total Unusual Items": NaN,
        "Total Unusual Items Excluding Goodwill": NaN,
        "Net Income From Continuing Operation Net Minority Interest": NaN,
        "Reconciled Depreciation": NaN,
        "EBITDA": NaN,
        "EBIT": NaN,
        "Net Interest Income": NaN,
        "Interest Income": NaN,
        "Normalized Income": NaN,
        "Net Income From Continuing And Discontinued Operation": NaN,
        "Total Expenses": NaN,
        "Total Operating Income As Reported": NaN,
        "Diluted Average Shares": NaN,
        "Basic Average Shares": NaN,
        "Diluted EPS": NaN,
        "Basic EPS": NaN,
        "Diluted NI Availto Com Stockholders": NaN,
        "Net Income Common Stockholders": NaN,
        "Net Income": NaN,
        "Net Income Including Noncontrolling Interests": NaN,
        "Net Income Continuous Operations": NaN,
        "Tax Provision": NaN,
        "Pretax Income": NaN,
        "Other Income Expense": NaN,
        "Other Non Operating Income Expenses": NaN,
        "Special Income Charges": NaN,
        "Gain On Sale Of Ppe": NaN,
        "Other Special Charges": 130486000.0,
        "Gain On Sale Of Security": -58170000.0,
        "Net Non Operating Interest Income Expense": NaN,
        "Interest Income Non Operating": NaN,
        "Operating Income": NaN,
        "Operating Expense": NaN,
        "Research And Development": NaN,
        "Selling General And Administration": NaN,
        "General And Administrative Expense": NaN,
        "Other Gand A": NaN,
        "Total Revenue": NaN,
        "Operating Revenue": NaN
    },
    "2023-03-31": {
        "Tax Effect Of Unusual Items": NaN,
        "Tax Rate For Calcs": NaN,
        "Normalized EBITDA": NaN,
        "Total Unusual Items": NaN,
        "Total Unusual Items Excluding Goodwill": NaN,
        "Net Income From Continuing Operation Net Minority Interest": NaN,
        "Reconciled Depreciation": NaN,
        "EBITDA": NaN,
        "EBIT": NaN,
        "Net Interest Income": NaN,
        "Interest Income": NaN,
        "Normalized Income": NaN,
        "Net Income From Continuing And Discontinued Operation": NaN,
        "Total Expenses": NaN,
        "Total Operating Income As Reported": NaN,
        "Diluted Average Shares": 3770506.0,
        "Basic Average Shares": 3770506.0,
        "Diluted EPS": -4.89,
        "Basic EPS": -4.89,
        "Diluted NI Availto Com Stockholders": NaN,
        "Net Income Common Stockholders": NaN,
        "Net Income": NaN,
        "Net Income Including Noncontrolling Interests": NaN,
        "Net Income Continuous Operations": NaN,
        "Tax Provision": NaN,
        "Pretax Income": NaN,
        "Other Income Expense": NaN,
        "Other Non Operating Income Expenses": NaN,
        "Special Income Charges": NaN,
        "Other Special Charges": NaN,
        "Gain On Sale Of Security": NaN,
        "Net Non Operating Interest Income Expense": NaN,
        "Interest Income Non Operating": NaN,
        "Operating Income": NaN,
        "Operating Expense": NaN,
        "Research And Development": NaN,
        "Selling General And Administration": NaN,
        "General And Administrative Expense": NaN,
        "Other Gand A": NaN,
        "Total Revenue": NaN,
        "Operating Revenue": NaN
    },
    "2022-12-31": {
        "Tax Effect Of Unusual Items": 0.0,
        "Tax Rate For Calcs": 0.21,
        "Normalized EBITDA": -18777000.0,
        "Total Unusual Items": NaN,
        "Total Unusual Items Excluding Goodwill": NaN,
        "Net Income From Continuing Operation Net Minority Interest": -18822000.0,
        "Reconciled Depreciation": 385000.0,
        "EBITDA": -18777000.0,
        "EBIT": -19162000.0,
        "Net Interest Income": 410000.0,
        "Interest Income": 410000.0,
        "Normalized Income": -18822000.0,
        "Net Income From Continuing And Discontinued Operation": -18822000.0,
        "Total Expenses": 19330000.0,
        "Total Operating Income As Reported": -19162000.0,
        "Diluted Average Shares": NaN,
        "Basic Average Shares": NaN,
        "Diluted EPS": NaN,
        "Basic EPS": NaN,
        "Diluted NI Availto Com Stockholders": -18822000.0,
        "Net Income Common Stockholders": -18822000.0,
        "Net Income": -18822000.0,
        "Net Income Including Noncontrolling Interests": -18822000.0,
        "Net Income Continuous Operations": -18822000.0,
        "Tax Provision": 38000.0,
        "Pretax Income": -18784000.0,
        "Other Income Expense": -32000.0,
        "Other Non Operating Income Expenses": -32000.0,
        "Special Income Charges": NaN,
        "Other Special Charges": NaN,
        "Gain On Sale Of Security": NaN,
        "Net Non Operating Interest Income Expense": 410000.0,
        "Interest Income Non Operating": 410000.0,
        "Operating Income": -19162000.0,
        "Operating Expense": 19330000.0,
        "Research And Development": 14251000.0,
        "Selling General And Administration": 5079000.0,
        "General And Administrative Expense": 5079000.0,
        "Other Gand A": 5079000.0,
        "Total Revenue": 168000.0,
        "Operating Revenue": 168000.0
    },
    "2022-09-30": {
        "Tax Effect Of Unusual Items": NaN,
        "Tax Rate For Calcs": NaN,
        "Normalized EBITDA": NaN,
        "Total Unusual Items": 0.0,
        "Total Unusual Items Excluding Goodwill": 0.0,
        "Net Income From Continuing Operation Net Minority Interest": NaN,
        "Reconciled Depreciation": NaN,
        "EBITDA": NaN,
        "EBIT": NaN,
        "Net Interest Income": NaN,
        "Interest Income": NaN,
        "Normalized Income": NaN,
        "Net Income From Continuing And Discontinued Operation": NaN,
        "Total Expenses": NaN,
        "Total Operating Income As Reported": NaN,
        "Diluted Average Shares": 3767918.0,
        "Basic Average Shares": 3767918.0,
        "Diluted EPS": -4.84,
        "Basic EPS": -4.84,
        "Diluted NI Availto Com Stockholders": NaN,
        "Net Income Common Stockholders": NaN,
        "Net Income": NaN,
        "Net Income Including Noncontrolling Interests": NaN,
        "Net Income Continuous Operations": NaN,
        "Tax Provision": NaN,
        "Pretax Income": NaN,
        "Other Income Expense": NaN,
        "Other Non Operating Income Expenses": NaN,
        "Special Income Charges": 0.0,
        "Other Special Charges": NaN,
        "Gain On Sale Of Security": NaN,
        "Net Non Operating Interest Income Expense": NaN,
        "Interest Income Non Operating": NaN,
        "Operating Income": NaN,
        "Operating Expense": NaN,
        "Research And Development": NaN,
        "Selling General And Administration": NaN,
        "General And Administrative Expense": NaN,
        "Other Gand A": NaN,
        "Total Revenue": NaN,
        "Operating Revenue": NaN
    },
    "2023-12-31": {
        "Tax Effect Of Unusual Items": NaN,
        "Tax Rate For Calcs": NaN,
        "Normalized EBITDA": NaN,
        "Total Unusual Items": 1840000.0,
        "Total Unusual Items Excluding Goodwill": 1840000.0,
        "Net Income From Continuing Operation Net Minority Interest": NaN,
        "Reconciled Depreciation": -220000.0,
        "EBITDA": NaN,
        "EBIT": NaN,
        "Net Interest Income": NaN,
        "Interest Income": NaN,
        "Normalized Income": NaN,
        "Net Income From Continuing And Discontinued Operation": NaN,
        "Total Expenses": NaN,
        "Total Operating Income As Reported": NaN,
        "Diluted Average Shares": NaN,
        "Basic Average Shares": NaN,
        "Diluted EPS": NaN,
        "Basic EPS": NaN,
        "Diluted NI Availto Com Stockholders": NaN,
        "Net Income Common Stockholders": NaN,
        "Net Income": NaN,
        "Net Income Including Noncontrolling Interests": NaN,
        "Net Income Continuous Operations": NaN,
        "Tax Provision": NaN,
        "Pretax Income": NaN,
        "Other Income Expense": NaN,
        "Other Non Operating Income Expenses": NaN,
        "Special Income Charges": 1840000.0,
        "Gain On Sale Of Ppe": 1840000.0,
        "Other Special Charges": 0.0,
        "Gain On Sale Of Security": 0.0,
        "Net Non Operating Interest Income Expense": NaN,
        "Interest Income Non Operating": NaN,
        "Operating Income": NaN,
        "Operating Expense": NaN,
        "Research And Development": NaN,
        "Selling General And Administration": NaN,
        "General And Administrative Expense": NaN,
        "Other Gand A": NaN,
        "Total Revenue": NaN,
        "Operating Revenue": NaN
    },
    "2024-03-31": {
        "Tax Effect Of Unusual Items": NaN,
        "Tax Rate For Calcs": NaN,
        "Normalized EBITDA": NaN,
        "Total Unusual Items": NaN,
        "Total Unusual Items Excluding Goodwill": NaN,
        "Net Income From Continuing Operation Net Minority Interest": NaN,
        "Reconciled Depreciation": 0.0,
        "EBITDA": NaN,
        "EBIT": NaN,
        "Net Interest Income": NaN,
        "Interest Income": NaN,
        "Normalized Income": NaN,
        "Net Income From Continuing And Discontinued Operation": NaN,
        "Total Expenses": NaN,
        "Total Operating Income As Reported": NaN,
        "Diluted Average Shares": NaN,
        "Basic Average Shares": NaN,
        "Diluted EPS": NaN,
        "Basic EPS": NaN,
        "Diluted NI Availto Com Stockholders": NaN,
        "Net Income Common Stockholders": NaN,
        "Net Income": NaN,
        "Net Income Including Noncontrolling Interests": NaN,
        "Net Income Continuous Operations": NaN,
        "Tax Provision": NaN,
        "Pretax Income": NaN,
        "Other Income Expense": NaN,
        "Other Non Operating Income Expenses": NaN,
        "Special Income Charges": NaN,
        "Gain On Sale Of Ppe": NaN,
        "Net Non Operating Interest Income Expense": NaN,
        "Interest Income Non Operating": NaN,
        "Operating Income": NaN,
        "Operating Expense": NaN,
        "Research And Development": NaN,
        "Selling General And Administration": NaN,
        "General And Administrative Expense": NaN,
        "Other Gand A": NaN,
        "Total Revenue": NaN,
        "Operating Revenue": NaN
    },
    "2024-06-30": {
        "Tax Effect Of Unusual Items": NaN,
        "Tax Rate For Calcs": NaN,
        "Normalized EBITDA": NaN,
        "Total Unusual Items": 0.0,
        "Total Unusual Items Excluding Goodwill": 0.0,
        "Net Income From Continuing Operation Net Minority Interest": NaN,
        "Reconciled Depreciation": 0.0,
        "EBITDA": NaN,
        "EBIT": NaN,
        "Net Interest Income": NaN,
        "Interest Income": NaN,
        "Normalized Income": NaN,
        "Net Income From Continuing And Discontinued Operation": NaN,
        "Total Expenses": NaN,
        "Total Operating Income As Reported": NaN,
        "Diluted Average Shares": NaN,
        "Basic Average Shares": NaN,
        "Diluted EPS": NaN,
        "Basic EPS": NaN,
        "Diluted NI Availto Com Stockholders": NaN,
        "Net Income Common Stockholders": NaN,
        "Net Income": NaN,
        "Net Income Including Noncontrolling Interests": NaN,
        "Net Income Continuous Operations": NaN,
        "Tax Provision": NaN,
        "Pretax Income": NaN,
        "Other Income Expense": NaN,
        "Other Non Operating Income Expenses": NaN,
        "Special Income Charges": 0.0,
        "Gain On Sale Of Ppe": 0.0,
        "Net Non Operating Interest Income Expense": NaN,
        "Interest Income Non Operating": NaN,
        "Operating Income": NaN,
        "Operating Expense": NaN,
        "Research And Development": NaN,
        "Selling General And Administration": NaN,
        "General And Administrative Expense": NaN,
        "Other Gand A": NaN,
        "Total Revenue": NaN,
        "Operating Revenue": NaN
    },
    "2024-09-30": {
        "Tax Effect Of Unusual Items": 0.0,
        "Tax Rate For Calcs": 0.21,
        "Normalized EBITDA": -55392000.0,
        "Total Unusual Items": 0.0,
        "Total Unusual Items Excluding Goodwill": 0.0,
        "Net Income From Continuing Operation Net Minority Interest": -69028000.0,
        "Reconciled Depreciation": 0.0,
        "EBITDA": -55392000.0,
        "EBIT": -55392000.0,
        "Net Interest Income": 5184000.0,
        "Interest Income": 5184000.0,
        "Normalized Income": -69028000.0,
        "Net Income From Continuing And Discontinued Operation": -69028000.0,
        "Total Expenses": 55392000.0,
        "Total Operating Income As Reported": -55392000.0,
        "Diluted Average Shares": 50889433.0,
        "Basic Average Shares": 50889433.0,
        "Diluted EPS": -1.06,
        "Basic EPS": -1.06,
        "Diluted NI Availto Com Stockholders": -69028000.0,
        "Net Income Common Stockholders": -69028000.0,
        "Net Income": -69028000.0,
        "Net Income Including Noncontrolling Interests": -69028000.0,
        "Net Income Continuous Operations": -69028000.0,
        "Tax Provision": 18000.0,
        "Pretax Income": -69010000.0,
        "Other Income Expense": -18802000.0,
        "Other Non Operating Income Expenses": -18802000.0,
        "Special Income Charges": 0.0,
        "Gain On Sale Of Ppe": 0.0,
        "Net Non Operating Interest Income Expense": 5184000.0,
        "Interest Income Non Operating": 5184000.0,
        "Operating Income": -55392000.0,
        "Operating Expense": 55392000.0,
        "Research And Development": 44744000.0,
        "Selling General And Administration": 10648000.0,
        "General And Administrative Expense": 10648000.0,
        "Other Gand A": 10648000.0,
        "Total Revenue": 0.0,
        "Operating Revenue": 0.0
    },
    "2024-12-31": {
        "Tax Effect Of Unusual Items": 0.0,
        "Tax Rate For Calcs": 0.21,
        "Normalized EBITDA": -61253000.0,
        "Total Unusual Items": 0.0,
        "Total Unusual Items Excluding Goodwill": 0.0,
        "Net Income From Continuing Operation Net Minority Interest": -56296000.0,
        "Reconciled Depreciation": 0.0,
        "EBITDA": -61253000.0,
        "EBIT": -61253000.0,
        "Net Interest Income": 5776000.0,
        "Interest Income": 5776000.0,
        "Normalized Income": -56296000.0,
        "Net Income From Continuing And Discontinued Operation": -56296000.0,
        "Total Expenses": 61253000.0,
        "Total Operating Income As Reported": -61253000.0,
        "Diluted Average Shares": 55259227.0,
        "Basic Average Shares": 55259227.0,
        "Diluted EPS": -0.81,
        "Basic EPS": -0.81,
        "Diluted NI Availto Com Stockholders": 2167000.0,
        "Net Income Common Stockholders": 2167000.0,
        "Net Income": -56296000.0,
        "Net Income Including Noncontrolling Interests": -56296000.0,
        "Net Income Continuous Operations": -56296000.0,
        "Tax Provision": 1000.0,
        "Pretax Income": -56295000.0,
        "Other Income Expense": -818000.0,
        "Other Non Operating Income Expenses": -818000.0,
        "Special Income Charges": 0.0,
        "Gain On Sale Of Ppe": 0.0,
        "Net Non Operating Interest Income Expense": 5776000.0,
        "Interest Income Non Operating": 5776000.0,
        "Operating Income": -61253000.0,
        "Operating Expense": 61253000.0,
        "Research And Development": 50482000.0,
        "Selling General And Administration": 10771000.0,
        "General And Administrative Expense": 10771000.0,
        "Other Gand A": 10771000.0,
        "Total Revenue": 0.0,
        "Operating Revenue": 0.0
    },
    "2025-03-31": {
        "Tax Effect Of Unusual Items": 0.0,
        "Tax Rate For Calcs": 0.000335,
        "Normalized EBITDA": -53567000.0,
        "Total Unusual Items": NaN,
        "Total Unusual Items Excluding Goodwill": NaN,
        "Net Income From Continuing Operation Net Minority Interest": -44773000.0,
        "Reconciled Depreciation": NaN,
        "EBITDA": -53567000.0,
        "EBIT": -53567000.0,
        "Net Interest Income": 6493000.0,
        "Interest Income": 6493000.0,
        "Normalized Income": -44773000.0,
        "Net Income From Continuing And Discontinued Operation": -44773000.0,
        "Total Expenses": 53567000.0,
        "Total Operating Income As Reported": -53567000.0,
        "Diluted Average Shares": 60265932.0,
        "Basic Average Shares": 60265932.0,
        "Diluted EPS": -0.6,
        "Basic EPS": -0.6,
        "Diluted NI Availto Com Stockholders": -44773000.0,
        "Net Income Common Stockholders": -44773000.0,
        "Net Income": -44773000.0,
        "Net Income Including Noncontrolling Interests": -44773000.0,
        "Net Income Continuous Operations": -44773000.0,
        "Tax Provision": -15000.0,
        "Pretax Income": -44788000.0,
        "Other Income Expense": 2286000.0,
        "Other Non Operating Income Expenses": 2286000.0,
        "Special Income Charges": NaN,
        "Gain On Sale Of Ppe": NaN,
        "Net Non Operating Interest Income Expense": 6493000.0,
        "Interest Income Non Operating": 6493000.0,
        "Operating Income": -53567000.0,
        "Operating Expense": 53567000.0,
        "Research And Development": 41623000.0,
        "Selling General And Administration": 11944000.0,
        "General And Administrative Expense": 11944000.0,
        "Other Gand A": 11944000.0,
        "Total Revenue": 0.0,
        "Operating Revenue": 0.0
    },
    "2025-06-30": {
        "Tax Effect Of Unusual Items": 0.0,
        "Tax Rate For Calcs": 0.0,
        "Normalized EBITDA": -61935000.0,
        "Total Unusual Items": 10000000.0,
        "Total Unusual Items Excluding Goodwill": 10000000.0,
        "Net Income From Continuing Operation Net Minority Interest": -36717000.0,
        "Reconciled Depreciation": NaN,
        "EBITDA": -51935000.0,
        "EBIT": -51935000.0,
        "Net Interest Income": 5874000.0,
        "Interest Income": 5874000.0,
        "Normalized Income": -46717000.0,
        "Net Income From Continuing And Discontinued Operation": -36717000.0,
        "Total Expenses": 51935000.0,
        "Total Operating Income As Reported": -41935000.0,
        "Diluted Average Shares": 60696550.0,
        "Basic Average Shares": 60696550.0,
        "Diluted EPS": -0.604927,
        "Basic EPS": -0.604927,
        "Diluted NI Availto Com Stockholders": -36717000.0,
        "Net Income Common Stockholders": -36717000.0,
        "Net Income": -36717000.0,
        "Net Income Including Noncontrolling Interests": -36717000.0,
        "Net Income Continuous Operations": -36717000.0,
        "Tax Provision": 0.0,
        "Pretax Income": -36717000.0,
        "Other Income Expense": 9344000.0,
        "Other Non Operating Income Expenses": -656000.0,
        "Special Income Charges": 10000000.0,
        "Gain On Sale Of Ppe": 10000000.0,
        "Net Non Operating Interest Income Expense": 5874000.0,
        "Interest Income Non Operating": 5874000.0,
        "Operating Income": -51935000.0,
        "Operating Expense": 51935000.0,
        "Research And Development": 40145000.0,
        "Selling General And Administration": 11790000.0,
        "General And Administrative Expense": 11790000.0,
        "Other Gand A": 11790000.0,
        "Total Revenue": 0.0,
        "Operating Revenue": 0.0
    },
    "2025-09-30": {
        "Tax Effect Of Unusual Items": 0.0,
        "Tax Rate For Calcs": 0.0,
        "Normalized EBITDA": -56888000.0,
        "Total Unusual Items": 0.0,
        "Total Unusual Items Excluding Goodwill": 0.0,
        "Net Income From Continuing Operation Net Minority Interest": -11183000.0,
        "Reconciled Depreciation": NaN,
        "EBITDA": -56888000.0,
        "EBIT": -56888000.0,
        "Net Interest Income": 5379000.0,
        "Interest Income": 5379000.0,
        "Normalized Income": -11183000.0,
        "Net Income From Continuing And Discontinued Operation": -11183000.0,
        "Total Expenses": 56888000.0,
        "Total Operating Income As Reported": -56888000.0,
        "Diluted Average Shares": 60776935.0,
        "Basic Average Shares": 60776935.0,
        "Diluted EPS": -0.184001,
        "Basic EPS": -0.184001,
        "Diluted NI Availto Com Stockholders": -11183000.0,
        "Net Income Common Stockholders": -11183000.0,
        "Net Income": -11183000.0,
        "Net Income Including Noncontrolling Interests": -11183000.0,
        "Net Income Continuous Operations": -11183000.0,
        "Tax Provision": 0.0,
        "Pretax Income": -11183000.0,
        "Other Income Expense": 40326000.0,
        "Other Non Operating Income Expenses": 40326000.0,
        "Special Income Charges": 0.0,
        "Gain On Sale Of Ppe": 0.0,
        "Net Non Operating Interest Income Expense": 5379000.0,
        "Interest Income Non Operating": 5379000.0,
        "Operating Income": -56888000.0,
        "Operating Expense": 56888000.0,
        "Research And Development": 45247000.0,
        "Selling General And Administration": 11641000.0,
        "General And Administrative Expense": 11641000.0,
        "Other Gand A": 11641000.0,
        "Total Revenue": 0.0,
        "Operating Revenue": 0.0
    }
}