{
    "2023-03-31": {
        "Tax Effect Of Unusual Items": NaN,
        "Tax Rate For Calcs": NaN,
        "Normalized EBITDA": NaN,
        "Net Income From Continuing Operation Net Minority Interest": NaN,
        "Reconciled Depreciation": NaN,
        "Reconciled Cost Of Revenue": NaN,
        "EBITDA": NaN,
        "EBIT": NaN,
        "Net Interest Income": NaN,
        "Interest Expense": NaN,
        "Normalized Income": NaN,
        "Net Income From Continuing And Discontinued Operation": NaN,
        "Total Expenses": NaN,
        "Total Operating Income As Reported": NaN,
        "Diluted Average Shares": 509842400.0,
        "Basic Average Shares": 507716975.0,
        "Diluted EPS": 0.84,
        "Basic EPS": 0.85,
        "Diluted NI Availto Com Stockholders": NaN,
        "Net Income Common Stockholders": NaN,
        "Net Income": NaN,
        "Net Income Including Noncontrolling Interests": NaN,
        "Net Income Continuous Operations": NaN,
        "Tax Provision": NaN,
        "Pretax Income": NaN,
        "Other Income Expense": NaN,
        "Other Non Operating Income Expenses": NaN,
        "Net Non Operating Interest Income Expense": NaN,
        "Interest Expense Non Operating": NaN,
        "Operating Income": NaN,
        "Operating Expense": NaN,
        "Gross Profit": NaN,
        "Cost Of Revenue": NaN,
        "Total Revenue": NaN,
        "Operating Revenue": NaN
    },
    "2022-12-31": {
        "Tax Effect Of Unusual Items": 0.0,
        "Tax Rate For Calcs": 0.2088,
        "Normalized EBITDA": 528885000.0,
        "Net Income From Continuing Operation Net Minority Interest": 141216000.0,
        "Reconciled Depreciation": 218367000.0,
        "Reconciled Cost Of Revenue": 15244337000.0,
        "EBITDA": 528885000.0,
        "EBIT": 310518000.0,
        "Net Interest Income": -132042000.0,
        "Interest Expense": 132042000.0,
        "Normalized Income": 141216000.0,
        "Net Income From Continuing And Discontinued Operation": 141216000.0,
        "Total Expenses": 17953130000.0,
        "Total Operating Income As Reported": 640823000.0,
        "Diluted Average Shares": 510145794.0,
        "Basic Average Shares": 507609696.0,
        "Diluted EPS": 0.28,
        "Basic EPS": 0.28,
        "Diluted NI Availto Com Stockholders": 141216000.0,
        "Net Income Common Stockholders": 141216000.0,
        "Net Income": 141216000.0,
        "Net Income Including Noncontrolling Interests": 141216000.0,
        "Net Income Continuous Operations": 141216000.0,
        "Tax Provision": 37260000.0,
        "Pretax Income": 178476000.0,
        "Other Income Expense": -330305000.0,
        "Other Non Operating Income Expenses": -330305000.0,
        "Net Non Operating Interest Income Expense": -132042000.0,
        "Interest Expense Non Operating": 132042000.0,
        "Operating Income": 640823000.0,
        "Operating Expense": 2708793000.0,
        "Gross Profit": 3349616000.0,
        "Cost Of Revenue": 15244337000.0,
        "Total Revenue": 18593953000.0,
        "Operating Revenue": 18593953000.0
    },
    "2022-09-30": {
        "Tax Effect Of Unusual Items": 0.0,
        "Tax Rate For Calcs": 0.217404,
        "Normalized EBITDA": 935518000.0,
        "Net Income From Continuing Operation Net Minority Interest": 465568000.0,
        "Reconciled Depreciation": 216466000.0,
        "Reconciled Cost Of Revenue": 15637975000.0,
        "EBITDA": 935518000.0,
        "EBIT": 719052000.0,
        "Net Interest Income": -124150000.0,
        "Interest Expense": 124150000.0,
        "Normalized Income": 465568000.0,
        "Net Income From Continuing And Discontinued Operation": 465568000.0,
        "Total Expenses": 18392497000.0,
        "Total Operating Income As Reported": 734333000.0,
        "Diluted Average Shares": 510383149.0,
        "Basic Average Shares": 507578576.0,
        "Diluted EPS": 0.91,
        "Basic EPS": 0.92,
        "Diluted NI Availto Com Stockholders": 465568000.0,
        "Net Income Common Stockholders": 465568000.0,
        "Net Income": 465568000.0,
        "Net Income Including Noncontrolling Interests": 465568000.0,
        "Net Income Continuous Operations": 465568000.0,
        "Tax Provision": 129334000.0,
        "Pretax Income": 594902000.0,
        "Other Income Expense": -15281000.0,
        "Other Non Operating Income Expenses": -15281000.0,
        "Net Non Operating Interest Income Expense": -124150000.0,
        "Interest Expense Non Operating": 124150000.0,
        "Operating Income": 734333000.0,
        "Operating Expense": 2754522000.0,
        "Gross Profit": 3488855000.0,
        "Cost Of Revenue": 15637975000.0,
        "Total Revenue": 19126830000.0,
        "Operating Revenue": 19126830000.0
    },
    "2022-06-30": {
        "Tax Effect Of Unusual Items": 0.0,
        "Tax Rate For Calcs": 0.205475,
        "Normalized EBITDA": 997302000.0,
        "Net Income From Continuing Operation Net Minority Interest": 509989000.0,
        "Reconciled Depreciation": 226911000.0,
        "Reconciled Cost Of Revenue": 15512986000.0,
        "EBITDA": 997302000.0,
        "EBIT": 770391000.0,
        "Net Interest Income": -128512000.0,
        "Interest Expense": 128512000.0,
        "Normalized Income": 509989000.0,
        "Net Income From Continuing And Discontinued Operation": 509989000.0,
        "Total Expenses": 18190543000.0,
        "Total Operating Income As Reported": 766715000.0,
        "Diluted Average Shares": 513426968.0,
        "Basic Average Shares": 510593952.0,
        "Diluted EPS": 0.99,
        "Basic EPS": 1.0,
        "Diluted NI Availto Com Stockholders": 509989000.0,
        "Net Income Common Stockholders": 509989000.0,
        "Net Income": 509989000.0,
        "Net Income Including Noncontrolling Interests": 509989000.0,
        "Net Income Continuous Operations": 509989000.0,
        "Tax Provision": 131890000.0,
        "Pretax Income": 641879000.0,
        "Other Income Expense": 3676000.0,
        "Other Non Operating Income Expenses": 3676000.0,
        "Net Non Operating Interest Income Expense": -128512000.0,
        "Interest Expense Non Operating": 128512000.0,
        "Operating Income": 766715000.0,
        "Operating Expense": 2677557000.0,
        "Gross Profit": 3444272000.0,
        "Cost Of Revenue": 15512986000.0,
        "Total Revenue": 18957258000.0,
        "Operating Revenue": 18957258000.0
    },
    "2023-06-30": {
        "Tax Effect Of Unusual Items": NaN,
        "Tax Rate For Calcs": NaN,
        "Normalized EBITDA": NaN,
        "Net Income From Continuing Operation Net Minority Interest": NaN,
        "Reconciled Depreciation": NaN,
        "Reconciled Cost Of Revenue": NaN,
        "EBITDA": NaN,
        "EBIT": NaN,
        "Net Interest Income": NaN,
        "Interest Expense": NaN,
        "Normalized Income": NaN,
        "Net Income From Continuing And Discontinued Operation": NaN,
        "Total Expenses": NaN,
        "Total Operating Income As Reported": NaN,
        "Diluted Average Shares": 508507679.0,
        "Basic Average Shares": 506546404.0,
        "Diluted EPS": 1.44,
        "Basic EPS": 1.45,
        "Diluted NI Availto Com Stockholders": NaN,
        "Net Income Common Stockholders": NaN,
        "Net Income": NaN,
        "Net Income Including Noncontrolling Interests": NaN,
        "Net Income Continuous Operations": NaN,
        "Tax Provision": NaN,
        "Pretax Income": NaN,
        "Other Income Expense": NaN,
        "Other Non Operating Income Expenses": NaN,
        "Net Non Operating Interest Income Expense": NaN,
        "Interest Expense Non Operating": NaN,
        "Operating Income": NaN,
        "Operating Expense": NaN,
        "Gross Profit": NaN,
        "Cost Of Revenue": NaN,
        "Total Revenue": NaN,
        "Operating Revenue": NaN
    },
    "2022-03-31": {
        "Diluted EPS": 0.59,
        "Total Revenue": NaN,
        "Gross Profit": NaN,
        "Operating Income": 496,
        "EBIT": 722,
        "Net Income": 303
    },
    "2021-12-31": {
        "Diluted EPS": 0.33,
        "Total Revenue": NaN,
        "Gross Profit": NaN,
        "Operating Income": 445,
        "EBIT": 668,
        "Net Income": 167
    },
    "2021-09-30": {
        "Diluted EPS": 0.73,
        "Total Revenue": NaN,
        "Gross Profit": NaN,
        "Operating Income": 632,
        "EBIT": 852,
        "Net Income": 378
    },
    "2021-06-30": {
        "Diluted EPS": 0.3,
        "Total Revenue": NaN,
        "Gross Profit": NaN,
        "Operating Income": 570,
        "EBIT": 804,
        "Net Income": 151
    },
    "2021-03-31": {
        "Diluted EPS": 0.17,
        "Total Revenue": NaN,
        "Gross Profit": NaN,
        "Operating Income": 236,
        "EBIT": 446,
        "Net Income": 89
    },
    "2020-12-31": {
        "Diluted EPS": 0.13,
        "Total Revenue": NaN,
        "Gross Profit": NaN,
        "Operating Income": 212,
        "EBIT": 431,
        "Net Income": 67
    },
    "2020-09-30": {
        "Diluted EPS": 0.42,
        "Total Revenue": NaN,
        "Gross Profit": NaN,
        "Operating Income": 420,
        "EBIT": 634,
        "Net Income": 217
    },
    "2020-06-30": {
        "Diluted EPS": -1.18,
        "Total Revenue": NaN,
        "Gross Profit": NaN,
        "Operating Income": -532,
        "EBIT": -118,
        "Net Income": -618
    },
    "2020-03-31": {
        "Diluted EPS": -0.01,
        "Total Revenue": NaN,
        "Gross Profit": NaN,
        "Operating Income": 60,
        "EBIT": 351,
        "Net Income": -3
    },
    "2019-12-31": {
        "Diluted EPS": 0.74,
        "Total Revenue": NaN,
        "Gross Profit": NaN,
        "Operating Income": 552,
        "EBIT": 769,
        "Net Income": 383
    },
    "2019-09-30": {
        "Diluted EPS": 0.87,
        "Total Revenue": NaN,
        "Gross Profit": NaN,
        "Operating Income": 668,
        "EBIT": 888,
        "Net Income": 454
    },
    "2019-06-30": {
        "Diluted EPS": 1.03,
        "Total Revenue": NaN,
        "Gross Profit": NaN,
        "Operating Income": 721,
        "EBIT": 913,
        "Net Income": 536
    },
    "2019-03-31": {
        "Diluted EPS": 0.85,
        "Total Revenue": NaN,
        "Gross Profit": NaN,
        "Operating Income": 530,
        "EBIT": 719,
        "Net Income": 440
    },
    "2018-12-31": {
        "Diluted EPS": 0.51,
        "Total Revenue": NaN,
        "Gross Profit": NaN,
        "Operating Income": 452,
        "EBIT": 661,
        "Net Income": 267
    },
    "2018-09-30": {
        "Diluted EPS": 0.81,
        "Total Revenue": NaN,
        "Gross Profit": NaN,
        "Operating Income": 628,
        "EBIT": 822,
        "Net Income": 431
    },
    "2018-06-30": {
        "Diluted EPS": 0.84,
        "Total Revenue": NaN,
        "Gross Profit": NaN,
        "Operating Income": 684,
        "EBIT": 893,
        "Net Income": 449
    },
    "2018-03-31": {
        "Diluted EPS": 0.63,
        "Total Revenue": NaN,
        "Gross Profit": NaN,
        "Operating Income": 482,
        "EBIT": 682,
        "Net Income": 330
    },
    "2017-12-31": {
        "Diluted EPS": 0.54,
        "Total Revenue": NaN,
        "Gross Profit": NaN,
        "Operating Income": 529,
        "EBIT": 726,
        "Net Income": 284
    },
    "2017-09-30": {
        "Diluted EPS": 0.69,
        "Total Revenue": NaN,
        "Gross Profit": NaN,
        "Operating Income": 619,
        "EBIT": 806,
        "Net Income": 368
    },
    "2017-06-30": {
        "Diluted EPS": 0.56,
        "Total Revenue": NaN,
        "Gross Profit": NaN,
        "Operating Income": 559,
        "EBIT": 801,
        "Net Income": 305
    },
    "2017-03-31": {
        "Diluted EPS": 0.44,
        "Total Revenue": NaN,
        "Gross Profit": NaN,
        "Operating Income": 436,
        "EBIT": 666,
        "Net Income": 238
    },
    "2016-12-31": {
        "Diluted EPS": 0.5,
        "Total Revenue": NaN,
        "Gross Profit": NaN,
        "Operating Income": 492,
        "EBIT": 736,
        "Net Income": 275
    },
    "2016-09-30": {
        "Diluted EPS": 0.58,
        "Total Revenue": NaN,
        "Gross Profit": NaN,
        "Operating Income": 567,
        "EBIT": 785,
        "Net Income": 324
    },
    "2016-06-30": {
        "Diluted EPS": 0.37,
        "Total Revenue": NaN,
        "Gross Profit": NaN,
        "Operating Income": 547,
        "EBIT": 758,
        "Net Income": 216
    },
    "2016-03-31": {
        "Diluted EPS": 0.38,
        "Total Revenue": NaN,
        "Gross Profit": NaN,
        "Operating Income": 378,
        "EBIT": 579,
        "Net Income": 217
    },
    "2015-12-31": {
        "Diluted EPS": 0.48,
        "Total Revenue": NaN,
        "Gross Profit": NaN,
        "Operating Income": 433,
        "EBIT": 585,
        "Net Income": 272
    },
    "2015-09-30": {
        "Diluted EPS": 0.41,
        "Total Revenue": NaN,
        "Gross Profit": NaN,
        "Operating Income": 493,
        "EBIT": 636,
        "Net Income": 244
    },
    "2015-06-30": {
        "Diluted EPS": 0.11,
        "Total Revenue": NaN,
        "Gross Profit": NaN,
        "Operating Income": 121,
        "EBIT": 266,
        "Net Income": 73
    },
    "2015-03-31": {
        "Diluted EPS": 0.3,
        "Total Revenue": NaN,
        "Gross Profit": NaN,
        "Operating Income": 327,
        "EBIT": 468,
        "Net Income": 177
    },
    "2014-12-31": {
        "Diluted EPS": 0.27,
        "Total Revenue": NaN,
        "Gross Profit": NaN,
        "Operating Income": 315,
        "EBIT": 472,
        "Net Income": 158
    },
    "2014-09-30": {
        "Diluted EPS": 0.47,
        "Total Revenue": NaN,
        "Gross Profit": NaN,
        "Operating Income": 466,
        "EBIT": 603,
        "Net Income": 279
    },
    "2014-06-30": {
        "Diluted EPS": 0.43,
        "Total Revenue": NaN,
        "Gross Profit": NaN,
        "Operating Income": 425,
        "EBIT": 572,
        "Net Income": 254
    },
    "2014-03-31": {
        "Diluted EPS": 0.31,
        "Total Revenue": NaN,
        "Gross Profit": NaN,
        "Operating Income": 333,
        "EBIT": 471,
        "Net Income": 181
    },
    "2013-12-31": {
        "Diluted EPS": 0.36,
        "Total Revenue": NaN,
        "Gross Profit": NaN,
        "Operating Income": 352,
        "EBIT": 489,
        "Net Income": 211
    },
    "2013-09-30": {
        "Diluted EPS": 0.48,
        "Total Revenue": NaN,
        "Gross Profit": NaN,
        "Operating Income": 478,
        "EBIT": 612,
        "Net Income": 286
    },
    "2013-06-30": {
        "Diluted EPS": 0.46,
        "Total Revenue": NaN,
        "Gross Profit": NaN,
        "Operating Income": 460,
        "EBIT": 592,
        "Net Income": 283
    },
    "2013-03-31": {
        "Diluted EPS": 0.34,
        "Total Revenue": NaN,
        "Gross Profit": NaN,
        "Operating Income": 337,
        "EBIT": 468,
        "Net Income": 201
    },
    "2012-12-31": {
        "Diluted EPS": 0.38,
        "Total Revenue": NaN,
        "Gross Profit": NaN,
        "Operating Income": 383,
        "EBIT": 512,
        "Net Income": 221
    },
    "2012-09-30": {
        "Diluted EPS": 0.49,
        "Total Revenue": NaN,
        "Gross Profit": NaN,
        "Operating Income": 479,
        "EBIT": 599,
        "Net Income": 287
    },
    "2012-06-30": {
        "Diluted EPS": 0.52,
        "Total Revenue": NaN,
        "Gross Profit": NaN,
        "Operating Income": 515,
        "EBIT": 627,
        "Net Income": 309
    },
    "2012-03-31": {
        "Diluted EPS": 0.44,
        "Total Revenue": NaN,
        "Gross Profit": NaN,
        "Operating Income": 439,
        "EBIT": 543,
        "Net Income": 260
    },
    "2011-12-31": {
        "Diluted EPS": 0.43,
        "Total Revenue": NaN,
        "Gross Profit": NaN,
        "Operating Income": 427,
        "EBIT": 528,
        "Net Income": 250
    },
    "2011-09-30": {
        "Diluted EPS": 0.51,
        "Total Revenue": NaN,
        "Gross Profit": NaN,
        "Operating Income": 509,
        "EBIT": 609,
        "Net Income": 303
    },
    "2011-06-30": {
        "Diluted EPS": 0.57,
        "Total Revenue": NaN,
        "Gross Profit": NaN,
        "Operating Income": 561,
        "EBIT": 665,
        "Net Income": 336
    },
    "2011-03-31": {
        "Diluted EPS": 0.44,
        "Total Revenue": NaN,
        "Gross Profit": NaN,
        "Operating Income": 427,
        "EBIT": 528,
        "Net Income": 258
    },
    "2010-12-31": {
        "Diluted EPS": 0.44,
        "Total Revenue": NaN,
        "Gross Profit": NaN,
        "Operating Income": 437,
        "EBIT": 534,
        "Net Income": 258
    },
    "2010-09-30": {
        "Diluted EPS": 0.51,
        "Total Revenue": NaN,
        "Gross Profit": NaN,
        "Operating Income": 506,
        "EBIT": 608,
        "Net Income": 299
    },
    "2010-06-30": {
        "Diluted EPS": 0.57,
        "Total Revenue": NaN,
        "Gross Profit": NaN,
        "Operating Income": 584,
        "EBIT": 690,
        "Net Income": 338
    },
    "2010-03-31": {
        "Diluted EPS": 0.42,
        "Total Revenue": NaN,
        "Gross Profit": NaN,
        "Operating Income": 432,
        "EBIT": 527,
        "Net Income": 248
    },
    "2009-12-31": {
        "Diluted EPS": 0.45,
        "Total Revenue": NaN,
        "Gross Profit": NaN,
        "Operating Income": 462,
        "EBIT": 558,
        "Net Income": 268
    },
    "2009-09-30": {
        "Diluted EPS": 0.55,
        "Total Revenue": NaN,
        "Gross Profit": NaN,
        "Operating Income": 497,
        "EBIT": 591,
        "Net Income": 326
    },
    "2009-06-30": {
        "Diluted EPS": 0.53,
        "Total Revenue": NaN,
        "Gross Profit": NaN,
        "Operating Income": 540,
        "EBIT": 638,
        "Net Income": 315
    },
    "2009-03-31": {
        "Diluted EPS": 0.38,
        "Total Revenue": NaN,
        "Gross Profit": NaN,
        "Operating Income": 405,
        "EBIT": 499,
        "Net Income": 226
    },
    "2023-09-30": {
        "Tax Effect Of Unusual Items": NaN,
        "Tax Rate For Calcs": NaN,
        "Normalized EBITDA": NaN,
        "Net Income From Continuing Operation Net Minority Interest": NaN,
        "Reconciled Depreciation": NaN,
        "Reconciled Cost Of Revenue": NaN,
        "EBITDA": NaN,
        "EBIT": NaN,
        "Net Interest Income": NaN,
        "Interest Expense": NaN,
        "Normalized Income": NaN,
        "Net Income From Continuing And Discontinued Operation": NaN,
        "Total Expenses": NaN,
        "Total Operating Income As Reported": NaN,
        "Diluted Average Shares": 507069435.0,
        "Basic Average Shares": 505126492.0,
        "Diluted EPS": 0.99,
        "Basic EPS": 1.0,
        "Diluted NI Availto Com Stockholders": NaN,
        "Net Income Common Stockholders": NaN,
        "Net Income": NaN,
        "Net Income Including Noncontrolling Interests": NaN,
        "Net Income Continuous Operations": NaN,
        "Tax Provision": NaN,
        "Pretax Income": NaN,
        "Other Income Expense": NaN,
        "Other Non Operating Income Expenses": NaN,
        "Net Non Operating Interest Income Expense": NaN,
        "Interest Expense Non Operating": NaN,
        "Operating Income": NaN,
        "Operating Expense": NaN,
        "Gross Profit": NaN,
        "Cost Of Revenue": NaN,
        "Total Revenue": NaN,
        "Operating Revenue": NaN
    },
    "2023-12-31": {
        "Tax Effect Of Unusual Items": 0.0,
        "Tax Rate For Calcs": 0.238,
        "Normalized EBITDA": 944000000.0,
        "Net Income From Continuing Operation Net Minority Interest": 415000000.0,
        "Reconciled Depreciation": 249000000.0,
        "Reconciled Cost Of Revenue": 15774000000.0,
        "EBITDA": 944000000.0,
        "EBIT": 695000000.0,
        "Net Interest Income": -150000000.0,
        "Interest Expense": 150000000.0,
        "Normalized Income": 415000000.0,
        "Net Income From Continuing And Discontinued Operation": 415000000.0,
        "Total Expenses": 18588000000.0,
        "Total Operating Income As Reported": 700000000.0,
        "Diluted Average Shares": 505929342.0,
        "Basic Average Shares": 504312633.0,
        "Diluted EPS": 0.82,
        "Basic EPS": 0.82,
        "Diluted NI Availto Com Stockholders": 415000000.0,
        "Net Income Common Stockholders": 415000000.0,
        "Net Income": 415000000.0,
        "Net Income Including Noncontrolling Interests": 415000000.0,
        "Net Income Continuous Operations": 415000000.0,
        "Tax Provision": 130000000.0,
        "Pretax Income": 545000000.0,
        "Other Income Expense": -5000000.0,
        "Other Non Operating Income Expenses": -5000000.0,
        "Net Non Operating Interest Income Expense": -150000000.0,
        "Interest Expense Non Operating": 150000000.0,
        "Operating Income": 700000000.0,
        "Operating Expense": 2814000000.0,
        "Gross Profit": 3514000000.0,
        "Cost Of Revenue": 15774000000.0,
        "Total Revenue": 19288000000.0,
        "Operating Revenue": 19288000000.0
    },
    "2024-03-31": {
        "Tax Effect Of Unusual Items": 0.0,
        "Tax Rate For Calcs": 0.2332,
        "Normalized EBITDA": 966208000.0,
        "Net Income From Continuing Operation Net Minority Interest": 424688000.0,
        "Reconciled Depreciation": 254542000.0,
        "Reconciled Cost Of Revenue": 15770444000.0,
        "EBITDA": 966208000.0,
        "EBIT": 711666000.0,
        "Net Interest Income": -157853000.0,
        "Interest Expense": 157853000.0,
        "Normalized Income": 424688000.0,
        "Net Income From Continuing And Discontinued Operation": 424688000.0,
        "Total Expenses": 18657454000.0,
        "Total Operating Income As Reported": 722046000.0,
        "Diluted Average Shares": 501921446.0,
        "Basic Average Shares": 499642505.0,
        "Diluted EPS": 0.85,
        "Basic EPS": 0.85,
        "Diluted NI Availto Com Stockholders": 424688000.0,
        "Net Income Common Stockholders": 424688000.0,
        "Net Income": 424688000.0,
        "Net Income Including Noncontrolling Interests": 424688000.0,
        "Net Income Continuous Operations": 424688000.0,
        "Tax Provision": 129125000.0,
        "Pretax Income": 553813000.0,
        "Other Income Expense": -10380000.0,
        "Other Non Operating Income Expenses": -10380000.0,
        "Net Non Operating Interest Income Expense": -157853000.0,
        "Interest Expense Non Operating": 157853000.0,
        "Operating Income": 722046000.0,
        "Operating Expense": 2887010000.0,
        "Gross Profit": 3609056000.0,
        "Cost Of Revenue": 15770444000.0,
        "Total Revenue": 19379500000.0,
        "Operating Revenue": 19379500000.0
    },
    "2024-06-30": {
        "Tax Effect Of Unusual Items": 0.0,
        "Tax Rate For Calcs": 0.238696,
        "Normalized EBITDA": 1227052000.0,
        "Net Income From Continuing Operation Net Minority Interest": 611678000.0,
        "Reconciled Depreciation": 258458000.0,
        "Reconciled Cost Of Revenue": 16718565000.0,
        "EBITDA": 1227052000.0,
        "EBIT": 968594000.0,
        "Net Interest Income": -165133000.0,
        "Interest Expense": 165133000.0,
        "Normalized Income": 611678000.0,
        "Net Income From Continuing And Discontinued Operation": 611678000.0,
        "Total Expenses": 19579775000.0,
        "Total Operating Income As Reported": 976329000.0,
        "Diluted Average Shares": 497464115.0,
        "Basic Average Shares": 495872056.0,
        "Diluted EPS": 1.23,
        "Basic EPS": 1.23,
        "Diluted NI Availto Com Stockholders": 611678000.0,
        "Net Income Common Stockholders": 611678000.0,
        "Net Income": 611678000.0,
        "Net Income Including Noncontrolling Interests": 611678000.0,
        "Net Income Continuous Operations": 611678000.0,
        "Tax Provision": 191783000.0,
        "Pretax Income": 803461000.0,
        "Other Income Expense": -7735000.0,
        "Other Non Operating Income Expenses": -7735000.0,
        "Net Non Operating Interest Income Expense": -165133000.0,
        "Interest Expense Non Operating": 165133000.0,
        "Operating Income": 976329000.0,
        "Operating Expense": 2861210000.0,
        "Gross Profit": 3837539000.0,
        "Cost Of Revenue": 16718565000.0,
        "Total Revenue": 20556104000.0,
        "Operating Revenue": 18056104000.0
    },
    "2024-09-30": {
        "Tax Effect Of Unusual Items": 0.0,
        "Tax Rate For Calcs": 0.237,
        "Normalized EBITDA": 1071000000.0,
        "Net Income From Continuing Operation Net Minority Interest": 490000000.0,
        "Reconciled Depreciation": 269000000.0,
        "Reconciled Cost Of Revenue": 16731000000.0,
        "EBITDA": 1071000000.0,
        "EBIT": 802000000.0,
        "Net Interest Income": -160000000.0,
        "Interest Expense": 160000000.0,
        "Normalized Income": 490000000.0,
        "Net Income From Continuing And Discontinued Operation": 490000000.0,
        "Total Expenses": 19676000000.0,
        "Total Operating Income As Reported": 808000000.0,
        "Diluted Average Shares": 493785973.0,
        "Basic Average Shares": 492023827.0,
        "Diluted EPS": 0.99,
        "Basic EPS": 1.0,
        "Diluted NI Availto Com Stockholders": 490000000.0,
        "Net Income Common Stockholders": 490000000.0,
        "Net Income": 490000000.0,
        "Net Income Including Noncontrolling Interests": 490000000.0,
        "Net Income Continuous Operations": 490000000.0,
        "Tax Provision": 152000000.0,
        "Pretax Income": 642000000.0,
        "Other Income Expense": -6000000.0,
        "Other Non Operating Income Expenses": -6000000.0,
        "Net Non Operating Interest Income Expense": -160000000.0,
        "Interest Expense Non Operating": 160000000.0,
        "Operating Income": 808000000.0,
        "Operating Expense": 2945000000.0,
        "Gross Profit": 3753000000.0,
        "Cost Of Revenue": 16731000000.0,
        "Total Revenue": 20484000000.0,
        "Operating Revenue": 20484000000.0
    },
    "2024-12-31": {
        "Tax Effect Of Unusual Items": 0.0,
        "Tax Rate For Calcs": 0.238,
        "Normalized EBITDA": 965000000.0,
        "Net Income From Continuing Operation Net Minority Interest": 406000000.0,
        "Reconciled Depreciation": 272000000.0,
        "Reconciled Cost Of Revenue": 16501000000.0,
        "EBITDA": 965000000.0,
        "EBIT": 693000000.0,
        "Net Interest Income": -160000000.0,
        "Interest Expense": 160000000.0,
        "Normalized Income": 406000000.0,
        "Net Income From Continuing And Discontinued Operation": 406000000.0,
        "Total Expenses": 19439000000.0,
        "Total Operating Income As Reported": 712000000.0,
        "Diluted Average Shares": 492803849.0,
        "Basic Average Shares": 490698567.0,
        "Diluted EPS": 0.82,
        "Basic EPS": 0.83,
        "Diluted NI Availto Com Stockholders": 406000000.0,
        "Net Income Common Stockholders": 406000000.0,
        "Net Income": 406000000.0,
        "Net Income Including Noncontrolling Interests": 406000000.0,
        "Net Income Continuous Operations": 406000000.0,
        "Tax Provision": 127000000.0,
        "Pretax Income": 533000000.0,
        "Other Income Expense": -19000000.0,
        "Other Non Operating Income Expenses": -19000000.0,
        "Net Non Operating Interest Income Expense": -160000000.0,
        "Interest Expense Non Operating": 160000000.0,
        "Operating Income": 712000000.0,
        "Operating Expense": 2938000000.0,
        "Gross Profit": 3650000000.0,
        "Cost Of Revenue": 16501000000.0,
        "Total Revenue": 20151000000.0,
        "Operating Revenue": 20151000000.0
    }
}