{
    "2023-06-30": {
        "Tax Effect Of Unusual Items": NaN,
        "Tax Rate For Calcs": NaN,
        "Normalized EBITDA": NaN,
        "Total Unusual Items": NaN,
        "Total Unusual Items Excluding Goodwill": NaN,
        "Net Income From Continuing Operation Net Minority Interest": NaN,
        "Reconciled Depreciation": NaN,
        "Reconciled Cost Of Revenue": NaN,
        "EBITDA": NaN,
        "EBIT": NaN,
        "Net Interest Income": NaN,
        "Interest Expense": NaN,
        "Normalized Income": NaN,
        "Net Income From Continuing And Discontinued Operation": NaN,
        "Total Expenses": NaN,
        "Total Operating Income As Reported": NaN,
        "Diluted Average Shares": NaN,
        "Basic Average Shares": NaN,
        "Diluted EPS": NaN,
        "Basic EPS": NaN,
        "Diluted NI Availto Com Stockholders": NaN,
        "Average Dilution Earnings": NaN,
        "Net Income Common Stockholders": NaN,
        "Preferred Stock Dividends": NaN,
        "Net Income": NaN,
        "Minority Interests": NaN,
        "Net Income Including Noncontrolling Interests": NaN,
        "Net Income Discontinuous Operations": 0.0,
        "Net Income Continuous Operations": NaN,
        "Tax Provision": NaN,
        "Pretax Income": NaN,
        "Other Income Expense": NaN,
        "Other Non Operating Income Expenses": NaN,
        "Special Income Charges": NaN,
        "Write Off": NaN,
        "Impairment Of Capital Assets": 0.0,
        "Earnings From Equity Interest": NaN,
        "Net Non Operating Interest Income Expense": NaN,
        "Interest Expense Non Operating": NaN,
        "Operating Income": NaN,
        "Operating Expense": NaN,
        "Depreciation Amortization Depletion Income Statement": NaN,
        "Depreciation And Amortization In Income Statement": NaN,
        "Selling General And Administration": NaN,
        "Gross Profit": NaN,
        "Cost Of Revenue": NaN,
        "Total Revenue": NaN,
        "Operating Revenue": NaN
    },
    "2023-03-31": {
        "Tax Effect Of Unusual Items": NaN,
        "Tax Rate For Calcs": NaN,
        "Normalized EBITDA": NaN,
        "Total Unusual Items": NaN,
        "Total Unusual Items Excluding Goodwill": NaN,
        "Net Income From Continuing Operation Net Minority Interest": NaN,
        "Reconciled Depreciation": NaN,
        "Reconciled Cost Of Revenue": NaN,
        "EBITDA": NaN,
        "EBIT": NaN,
        "Net Interest Income": NaN,
        "Interest Expense": NaN,
        "Normalized Income": NaN,
        "Net Income From Continuing And Discontinued Operation": NaN,
        "Total Expenses": NaN,
        "Total Operating Income As Reported": NaN,
        "Diluted Average Shares": NaN,
        "Basic Average Shares": NaN,
        "Diluted EPS": NaN,
        "Basic EPS": NaN,
        "Diluted NI Availto Com Stockholders": NaN,
        "Average Dilution Earnings": NaN,
        "Net Income Common Stockholders": NaN,
        "Preferred Stock Dividends": NaN,
        "Net Income": NaN,
        "Minority Interests": NaN,
        "Net Income Including Noncontrolling Interests": NaN,
        "Net Income Discontinuous Operations": 0.0,
        "Net Income Continuous Operations": NaN,
        "Tax Provision": NaN,
        "Pretax Income": NaN,
        "Other Income Expense": NaN,
        "Other Non Operating Income Expenses": NaN,
        "Special Income Charges": NaN,
        "Write Off": NaN,
        "Impairment Of Capital Assets": NaN,
        "Earnings From Equity Interest": NaN,
        "Net Non Operating Interest Income Expense": NaN,
        "Interest Expense Non Operating": NaN,
        "Operating Income": NaN,
        "Operating Expense": NaN,
        "Depreciation Amortization Depletion Income Statement": NaN,
        "Depreciation And Amortization In Income Statement": NaN,
        "Selling General And Administration": NaN,
        "Gross Profit": NaN,
        "Cost Of Revenue": NaN,
        "Total Revenue": NaN,
        "Operating Revenue": NaN
    },
    "2022-12-31": {
        "Tax Effect Of Unusual Items": NaN,
        "Tax Rate For Calcs": NaN,
        "Normalized EBITDA": NaN,
        "Total Unusual Items": NaN,
        "Total Unusual Items Excluding Goodwill": NaN,
        "Net Income From Continuing Operation Net Minority Interest": NaN,
        "Reconciled Depreciation": NaN,
        "Reconciled Cost Of Revenue": NaN,
        "EBITDA": NaN,
        "EBIT": NaN,
        "Net Interest Income": NaN,
        "Interest Expense": NaN,
        "Normalized Income": NaN,
        "Net Income From Continuing And Discontinued Operation": NaN,
        "Total Expenses": NaN,
        "Total Operating Income As Reported": NaN,
        "Diluted Average Shares": NaN,
        "Basic Average Shares": NaN,
        "Diluted EPS": NaN,
        "Basic EPS": NaN,
        "Diluted NI Availto Com Stockholders": NaN,
        "Average Dilution Earnings": NaN,
        "Net Income Common Stockholders": NaN,
        "Preferred Stock Dividends": NaN,
        "Net Income": NaN,
        "Minority Interests": NaN,
        "Net Income Including Noncontrolling Interests": NaN,
        "Net Income Discontinuous Operations": -35000000.0,
        "Net Income Continuous Operations": NaN,
        "Tax Provision": NaN,
        "Pretax Income": NaN,
        "Other Income Expense": NaN,
        "Other Non Operating Income Expenses": NaN,
        "Special Income Charges": NaN,
        "Write Off": NaN,
        "Impairment Of Capital Assets": 26753000000.0,
        "Earnings From Equity Interest": NaN,
        "Net Non Operating Interest Income Expense": NaN,
        "Interest Expense Non Operating": NaN,
        "Operating Income": NaN,
        "Operating Expense": NaN,
        "Depreciation Amortization Depletion Income Statement": NaN,
        "Depreciation And Amortization In Income Statement": NaN,
        "Selling General And Administration": NaN,
        "Gross Profit": NaN,
        "Cost Of Revenue": NaN,
        "Total Revenue": NaN,
        "Operating Revenue": NaN
    },
    "2022-09-30": {
        "Tax Effect Of Unusual Items": NaN,
        "Tax Rate For Calcs": NaN,
        "Normalized EBITDA": NaN,
        "Total Unusual Items": NaN,
        "Total Unusual Items Excluding Goodwill": NaN,
        "Net Income From Continuing Operation Net Minority Interest": NaN,
        "Reconciled Depreciation": NaN,
        "Reconciled Cost Of Revenue": NaN,
        "EBITDA": NaN,
        "EBIT": NaN,
        "Net Interest Income": NaN,
        "Interest Expense": NaN,
        "Normalized Income": NaN,
        "Net Income From Continuing And Discontinued Operation": NaN,
        "Total Expenses": NaN,
        "Total Operating Income As Reported": NaN,
        "Diluted Average Shares": NaN,
        "Basic Average Shares": NaN,
        "Diluted EPS": NaN,
        "Basic EPS": NaN,
        "Diluted NI Availto Com Stockholders": NaN,
        "Average Dilution Earnings": NaN,
        "Net Income Common Stockholders": NaN,
        "Preferred Stock Dividends": NaN,
        "Net Income": NaN,
        "Minority Interests": NaN,
        "Net Income Including Noncontrolling Interests": NaN,
        "Net Income Discontinuous Operations": NaN,
        "Net Income Continuous Operations": NaN,
        "Tax Provision": NaN,
        "Pretax Income": NaN,
        "Other Income Expense": NaN,
        "Other Non Operating Income Expenses": NaN,
        "Special Income Charges": NaN,
        "Write Off": NaN,
        "Impairment Of Capital Assets": 114000000.0,
        "Earnings From Equity Interest": NaN,
        "Net Non Operating Interest Income Expense": NaN,
        "Interest Expense Non Operating": NaN,
        "Operating Income": NaN,
        "Operating Expense": NaN,
        "Depreciation Amortization Depletion Income Statement": NaN,
        "Depreciation And Amortization In Income Statement": NaN,
        "Selling General And Administration": NaN,
        "Gross Profit": NaN,
        "Cost Of Revenue": NaN,
        "Total Revenue": NaN,
        "Operating Revenue": NaN
    },
    "2022-06-30": {
        "Tax Effect Of Unusual Items": -152105271.565495,
        "Tax Rate For Calcs": 0.241054,
        "Normalized EBITDA": 12843000000.0,
        "Total Unusual Items": -631000000.0,
        "Total Unusual Items Excluding Goodwill": -631000000.0,
        "Net Income From Continuing Operation Net Minority Interest": 4371000000.0,
        "Reconciled Depreciation": 3373000000.0,
        "Reconciled Cost Of Revenue": 13418000000.0,
        "EBITDA": 12212000000.0,
        "EBIT": 7762000000.0,
        "Net Interest Income": -1502000000.0,
        "Interest Expense": 1502000000.0,
        "Normalized Income": 4849894728.434505,
        "Net Income From Continuing And Discontinued Operation": 4157000000.0,
        "Total Expenses": 24056000000.0,
        "Total Operating Income As Reported": 4956000000.0,
        "Diluted Average Shares": 7611000000.0,
        "Basic Average Shares": 7169000000.0,
        "Diluted EPS": 0.56,
        "Basic EPS": 0.57,
        "Diluted NI Availto Com Stockholders": 4105000000.0,
        "Average Dilution Earnings": 143000000.0,
        "Net Income Common Stockholders": 4105000000.0,
        "Preferred Stock Dividends": 52000000.0,
        "Net Income": 4157000000.0,
        "Minority Interests": -380000000.0,
        "Net Income Including Noncontrolling Interests": 4537000000.0,
        "Net Income Discontinuous Operations": -214000000.0,
        "Net Income Continuous Operations": 4751000000.0,
        "Tax Provision": 1509000000.0,
        "Pretax Income": 6260000000.0,
        "Other Income Expense": 2175000000.0,
        "Other Non Operating Income Expenses": 2302000000.0,
        "Special Income Charges": -631000000.0,
        "Gain On Sale Of Ppe": -631000000.0,
        "Impairment Of Capital Assets": 631000000.0,
        "Earnings From Equity Interest": 504000000.0,
        "Net Non Operating Interest Income Expense": -1502000000.0,
        "Interest Expense Non Operating": 1502000000.0,
        "Operating Income": 5587000000.0,
        "Operating Expense": 11715000000.0,
        "Depreciation Amortization Depletion Income Statement": 4450000000.0,
        "Depreciation And Amortization In Income Statement": 4450000000.0,
        "Selling General And Administration": 7265000000.0,
        "Gross Profit": 17302000000.0,
        "Cost Of Revenue": 12341000000.0,
        "Total Revenue": 29643000000.0,
        "Operating Revenue": 29643000000.0
    },
    "2023-09-30": {
        "Tax Effect Of Unusual Items": NaN,
        "Tax Rate For Calcs": NaN,
        "Normalized EBITDA": NaN,
        "Total Unusual Items": NaN,
        "Total Unusual Items Excluding Goodwill": NaN,
        "Net Income From Continuing Operation Net Minority Interest": NaN,
        "Reconciled Depreciation": NaN,
        "Reconciled Cost Of Revenue": NaN,
        "EBITDA": NaN,
        "EBIT": NaN,
        "Net Interest Income": NaN,
        "Interest Expense": NaN,
        "Normalized Income": NaN,
        "Net Income From Continuing And Discontinued Operation": NaN,
        "Total Expenses": NaN,
        "Total Operating Income As Reported": NaN,
        "Diluted Average Shares": NaN,
        "Basic Average Shares": NaN,
        "Diluted EPS": NaN,
        "Basic EPS": NaN,
        "Diluted NI Availto Com Stockholders": NaN,
        "Average Dilution Earnings": NaN,
        "Net Income Common Stockholders": NaN,
        "Preferred Stock Dividends": NaN,
        "Net Income": NaN,
        "Minority Interests": NaN,
        "Net Income Including Noncontrolling Interests": NaN,
        "Net Income Discontinuous Operations": 0.0,
        "Net Income Continuous Operations": NaN,
        "Tax Provision": NaN,
        "Pretax Income": NaN,
        "Other Income Expense": NaN,
        "Other Non Operating Income Expenses": NaN,
        "Special Income Charges": NaN,
        "Write Off": NaN,
        "Impairment Of Capital Assets": 604000000.0,
        "Earnings From Equity Interest": NaN,
        "Net Non Operating Interest Income Expense": NaN,
        "Interest Expense Non Operating": NaN,
        "Operating Income": NaN,
        "Operating Expense": NaN,
        "Depreciation Amortization Depletion Income Statement": NaN,
        "Depreciation And Amortization In Income Statement": NaN,
        "Selling General And Administration": NaN,
        "Gross Profit": NaN,
        "Cost Of Revenue": NaN,
        "Total Revenue": NaN,
        "Operating Revenue": NaN
    },
    "2023-12-31": {
        "Tax Effect Of Unusual Items": NaN,
        "Tax Rate For Calcs": NaN,
        "Normalized EBITDA": NaN,
        "Total Unusual Items": NaN,
        "Total Unusual Items Excluding Goodwill": NaN,
        "Net Income From Continuing Operation Net Minority Interest": NaN,
        "Reconciled Depreciation": NaN,
        "Reconciled Cost Of Revenue": NaN,
        "EBITDA": NaN,
        "EBIT": NaN,
        "Net Interest Income": NaN,
        "Interest Expense": NaN,
        "Normalized Income": NaN,
        "Net Income From Continuing And Discontinued Operation": NaN,
        "Total Expenses": NaN,
        "Total Operating Income As Reported": NaN,
        "Diluted Average Shares": NaN,
        "Basic Average Shares": NaN,
        "Diluted EPS": NaN,
        "Basic EPS": NaN,
        "Diluted NI Availto Com Stockholders": NaN,
        "Average Dilution Earnings": NaN,
        "Net Income Common Stockholders": NaN,
        "Preferred Stock Dividends": NaN,
        "Net Income": NaN,
        "Minority Interests": NaN,
        "Net Income Including Noncontrolling Interests": NaN,
        "Net Income Discontinuous Operations": 0.0,
        "Net Income Continuous Operations": NaN,
        "Tax Provision": NaN,
        "Pretax Income": NaN,
        "Other Income Expense": NaN,
        "Other Non Operating Income Expenses": NaN,
        "Special Income Charges": NaN,
        "Write Off": NaN,
        "Earnings From Equity Interest": NaN,
        "Net Non Operating Interest Income Expense": NaN,
        "Interest Expense Non Operating": NaN,
        "Operating Income": NaN,
        "Operating Expense": NaN,
        "Depreciation Amortization Depletion Income Statement": NaN,
        "Depreciation And Amortization In Income Statement": NaN,
        "Selling General And Administration": NaN,
        "Gross Profit": NaN,
        "Cost Of Revenue": NaN,
        "Total Revenue": NaN,
        "Operating Revenue": NaN
    },
    "2024-03-31": {
        "Tax Effect Of Unusual Items": -36570000.0,
        "Tax Rate For Calcs": 0.23,
        "Normalized EBITDA": 11799000000.0,
        "Total Unusual Items": -159000000.0,
        "Total Unusual Items Excluding Goodwill": -159000000.0,
        "Net Income From Continuing Operation Net Minority Interest": 3445000000.0,
        "Reconciled Depreciation": 5047000000.0,
        "Reconciled Cost Of Revenue": 11954000000.0,
        "EBITDA": 11640000000.0,
        "EBIT": 6593000000.0,
        "Net Interest Income": -1724000000.0,
        "Interest Expense": 1724000000.0,
        "Normalized Income": 3567430000.0,
        "Net Income From Continuing And Discontinued Operation": 3445000000.0,
        "Total Expenses": 24022000000.0,
        "Total Operating Income As Reported": 5847000000.0,
        "Diluted Average Shares": 7193000000.0,
        "Basic Average Shares": 7192000000.0,
        "Diluted EPS": 0.47,
        "Basic EPS": 0.47,
        "Diluted NI Availto Com Stockholders": 3395000000.0,
        "Average Dilution Earnings": 0.0,
        "Net Income Common Stockholders": 3395000000.0,
        "Preferred Stock Dividends": 50000000.0,
        "Net Income": 3445000000.0,
        "Minority Interests": -306000000.0,
        "Net Income Including Noncontrolling Interests": 3751000000.0,
        "Net Income Discontinuous Operations": NaN,
        "Net Income Continuous Operations": 3751000000.0,
        "Tax Provision": 1118000000.0,
        "Pretax Income": 4869000000.0,
        "Other Income Expense": 587000000.0,
        "Other Non Operating Income Expenses": 451000000.0,
        "Special Income Charges": -159000000.0,
        "Write Off": 159000000.0,
        "Earnings From Equity Interest": 295000000.0,
        "Net Non Operating Interest Income Expense": -1724000000.0,
        "Interest Expense Non Operating": 1724000000.0,
        "Operating Income": 6006000000.0,
        "Operating Expense": 12068000000.0,
        "Depreciation Amortization Depletion Income Statement": 5047000000.0,
        "Depreciation And Amortization In Income Statement": 5047000000.0,
        "Selling General And Administration": 7021000000.0,
        "Gross Profit": 18074000000.0,
        "Cost Of Revenue": 11954000000.0,
        "Total Revenue": 30028000000.0,
        "Operating Revenue": 30028000000.0
    },
    "2024-06-30": {
        "Tax Effect Of Unusual Items": -107520000.0,
        "Tax Rate For Calcs": 0.224,
        "Normalized EBITDA": 12342000000.0,
        "Total Unusual Items": -480000000.0,
        "Total Unusual Items Excluding Goodwill": -480000000.0,
        "Net Income From Continuing Operation Net Minority Interest": 3597000000.0,
        "Reconciled Depreciation": 5072000000.0,
        "Reconciled Cost Of Revenue": 11442000000.0,
        "EBITDA": 11862000000.0,
        "EBIT": 6790000000.0,
        "Net Interest Income": -1699000000.0,
        "Interest Expense": 1699000000.0,
        "Normalized Income": 3969480000.0,
        "Net Income From Continuing And Discontinued Operation": 3597000000.0,
        "Total Expenses": 23557000000.0,
        "Total Operating Income As Reported": 5760000000.0,
        "Diluted Average Shares": 7198000000.0,
        "Basic Average Shares": 7196000000.0,
        "Diluted EPS": 0.49,
        "Basic EPS": 0.49,
        "Diluted NI Availto Com Stockholders": 3546000000.0,
        "Average Dilution Earnings": 0.0,
        "Net Income Common Stockholders": 3546000000.0,
        "Preferred Stock Dividends": 51000000.0,
        "Net Income": 3597000000.0,
        "Minority Interests": -352000000.0,
        "Net Income Including Noncontrolling Interests": 3949000000.0,
        "Net Income Continuous Operations": 3949000000.0,
        "Tax Provision": 1142000000.0,
        "Pretax Income": 5091000000.0,
        "Other Income Expense": 550000000.0,
        "Other Non Operating Income Expenses": 682000000.0,
        "Special Income Charges": -480000000.0,
        "Write Off": 480000000.0,
        "Earnings From Equity Interest": 348000000.0,
        "Net Non Operating Interest Income Expense": -1699000000.0,
        "Interest Expense Non Operating": 1699000000.0,
        "Operating Income": 6240000000.0,
        "Operating Expense": 12115000000.0,
        "Depreciation Amortization Depletion Income Statement": 5072000000.0,
        "Depreciation And Amortization In Income Statement": 5072000000.0,
        "Selling General And Administration": 7043000000.0,
        "Gross Profit": 18355000000.0,
        "Cost Of Revenue": 11442000000.0,
        "Total Revenue": 29797000000.0,
        "Operating Revenue": 29797000000.0
    },
    "2024-09-30": {
        "Tax Effect Of Unusual Items": -928620000.0,
        "Tax Rate For Calcs": 0.21,
        "Normalized EBITDA": 12614000000.0,
        "Total Unusual Items": -4422000000.0,
        "Total Unusual Items Excluding Goodwill": -4422000000.0,
        "Net Income From Continuing Operation Net Minority Interest": -174000000.0,
        "Reconciled Depreciation": 5087000000.0,
        "Reconciled Cost Of Revenue": 11630000000.0,
        "EBITDA": 8192000000.0,
        "EBIT": 3105000000.0,
        "Net Interest Income": -1675000000.0,
        "Interest Expense": 1675000000.0,
        "Normalized Income": 3319380000.0,
        "Net Income From Continuing And Discontinued Operation": -174000000.0,
        "Total Expenses": 23675000000.0,
        "Total Operating Income As Reported": 2116000000.0,
        "Diluted Average Shares": NaN,
        "Basic Average Shares": NaN,
        "Diluted EPS": NaN,
        "Basic EPS": NaN,
        "Diluted NI Availto Com Stockholders": -226000000.0,
        "Average Dilution Earnings": 0.0,
        "Net Income Common Stockholders": -226000000.0,
        "Preferred Stock Dividends": 52000000.0,
        "Net Income": -174000000.0,
        "Minority Interests": -319000000.0,
        "Net Income Including Noncontrolling Interests": 145000000.0,
        "Net Income Continuous Operations": 145000000.0,
        "Tax Provision": 1285000000.0,
        "Pretax Income": 1430000000.0,
        "Other Income Expense": -3433000000.0,
        "Other Non Operating Income Expenses": 717000000.0,
        "Special Income Charges": -4422000000.0,
        "Write Off": 4422000000.0,
        "Earnings From Equity Interest": 272000000.0,
        "Net Non Operating Interest Income Expense": -1675000000.0,
        "Interest Expense Non Operating": 1675000000.0,
        "Operating Income": 6538000000.0,
        "Operating Expense": 12045000000.0,
        "Depreciation Amortization Depletion Income Statement": 5087000000.0,
        "Depreciation And Amortization In Income Statement": 5087000000.0,
        "Selling General And Administration": 6958000000.0,
        "Gross Profit": 18583000000.0,
        "Cost Of Revenue": 11630000000.0,
        "Total Revenue": 30213000000.0,
        "Operating Revenue": 30213000000.0
    },
    "2024-12-31": {
        "Tax Effect Of Unusual Items": -2373775.433308,
        "Tax Rate For Calcs": 0.169555,
        "Normalized EBITDA": 12357000000.0,
        "Total Unusual Items": -14000000.0,
        "Total Unusual Items Excluding Goodwill": -14000000.0,
        "Net Income From Continuing Operation Net Minority Interest": 4080000000.0,
        "Reconciled Depreciation": 5374000000.0,
        "Reconciled Cost Of Revenue": 14195000000.0,
        "EBITDA": 12343000000.0,
        "EBIT": 6969000000.0,
        "Net Interest Income": -1661000000.0,
        "Interest Expense": 1661000000.0,
        "Normalized Income": 4091626224.566692,
        "Net Income From Continuing And Discontinued Operation": 4080000000.0,
        "Total Expenses": 26958000000.0,
        "Total Operating Income As Reported": 5326000000.0,
        "Diluted Average Shares": 7215000000.0,
        "Basic Average Shares": 7207000000.0,
        "Diluted EPS": 0.56,
        "Basic EPS": 0.56,
        "Diluted NI Availto Com Stockholders": 4031000000.0,
        "Average Dilution Earnings": 0.0,
        "Net Income Common Stockholders": 4031000000.0,
        "Preferred Stock Dividends": 49000000.0,
        "Net Income": 4080000000.0,
        "Minority Interests": -328000000.0,
        "Net Income Including Noncontrolling Interests": 4408000000.0,
        "Net Income Continuous Operations": 4408000000.0,
        "Tax Provision": 900000000.0,
        "Pretax Income": 5308000000.0,
        "Other Income Expense": 1629000000.0,
        "Other Non Operating Income Expenses": 569000000.0,
        "Special Income Charges": -14000000.0,
        "Write Off": 14000000.0,
        "Earnings From Equity Interest": 1074000000.0,
        "Net Non Operating Interest Income Expense": -1661000000.0,
        "Interest Expense Non Operating": 1661000000.0,
        "Operating Income": 5340000000.0,
        "Operating Expense": 12763000000.0,
        "Depreciation Amortization Depletion Income Statement": 5374000000.0,
        "Depreciation And Amortization In Income Statement": 5374000000.0,
        "Selling General And Administration": 7389000000.0,
        "Gross Profit": 18103000000.0,
        "Cost Of Revenue": 14195000000.0,
        "Total Revenue": 32298000000.0,
        "Operating Revenue": 32298000000.0
    },
    "2025-03-31": {
        "Tax Effect Of Unusual Items": -109368000.0,
        "Tax Rate For Calcs": 0.217,
        "Normalized EBITDA": 13343000000.0,
        "Total Unusual Items": -504000000.0,
        "Total Unusual Items Excluding Goodwill": -504000000.0,
        "Net Income From Continuing Operation Net Minority Interest": 4351000000.0,
        "Reconciled Depreciation": 5190000000.0,
        "Reconciled Cost Of Revenue": 12033000000.0,
        "EBITDA": 12839000000.0,
        "EBIT": 7649000000.0,
        "Net Interest Income": -1658000000.0,
        "Interest Expense": 1658000000.0,
        "Normalized Income": 4745632000.0,
        "Net Income From Continuing And Discontinued Operation": 4351000000.0,
        "Total Expenses": 24368000000.0,
        "Total Operating Income As Reported": 5754000000.0,
        "Diluted Average Shares": 7223000000.0,
        "Basic Average Shares": 7213000000.0,
        "Diluted EPS": 0.61,
        "Basic EPS": 0.61,
        "Diluted NI Availto Com Stockholders": 4399000000.0,
        "Average Dilution Earnings": 4000000.0,
        "Net Income Common Stockholders": 4395000000.0,
        "Preferred Stock Dividends": -44000000.0,
        "Net Income": 4351000000.0,
        "Minority Interests": -341000000.0,
        "Net Income Including Noncontrolling Interests": 4692000000.0,
        "Net Income Continuous Operations": 4692000000.0,
        "Tax Provision": 1299000000.0,
        "Pretax Income": 5991000000.0,
        "Other Income Expense": 1391000000.0,
        "Other Non Operating Income Expenses": 455000000.0,
        "Special Income Charges": -504000000.0,
        "Write Off": 504000000.0,
        "Earnings From Equity Interest": 1440000000.0,
        "Net Non Operating Interest Income Expense": -1658000000.0,
        "Interest Expense Non Operating": 1658000000.0,
        "Operating Income": 6258000000.0,
        "Operating Expense": 12335000000.0,
        "Depreciation Amortization Depletion Income Statement": 5190000000.0,
        "Depreciation And Amortization In Income Statement": 5190000000.0,
        "Selling General And Administration": 7145000000.0,
        "Gross Profit": 18593000000.0,
        "Cost Of Revenue": 12033000000.0,
        "Total Revenue": 30626000000.0,
        "Operating Revenue": 30626000000.0
    },
    "2025-06-30": {
        "Tax Effect Of Unusual Items": 0.0,
        "Tax Rate For Calcs": 0.203,
        "Normalized EBITDA": 13004000000.0,
        "Total Unusual Items": 0.0,
        "Total Unusual Items Excluding Goodwill": 0.0,
        "Net Income From Continuing Operation Net Minority Interest": 4500000000.0,
        "Reconciled Depreciation": 5251000000.0,
        "Reconciled Cost Of Revenue": 12150000000.0,
        "EBITDA": 13004000000.0,
        "EBIT": 7753000000.0,
        "Net Interest Income": -1655000000.0,
        "Interest Expense": 1655000000.0,
        "Normalized Income": 4500000000.0,
        "Net Income From Continuing And Discontinued Operation": 4500000000.0,
        "Total Expenses": 24346000000.0,
        "Total Operating Income As Reported": 6501000000.0,
        "Diluted Average Shares": 7219000000.0,
        "Basic Average Shares": 7209000000.0,
        "Diluted EPS": 0.62,
        "Basic EPS": 0.62,
        "Diluted NI Availto Com Stockholders": 4466000000.0,
        "Average Dilution Earnings": 2000000.0,
        "Net Income Common Stockholders": 4464000000.0,
        "Preferred Stock Dividends": 36000000.0,
        "Net Income": 4500000000.0,
        "Minority Interests": -361000000.0,
        "Net Income Including Noncontrolling Interests": 4861000000.0,
        "Net Income Continuous Operations": 4861000000.0,
        "Tax Provision": 1237000000.0,
        "Pretax Income": 6098000000.0,
        "Other Income Expense": 1252000000.0,
        "Other Non Operating Income Expenses": 767000000.0,
        "Special Income Charges": 0.0,
        "Write Off": 0.0,
        "Earnings From Equity Interest": 485000000.0,
        "Net Non Operating Interest Income Expense": -1655000000.0,
        "Interest Expense Non Operating": 1655000000.0,
        "Operating Income": 6501000000.0,
        "Operating Expense": 12196000000.0,
        "Depreciation Amortization Depletion Income Statement": 5251000000.0,
        "Depreciation And Amortization In Income Statement": 5251000000.0,
        "Selling General And Administration": 6945000000.0,
        "Gross Profit": 18697000000.0,
        "Cost Of Revenue": 12150000000.0,
        "Total Revenue": 30847000000.0,
        "Operating Revenue": 30847000000.0
    },
    "2025-09-30": {
        "Tax Effect Of Unusual Items": 0.0,
        "Tax Rate For Calcs": 0.092,
        "Normalized EBITDA": 17670000000.0,
        "Total Unusual Items": 0.0,
        "Total Unusual Items Excluding Goodwill": 0.0,
        "Net Income From Continuing Operation Net Minority Interest": 9314000000.0,
        "Reconciled Depreciation": 5317000000.0,
        "Reconciled Cost Of Revenue": 11819000000.0,
        "EBITDA": 17670000000.0,
        "EBIT": 12353000000.0,
        "Net Interest Income": -1700000000.0,
        "Interest Expense": 1700000000.0,
        "Normalized Income": 9314000000.0,
        "Net Income From Continuing And Discontinued Operation": 9314000000.0,
        "Total Expenses": 24590000000.0,
        "Total Operating Income As Reported": 6119000000.0,
        "Diluted Average Shares": 7169000000.0,
        "Basic Average Shares": 7156000000.0,
        "Diluted EPS": 1.29,
        "Basic EPS": 1.29,
        "Diluted NI Availto Com Stockholders": 9281000000.0,
        "Average Dilution Earnings": 3000000.0,
        "Net Income Common Stockholders": 9278000000.0,
        "Preferred Stock Dividends": 36000000.0,
        "Net Income": 9314000000.0,
        "Minority Interests": -363000000.0,
        "Net Income Including Noncontrolling Interests": 9677000000.0,
        "Net Income Continuous Operations": 9677000000.0,
        "Tax Provision": 976000000.0,
        "Pretax Income": 10653000000.0,
        "Other Income Expense": 6234000000.0,
        "Other Non Operating Income Expenses": 6254000000.0,
        "Special Income Charges": 0.0,
        "Write Off": 0.0,
        "Earnings From Equity Interest": -20000000.0,
        "Net Non Operating Interest Income Expense": -1700000000.0,
        "Interest Expense Non Operating": 1700000000.0,
        "Operating Income": 6119000000.0,
        "Operating Expense": 12771000000.0,
        "Depreciation Amortization Depletion Income Statement": 5317000000.0,
        "Depreciation And Amortization In Income Statement": 5317000000.0,
        "Selling General And Administration": 7454000000.0,
        "Gross Profit": 18890000000.0,
        "Cost Of Revenue": 11819000000.0,
        "Total Revenue": 30709000000.0,
        "Operating Revenue": 30709000000.0
    },
    "2025-12-31": {
        "Tax Effect Of Unusual Items": NaN,
        "Tax Rate For Calcs": NaN,
        "Normalized EBITDA": NaN,
        "Total Unusual Items": NaN,
        "Total Unusual Items Excluding Goodwill": NaN,
        "Net Income From Continuing Operation Net Minority Interest": NaN,
        "Reconciled Depreciation": NaN,
        "Reconciled Cost Of Revenue": NaN,
        "EBITDA": NaN,
        "EBIT": NaN,
        "Net Interest Income": NaN,
        "Interest Expense": NaN,
        "Normalized Income": NaN,
        "Net Income From Continuing And Discontinued Operation": NaN,
        "Total Expenses": NaN,
        "Total Operating Income As Reported": NaN,
        "Diluted Average Shares": 7108000000.0,
        "Basic Average Shares": 7098000000.0,
        "Diluted EPS": 0.53,
        "Basic EPS": 0.53,
        "Diluted NI Availto Com Stockholders": NaN,
        "Average Dilution Earnings": NaN,
        "Net Income Common Stockholders": NaN,
        "Preferred Stock Dividends": NaN,
        "Net Income": NaN,
        "Minority Interests": NaN,
        "Net Income Including Noncontrolling Interests": NaN,
        "Net Income Continuous Operations": NaN,
        "Tax Provision": NaN,
        "Pretax Income": NaN,
        "Other Income Expense": NaN,
        "Other Non Operating Income Expenses": NaN,
        "Special Income Charges": NaN,
        "Write Off": NaN,
        "Earnings From Equity Interest": NaN,
        "Net Non Operating Interest Income Expense": NaN,
        "Interest Expense Non Operating": NaN,
        "Operating Income": NaN,
        "Operating Expense": NaN,
        "Depreciation Amortization Depletion Income Statement": NaN,
        "Depreciation And Amortization In Income Statement": NaN,
        "Selling General And Administration": NaN,
        "Gross Profit": NaN,
        "Cost Of Revenue": NaN,
        "Total Revenue": NaN,
        "Operating Revenue": NaN
    }
}