{
    "2023-06-30": {
        "Tax Effect Of Unusual Items": NaN,
        "Tax Rate For Calcs": NaN,
        "Normalized EBITDA": NaN,
        "Net Income From Continuing Operation Net Minority Interest": NaN,
        "Reconciled Depreciation": NaN,
        "Reconciled Cost Of Revenue": NaN,
        "EBITDA": NaN,
        "EBIT": NaN,
        "Net Interest Income": NaN,
        "Interest Expense": NaN,
        "Interest Income": NaN,
        "Normalized Income": NaN,
        "Net Income From Continuing And Discontinued Operation": NaN,
        "Total Expenses": NaN,
        "Total Operating Income As Reported": NaN,
        "Diluted Average Shares": 3130077031.0,
        "Basic Average Shares": 3108838906.0,
        "Diluted EPS": 28.56,
        "Basic EPS": 28.755,
        "Diluted NI Availto Com Stockholders": NaN,
        "Net Income Common Stockholders": NaN,
        "Net Income": NaN,
        "Minority Interests": NaN,
        "Net Income Including Noncontrolling Interests": NaN,
        "Net Income Continuous Operations": NaN,
        "Tax Provision": NaN,
        "Pretax Income": NaN,
        "Other Income Expense": NaN,
        "Earnings From Equity Interest": NaN,
        "Net Non Operating Interest Income Expense": NaN,
        "Interest Expense Non Operating": NaN,
        "Interest Income Non Operating": NaN,
        "Operating Income": NaN,
        "Operating Expense": NaN,
        "Other Operating Expenses": NaN,
        "Depreciation Amortization Depletion Income Statement": NaN,
        "Depreciation And Amortization In Income Statement": NaN,
        "Amortization": NaN,
        "Amortization Of Intangibles Income Statement": NaN,
        "Research And Development": NaN,
        "Selling General And Administration": NaN,
        "Gross Profit": NaN,
        "Cost Of Revenue": NaN,
        "Total Revenue": NaN,
        "Operating Revenue": NaN
    },
    "2023-03-31": {
        "Tax Effect Of Unusual Items": 0.0,
        "Tax Rate For Calcs": 0.350183,
        "Normalized EBITDA": 199533000000.0,
        "Net Income From Continuing Operation Net Minority Interest": 31134000000.0,
        "Reconciled Depreciation": 161410000000.0,
        "Reconciled Cost Of Revenue": 281586000000.0,
        "EBITDA": 199533000000.0,
        "EBIT": 38123000000.0,
        "Net Interest Income": -64006000000.0,
        "Interest Expense": -9792000000.0,
        "Interest Income": -49622000000.0,
        "Normalized Income": 31134000000.0,
        "Net Income From Continuing And Discontinued Operation": 31134000000.0,
        "Total Expenses": 804992000000.0,
        "Total Operating Income As Reported": 88562000000.0,
        "Diluted Average Shares": NaN,
        "Basic Average Shares": NaN,
        "Diluted EPS": NaN,
        "Basic EPS": NaN,
        "Diluted NI Availto Com Stockholders": 31134000000.0,
        "Net Income Common Stockholders": 31134000000.0,
        "Net Income": 31134000000.0,
        "Minority Interests": -2000000.0,
        "Net Income Including Noncontrolling Interests": 31135000000.0,
        "Net Income Continuous Operations": 31136000000.0,
        "Tax Provision": 16779000000.0,
        "Pretax Income": 47915000000.0,
        "Other Income Expense": -39241000000.0,
        "Earnings From Equity Interest": 16919000000.0,
        "Net Non Operating Interest Income Expense": -64006000000.0,
        "Interest Expense Non Operating": -9792000000.0,
        "Interest Income Non Operating": -49622000000.0,
        "Operating Income": 151164000000.0,
        "Operating Expense": 495220000000.0,
        "Other Operating Expenses": -53744000000.0,
        "Depreciation Amortization Depletion Income Statement": 133224000000.0,
        "Depreciation And Amortization In Income Statement": 133224000000.0,
        "Amortization": 133224000000.0,
        "Amortization Of Intangibles Income Statement": 133224000000.0,
        "Research And Development": 160944000000.0,
        "Selling General And Administration": 254796000000.0,
        "Gross Profit": 646384000000.0,
        "Cost Of Revenue": 309772000000.0,
        "Total Revenue": 956156000000.0,
        "Operating Revenue": 956156000000.0
    },
    "2022-12-31": {
        "Tax Effect Of Unusual Items": NaN,
        "Tax Rate For Calcs": NaN,
        "Normalized EBITDA": NaN,
        "Net Income From Continuing Operation Net Minority Interest": NaN,
        "Reconciled Depreciation": NaN,
        "Reconciled Cost Of Revenue": NaN,
        "EBITDA": NaN,
        "EBIT": NaN,
        "Net Interest Income": NaN,
        "Interest Expense": NaN,
        "Interest Income": NaN,
        "Normalized Income": NaN,
        "Net Income From Continuing And Discontinued Operation": NaN,
        "Total Expenses": NaN,
        "Total Operating Income As Reported": NaN,
        "Diluted Average Shares": 3140832000.0,
        "Basic Average Shares": 3109048000.0,
        "Diluted EPS": 37.93,
        "Basic EPS": 38.315,
        "Diluted NI Availto Com Stockholders": NaN,
        "Net Income Common Stockholders": NaN,
        "Net Income": NaN,
        "Minority Interests": NaN,
        "Net Income Including Noncontrolling Interests": NaN,
        "Net Income Continuous Operations": NaN,
        "Tax Provision": NaN,
        "Pretax Income": NaN,
        "Other Income Expense": NaN,
        "Earnings From Equity Interest": NaN,
        "Net Non Operating Interest Income Expense": NaN,
        "Interest Expense Non Operating": NaN,
        "Interest Income Non Operating": NaN,
        "Operating Income": NaN,
        "Operating Expense": NaN,
        "Other Operating Expenses": NaN,
        "Depreciation Amortization Depletion Income Statement": NaN,
        "Depreciation And Amortization In Income Statement": NaN,
        "Amortization": NaN,
        "Amortization Of Intangibles Income Statement": NaN,
        "Research And Development": NaN,
        "Selling General And Administration": NaN,
        "Gross Profit": NaN,
        "Cost Of Revenue": NaN,
        "Total Revenue": NaN,
        "Operating Revenue": NaN
    },
    "2022-09-30": {
        "Tax Effect Of Unusual Items": NaN,
        "Tax Rate For Calcs": NaN,
        "Normalized EBITDA": NaN,
        "Net Income From Continuing Operation Net Minority Interest": NaN,
        "Reconciled Depreciation": NaN,
        "Reconciled Cost Of Revenue": NaN,
        "EBITDA": NaN,
        "EBIT": NaN,
        "Net Interest Income": NaN,
        "Interest Expense": NaN,
        "Interest Income": NaN,
        "Normalized Income": NaN,
        "Net Income From Continuing And Discontinued Operation": NaN,
        "Total Expenses": NaN,
        "Total Operating Income As Reported": NaN,
        "Diluted Average Shares": 3127466000.0,
        "Basic Average Shares": 3104814000.0,
        "Diluted EPS": 19.74,
        "Basic EPS": 19.885,
        "Diluted NI Availto Com Stockholders": NaN,
        "Net Income Common Stockholders": NaN,
        "Net Income": NaN,
        "Minority Interests": NaN,
        "Net Income Including Noncontrolling Interests": NaN,
        "Net Income Continuous Operations": NaN,
        "Tax Provision": NaN,
        "Pretax Income": NaN,
        "Other Income Expense": NaN,
        "Earnings From Equity Interest": NaN,
        "Net Non Operating Interest Income Expense": NaN,
        "Interest Expense Non Operating": NaN,
        "Interest Income Non Operating": NaN,
        "Operating Income": NaN,
        "Operating Expense": NaN,
        "Other Operating Expenses": NaN,
        "Depreciation Amortization Depletion Income Statement": NaN,
        "Depreciation And Amortization In Income Statement": NaN,
        "Amortization": NaN,
        "Amortization Of Intangibles Income Statement": NaN,
        "Research And Development": NaN,
        "Selling General And Administration": NaN,
        "Gross Profit": NaN,
        "Cost Of Revenue": NaN,
        "Total Revenue": NaN,
        "Operating Revenue": NaN
    },
    "2022-06-30": {
        "Tax Effect Of Unusual Items": 0.0,
        "Tax Rate For Calcs": 0.324507,
        "Normalized EBITDA": 369225000000.0,
        "Net Income From Continuing Operation Net Minority Interest": 105014000000.0,
        "Reconciled Depreciation": 158283000000.0,
        "Reconciled Cost Of Revenue": 265876000000.0,
        "EBITDA": 369225000000.0,
        "EBIT": 210942000000.0,
        "Net Interest Income": 5456000000.0,
        "Interest Expense": 55469000000.0,
        "Interest Income": 60925000000.0,
        "Normalized Income": 105014000000.0,
        "Net Income From Continuing And Discontinued Operation": 105014000000.0,
        "Total Expenses": 821949000000.0,
        "Total Operating Income As Reported": 150515000000.0,
        "Diluted Average Shares": 3108762581.0,
        "Basic Average Shares": 3091411242.0,
        "Diluted EPS": 33.78,
        "Basic EPS": 33.97,
        "Diluted NI Availto Com Stockholders": 105014000000.0,
        "Net Income Common Stockholders": 105014000000.0,
        "Net Income": 105014000000.0,
        "Minority Interests": -7000000.0,
        "Net Income Including Noncontrolling Interests": 105021000000.0,
        "Net Income Continuous Operations": 105021000000.0,
        "Tax Provision": 50452000000.0,
        "Pretax Income": 155473000000.0,
        "Other Income Expense": -497000000.0,
        "Earnings From Equity Interest": -497000000.0,
        "Net Non Operating Interest Income Expense": 5456000000.0,
        "Interest Expense Non Operating": 55469000000.0,
        "Interest Income Non Operating": 60925000000.0,
        "Operating Income": 150516000000.0,
        "Operating Expense": 529067000000.0,
        "Other Operating Expenses": 22703000000.0,
        "Depreciation Amortization Depletion Income Statement": 131277000000.0,
        "Depreciation And Amortization In Income Statement": 131277000000.0,
        "Amortization": 131277000000.0,
        "Amortization Of Intangibles Income Statement": 131277000000.0,
        "Research And Development": 143607000000.0,
        "Selling General And Administration": 231480000000.0,
        "Gross Profit": 679583000000.0,
        "Cost Of Revenue": 292882000000.0,
        "Total Revenue": 972465000000.0,
        "Operating Revenue": 972465000000.0
    },
    "2022-03-31": {
        "Diluted EPS": -0.23,
        "Total Revenue": NaN,
        "Gross Profit": NaN,
        "Operating Income": -72,
        "EBIT": NaN,
        "Net Income": -703
    },
    "2021-12-31": {
        "Diluted EPS": 0.16,
        "Total Revenue": NaN,
        "Gross Profit": NaN,
        "Operating Income": NaN,
        "EBIT": NaN,
        "Net Income": 508
    },
    "2021-09-30": {
        "Diluted EPS": 0.13,
        "Total Revenue": NaN,
        "Gross Profit": NaN,
        "Operating Income": 887,
        "EBIT": NaN,
        "Net Income": 418
    },
    "2021-06-30": {
        "Diluted EPS": 0.58,
        "Total Revenue": NaN,
        "Gross Profit": NaN,
        "Operating Income": NaN,
        "EBIT": NaN,
        "Net Income": NaN
    },
    "2021-03-31": {
        "Diluted EPS": 0.58,
        "Total Revenue": NaN,
        "Gross Profit": NaN,
        "Operating Income": NaN,
        "EBIT": NaN,
        "Net Income": NaN
    },
    "2020-12-31": {
        "Diluted EPS": 0.28,
        "Total Revenue": NaN,
        "Gross Profit": NaN,
        "Operating Income": NaN,
        "EBIT": NaN,
        "Net Income": 887
    },
    "2020-09-30": {
        "Diluted EPS": 0.01,
        "Total Revenue": NaN,
        "Gross Profit": NaN,
        "Operating Income": 454,
        "EBIT": NaN,
        "Net Income": 38
    },
    "2020-06-30": {
        "Diluted EPS": 0.25,
        "Total Revenue": NaN,
        "Gross Profit": NaN,
        "Operating Income": NaN,
        "EBIT": NaN,
        "Net Income": 767
    },
    "2020-03-31": {
        "Diluted EPS": 0.13,
        "Total Revenue": NaN,
        "Gross Profit": NaN,
        "Operating Income": -34,
        "EBIT": NaN,
        "Net Income": 391
    },
    "2019-12-31": {
        "Diluted EPS": -0.1,
        "Total Revenue": NaN,
        "Gross Profit": NaN,
        "Operating Income": 492,
        "EBIT": NaN,
        "Net Income": -296
    },
    "2019-09-30": {
        "Diluted EPS": 0.16,
        "Total Revenue": NaN,
        "Gross Profit": NaN,
        "Operating Income": 376,
        "EBIT": NaN,
        "Net Income": 501
    },
    "2019-06-30": {
        "Diluted EPS": -0.06,
        "Total Revenue": NaN,
        "Gross Profit": NaN,
        "Operating Income": 90,
        "EBIT": NaN,
        "Net Income": -188
    },
    "2018-12-31": {
        "Diluted EPS": 0.21,
        "Total Revenue": NaN,
        "Gross Profit": NaN,
        "Operating Income": NaN,
        "EBIT": NaN,
        "Net Income": 336
    },
    "2018-06-30": {
        "Diluted EPS": 0.46,
        "Total Revenue": NaN,
        "Gross Profit": NaN,
        "Operating Income": 910,
        "EBIT": 910,
        "Net Income": 720
    },
    "2017-06-30": {
        "Diluted EPS": 0.84,
        "Total Revenue": NaN,
        "Gross Profit": NaN,
        "Operating Income": NaN,
        "EBIT": NaN,
        "Net Income": NaN
    },
    "2016-06-30": {
        "Diluted EPS": 0.59,
        "Total Revenue": NaN,
        "Gross Profit": NaN,
        "Operating Income": NaN,
        "EBIT": NaN,
        "Net Income": 926
    },
    "2015-06-30": {
        "Diluted EPS": 0.13,
        "Total Revenue": NaN,
        "Gross Profit": NaN,
        "Operating Income": 406,
        "EBIT": 406,
        "Net Income": 202
    },
    "2015-03-31": {
        "Diluted EPS": -1.2,
        "Total Revenue": NaN,
        "Gross Profit": NaN,
        "Operating Income": NaN,
        "EBIT": NaN,
        "Net Income": NaN
    },
    "2014-12-31": {
        "Diluted EPS": 0.1,
        "Total Revenue": NaN,
        "Gross Profit": -606,
        "Operating Income": NaN,
        "EBIT": NaN,
        "Net Income": 156
    },
    "2014-09-30": {
        "Diluted EPS": 0.16,
        "Total Revenue": NaN,
        "Gross Profit": NaN,
        "Operating Income": NaN,
        "EBIT": NaN,
        "Net Income": 260
    },
    "2014-06-30": {
        "Diluted EPS": 0.21,
        "Total Revenue": NaN,
        "Gross Profit": NaN,
        "Operating Income": 612,
        "EBIT": 612,
        "Net Income": 326
    },
    "2014-03-31": {
        "Diluted EPS": -0.03,
        "Total Revenue": NaN,
        "Gross Profit": NaN,
        "Operating Income": NaN,
        "EBIT": NaN,
        "Net Income": -43
    },
    "2013-12-31": {
        "Diluted EPS": 0.29,
        "Total Revenue": NaN,
        "Gross Profit": NaN,
        "Operating Income": NaN,
        "EBIT": NaN,
        "Net Income": 457
    },
    "2013-09-30": {
        "Diluted EPS": 0.23,
        "Total Revenue": NaN,
        "Gross Profit": NaN,
        "Operating Income": NaN,
        "EBIT": NaN,
        "Net Income": 360
    },
    "2013-06-30": {
        "Diluted EPS": 0.19,
        "Total Revenue": NaN,
        "Gross Profit": NaN,
        "Operating Income": 509,
        "EBIT": 509,
        "Net Income": 296
    },
    "2013-03-31": {
        "Diluted EPS": 0.29,
        "Total Revenue": NaN,
        "Gross Profit": NaN,
        "Operating Income": NaN,
        "EBIT": NaN,
        "Net Income": 462
    },
    "2012-12-31": {
        "Diluted EPS": 0.15,
        "Total Revenue": NaN,
        "Gross Profit": NaN,
        "Operating Income": NaN,
        "EBIT": NaN,
        "Net Income": 236
    },
    "2012-09-30": {
        "Diluted EPS": 0.26,
        "Total Revenue": NaN,
        "Gross Profit": NaN,
        "Operating Income": NaN,
        "EBIT": NaN,
        "Net Income": 409
    },
    "2012-06-30": {
        "Diluted EPS": 0.71,
        "Total Revenue": NaN,
        "Gross Profit": NaN,
        "Operating Income": 892,
        "EBIT": 892,
        "Net Income": NaN
    },
    "2012-03-31": {
        "Diluted EPS": -0.29,
        "Total Revenue": NaN,
        "Gross Profit": NaN,
        "Operating Income": NaN,
        "EBIT": NaN,
        "Net Income": -460
    },
    "2011-12-31": {
        "Diluted EPS": 0.2,
        "Total Revenue": NaN,
        "Gross Profit": NaN,
        "Operating Income": NaN,
        "EBIT": NaN,
        "Net Income": 322
    },
    "2011-09-30": {
        "Diluted EPS": 0.49,
        "Total Revenue": NaN,
        "Gross Profit": NaN,
        "Operating Income": NaN,
        "EBIT": NaN,
        "Net Income": 775
    },
    "2011-03-31": {
        "Diluted EPS": 0.25,
        "Total Revenue": NaN,
        "Gross Profit": NaN,
        "Operating Income": NaN,
        "EBIT": NaN,
        "Net Income": 394
    },
    "2010-03-31": {
        "Diluted EPS": 0.27,
        "Total Revenue": NaN,
        "Gross Profit": NaN,
        "Operating Income": NaN,
        "EBIT": NaN,
        "Net Income": 426
    },
    "2009-09-30": {
        "Diluted EPS": -0.21,
        "Total Revenue": 2,
        "Gross Profit": 2,
        "Operating Income": 2,
        "EBIT": 2,
        "Net Income": -1
    },
    "2009-03-31": {
        "Diluted EPS": 0.44,
        "Total Revenue": NaN,
        "Gross Profit": NaN,
        "Operating Income": NaN,
        "EBIT": NaN,
        "Net Income": 705
    },
    "2023-09-30": {
        "Tax Effect Of Unusual Items": NaN,
        "Tax Rate For Calcs": NaN,
        "Normalized EBITDA": NaN,
        "Net Income From Continuing Operation Net Minority Interest": NaN,
        "Reconciled Depreciation": NaN,
        "Reconciled Cost Of Revenue": NaN,
        "EBITDA": NaN,
        "EBIT": NaN,
        "Net Interest Income": NaN,
        "Interest Expense": NaN,
        "Interest Income": NaN,
        "Normalized Income": NaN,
        "Net Income From Continuing And Discontinued Operation": NaN,
        "Total Expenses": NaN,
        "Total Operating Income As Reported": NaN,
        "Diluted Average Shares": 3130592000.0,
        "Basic Average Shares": 3130592000.0,
        "Diluted EPS": -15.34,
        "Basic EPS": -15.34,
        "Diluted NI Availto Com Stockholders": NaN,
        "Net Income Common Stockholders": NaN,
        "Net Income": NaN,
        "Minority Interests": NaN,
        "Net Income Including Noncontrolling Interests": NaN,
        "Net Income Continuous Operations": NaN,
        "Tax Provision": NaN,
        "Pretax Income": NaN,
        "Other Income Expense": NaN,
        "Earnings From Equity Interest": NaN,
        "Net Non Operating Interest Income Expense": NaN,
        "Interest Expense Non Operating": NaN,
        "Interest Income Non Operating": NaN,
        "Operating Income": NaN,
        "Operating Expense": NaN,
        "Other Operating Expenses": NaN,
        "Depreciation Amortization Depletion Income Statement": NaN,
        "Depreciation And Amortization In Income Statement": NaN,
        "Amortization": NaN,
        "Amortization Of Intangibles Income Statement": NaN,
        "Research And Development": NaN,
        "Selling General And Administration": NaN,
        "Gross Profit": NaN,
        "Cost Of Revenue": NaN,
        "Total Revenue": NaN,
        "Operating Revenue": NaN
    },
    "2023-12-31": {
        "Tax Effect Of Unusual Items": 0.0,
        "Tax Rate For Calcs": 0.232,
        "Normalized EBITDA": 314889000000.0,
        "Net Income From Continuing Operation Net Minority Interest": 105720000000.0,
        "Reconciled Depreciation": 187061000000.0,
        "Reconciled Cost Of Revenue": 329758000000.0,
        "EBITDA": 314889000000.0,
        "EBIT": 127828000000.0,
        "Net Interest Income": -44779000000.0,
        "Interest Expense": 66568000000.0,
        "Interest Income": 21789000000.0,
        "Normalized Income": 105720000000.0,
        "Net Income From Continuing And Discontinued Operation": 105720000000.0,
        "Total Expenses": 1056518000000.0,
        "Total Operating Income As Reported": 104914000000.0,
        "Diluted Average Shares": NaN,
        "Basic Average Shares": NaN,
        "Diluted EPS": NaN,
        "Basic EPS": NaN,
        "Diluted NI Availto Com Stockholders": 105720000000.0,
        "Net Income Common Stockholders": 105720000000.0,
        "Net Income": 105720000000.0,
        "Minority Interests": -35000000.0,
        "Net Income Including Noncontrolling Interests": 105755000000.0,
        "Net Income Continuous Operations": 105756000000.0,
        "Tax Provision": -44496000000.0,
        "Pretax Income": 61260000000.0,
        "Other Income Expense": 51371000000.0,
        "Earnings From Equity Interest": 1124000000.0,
        "Net Non Operating Interest Income Expense": -44779000000.0,
        "Interest Expense Non Operating": 66568000000.0,
        "Interest Income Non Operating": 21789000000.0,
        "Operating Income": 54668000000.0,
        "Operating Expense": 677037000000.0,
        "Other Operating Expenses": 84798000000.0,
        "Depreciation Amortization Depletion Income Statement": 137338000000.0,
        "Depreciation And Amortization In Income Statement": 137338000000.0,
        "Amortization": 137338000000.0,
        "Amortization Of Intangibles Income Statement": 137338000000.0,
        "Research And Development": 187381000000.0,
        "Selling General And Administration": 267520000000.0,
        "Gross Profit": 731705000000.0,
        "Cost Of Revenue": 379481000000.0,
        "Total Revenue": 1111186000000.0,
        "Operating Revenue": 1111186000000.0
    },
    "2024-03-31": {
        "Tax Effect Of Unusual Items": 0.0,
        "Tax Rate For Calcs": 0.232,
        "Normalized EBITDA": 86094000000.0,
        "Net Income From Continuing Operation Net Minority Interest": -3018000000.0,
        "Reconciled Depreciation": 186744000000.0,
        "Reconciled Cost Of Revenue": 340871000000.0,
        "EBITDA": 86094000000.0,
        "EBIT": -100650000000.0,
        "Net Interest Income": -13901000000.0,
        "Interest Expense": -53128000000.0,
        "Interest Income": -34808000000.0,
        "Normalized Income": -3018000000.0,
        "Net Income From Continuing And Discontinued Operation": -3018000000.0,
        "Total Expenses": 954059000000.0,
        "Total Operating Income As Reported": -10069000000.0,
        "Diluted Average Shares": NaN,
        "Basic Average Shares": NaN,
        "Diluted EPS": NaN,
        "Basic EPS": NaN,
        "Diluted NI Availto Com Stockholders": -3018000000.0,
        "Net Income Common Stockholders": -3018000000.0,
        "Net Income": -3018000000.0,
        "Minority Interests": -24000000.0,
        "Net Income Including Noncontrolling Interests": -2994000000.0,
        "Net Income Continuous Operations": -2994000000.0,
        "Tax Provision": -44528000000.0,
        "Pretax Income": -47522000000.0,
        "Other Income Expense": -130428000000.0,
        "Earnings From Equity Interest": 3742000000.0,
        "Net Non Operating Interest Income Expense": -13901000000.0,
        "Interest Expense Non Operating": -53128000000.0,
        "Interest Income Non Operating": -34808000000.0,
        "Operating Income": 96810000000.0,
        "Operating Expense": 571558000000.0,
        "Other Operating Expenses": -54646000000.0,
        "Depreciation Amortization Depletion Income Statement": 145114000000.0,
        "Depreciation And Amortization In Income Statement": 145114000000.0,
        "Amortization": 145114000000.0,
        "Amortization Of Intangibles Income Statement": 145114000000.0,
        "Research And Development": 195856000000.0,
        "Selling General And Administration": 285234000000.0,
        "Gross Profit": 668368000000.0,
        "Cost Of Revenue": 382501000000.0,
        "Total Revenue": 1050869000000.0,
        "Operating Revenue": 1050869000000.0
    },
    "2024-06-30": {
        "Tax Effect Of Unusual Items": NaN,
        "Tax Rate For Calcs": NaN,
        "Normalized EBITDA": NaN,
        "Net Income From Continuing Operation Net Minority Interest": NaN,
        "Reconciled Depreciation": NaN,
        "Reconciled Cost Of Revenue": NaN,
        "EBITDA": NaN,
        "EBIT": NaN,
        "Net Interest Income": NaN,
        "Interest Expense": NaN,
        "Interest Income": NaN,
        "Normalized Income": NaN,
        "Net Income From Continuing And Discontinued Operation": NaN,
        "Total Expenses": NaN,
        "Total Operating Income As Reported": NaN,
        "Diluted Average Shares": 3178111445.0,
        "Basic Average Shares": 3137830958.0,
        "Diluted EPS": 29.97,
        "Basic EPS": 30.355,
        "Diluted NI Availto Com Stockholders": NaN,
        "Net Income Common Stockholders": NaN,
        "Net Income": NaN,
        "Minority Interests": NaN,
        "Net Income Including Noncontrolling Interests": NaN,
        "Net Income Continuous Operations": NaN,
        "Tax Provision": NaN,
        "Pretax Income": NaN,
        "Other Income Expense": NaN,
        "Earnings From Equity Interest": NaN,
        "Net Non Operating Interest Income Expense": NaN,
        "Interest Expense Non Operating": NaN,
        "Interest Income Non Operating": NaN,
        "Operating Income": NaN,
        "Operating Expense": NaN,
        "Other Operating Expenses": NaN,
        "Depreciation Amortization Depletion Income Statement": NaN,
        "Depreciation And Amortization In Income Statement": NaN,
        "Amortization": NaN,
        "Amortization Of Intangibles Income Statement": NaN,
        "Research And Development": NaN,
        "Selling General And Administration": NaN,
        "Gross Profit": NaN,
        "Cost Of Revenue": NaN,
        "Total Revenue": NaN,
        "Operating Revenue": NaN
    },
    "2024-09-30": {
        "Tax Effect Of Unusual Items": 0.0,
        "Tax Rate For Calcs": 0.228412,
        "Normalized EBITDA": 380278000000.0,
        "Net Income From Continuing Operation Net Minority Interest": 92046000000.0,
        "Reconciled Depreciation": 192452000000.0,
        "Reconciled Cost Of Revenue": 316511000000.0,
        "EBITDA": 380278000000.0,
        "EBIT": 187826000000.0,
        "Net Interest Income": -64338000000.0,
        "Interest Expense": 68454000000.0,
        "Interest Income": 4116000000.0,
        "Normalized Income": 92046000000.0,
        "Net Income From Continuing And Discontinued Operation": 92046000000.0,
        "Total Expenses": 902400000000.0,
        "Total Operating Income As Reported": 184247000000.0,
        "Diluted Average Shares": NaN,
        "Basic Average Shares": NaN,
        "Diluted EPS": NaN,
        "Basic EPS": NaN,
        "Diluted NI Availto Com Stockholders": 92046000000.0,
        "Net Income Common Stockholders": 92046000000.0,
        "Net Income": 92046000000.0,
        "Minority Interests": -61000000.0,
        "Net Income Including Noncontrolling Interests": 92107000000.0,
        "Net Income Continuous Operations": 92106000000.0,
        "Tax Provision": 27266000000.0,
        "Pretax Income": 119372000000.0,
        "Other Income Expense": -89926000000.0,
        "Earnings From Equity Interest": -535000000.0,
        "Net Non Operating Interest Income Expense": -64338000000.0,
        "Interest Expense Non Operating": 68454000000.0,
        "Interest Income Non Operating": 4116000000.0,
        "Operating Income": 273638000000.0,
        "Operating Expense": 508089000000.0,
        "Other Operating Expenses": -50409000000.0,
        "Depreciation Amortization Depletion Income Statement": 114652000000.0,
        "Depreciation And Amortization In Income Statement": 114652000000.0,
        "Amortization": 114652000000.0,
        "Amortization Of Intangibles Income Statement": 114652000000.0,
        "Research And Development": 175564000000.0,
        "Selling General And Administration": 268282000000.0,
        "Gross Profit": 781727000000.0,
        "Cost Of Revenue": 394311000000.0,
        "Total Revenue": 1176038000000.0,
        "Operating Revenue": 1176038000000.0
    },
    "2024-12-31": {
        "Tax Effect Of Unusual Items": 0.0,
        "Tax Rate For Calcs": 0.097398,
        "Normalized EBITDA": 244958000000.0,
        "Net Income From Continuing Operation Net Minority Interest": 23789000000.0,
        "Reconciled Depreciation": 186955000000.0,
        "Reconciled Cost Of Revenue": 392594000000.0,
        "EBITDA": 244958000000.0,
        "EBIT": 58003000000.0,
        "Net Interest Income": -38584000000.0,
        "Interest Expense": 31596000000.0,
        "Interest Income": -6988000000.0,
        "Normalized Income": 23789000000.0,
        "Net Income From Continuing And Discontinued Operation": 23789000000.0,
        "Total Expenses": 1166572000000.0,
        "Total Operating Income As Reported": 66942000000.0,
        "Diluted Average Shares": NaN,
        "Basic Average Shares": NaN,
        "Diluted EPS": NaN,
        "Basic EPS": NaN,
        "Diluted NI Availto Com Stockholders": 23789000000.0,
        "Net Income Common Stockholders": 23789000000.0,
        "Net Income": 23789000000.0,
        "Minority Interests": -46000000.0,
        "Net Income Including Noncontrolling Interests": 23835000000.0,
        "Net Income Continuous Operations": 23835000000.0,
        "Tax Provision": 2572000000.0,
        "Pretax Income": 26407000000.0,
        "Other Income Expense": 87439000000.0,
        "Earnings From Equity Interest": -1952000000.0,
        "Net Non Operating Interest Income Expense": -38584000000.0,
        "Interest Expense Non Operating": 31596000000.0,
        "Interest Income Non Operating": -6988000000.0,
        "Operating Income": -22448000000.0,
        "Operating Expense": 749698000000.0,
        "Other Operating Expenses": 146242000000.0,
        "Depreciation Amortization Depletion Income Statement": 162675000000.0,
        "Depreciation And Amortization In Income Statement": 162675000000.0,
        "Amortization": 162675000000.0,
        "Amortization Of Intangibles Income Statement": 162675000000.0,
        "Research And Development": 170193000000.0,
        "Selling General And Administration": 270588000000.0,
        "Gross Profit": 727250000000.0,
        "Cost Of Revenue": 416874000000.0,
        "Total Revenue": 1144124000000.0,
        "Operating Revenue": 1144124000000.0
    },
    "2025-03-31": {
        "Tax Effect Of Unusual Items": 0.0,
        "Tax Rate For Calcs": 0.039152,
        "Normalized EBITDA": 73346000000.0,
        "Net Income From Continuing Operation Net Minority Interest": -103155000000.0,
        "Reconciled Depreciation": 189769000000.0,
        "Reconciled Cost Of Revenue": 395384000000.0,
        "EBITDA": 73346000000.0,
        "EBIT": -129729000000.0,
        "Net Interest Income": -9733000000.0,
        "Interest Expense": -22430000000.0,
        "Interest Income": -8167000000.0,
        "Normalized Income": -103155000000.0,
        "Net Income From Continuing And Discontinued Operation": -103155000000.0,
        "Total Expenses": 984856000000.0,
        "Total Operating Income As Reported": -74932000000.0,
        "Diluted Average Shares": NaN,
        "Basic Average Shares": NaN,
        "Diluted EPS": NaN,
        "Basic EPS": NaN,
        "Diluted NI Availto Com Stockholders": -103155000000.0,
        "Net Income Common Stockholders": -103155000000.0,
        "Net Income": -103155000000.0,
        "Minority Interests": -57000000.0,
        "Net Income Including Noncontrolling Interests": -103098000000.0,
        "Net Income Continuous Operations": -103098000000.0,
        "Tax Provision": -4201000000.0,
        "Pretax Income": -107299000000.0,
        "Other Income Expense": -166107000000.0,
        "Earnings From Equity Interest": -787000000.0,
        "Net Non Operating Interest Income Expense": -9733000000.0,
        "Interest Expense Non Operating": -22430000000.0,
        "Interest Income Non Operating": -8167000000.0,
        "Operating Income": 68543000000.0,
        "Operating Expense": 602778000000.0,
        "Other Operating Expenses": -112170000000.0,
        "Depreciation Amortization Depletion Income Statement": 203075000000.0,
        "Depreciation And Amortization In Income Statement": 203075000000.0,
        "Amortization": 203075000000.0,
        "Amortization Of Intangibles Income Statement": 203075000000.0,
        "Research And Development": 216007000000.0,
        "Selling General And Administration": 295866000000.0,
        "Gross Profit": 671321000000.0,
        "Cost Of Revenue": 382078000000.0,
        "Total Revenue": 1053399000000.0,
        "Operating Revenue": 1053399000000.0
    },
    "2025-06-30": {
        "Tax Effect Of Unusual Items": 0.0,
        "Tax Rate For Calcs": 0.174939,
        "Normalized EBITDA": 439424000000.0,
        "Net Income From Continuing Operation Net Minority Interest": 124243000000.0,
        "Reconciled Depreciation": 181636000000.0,
        "Reconciled Cost Of Revenue": 334677000000.0,
        "EBITDA": 439424000000.0,
        "EBIT": 257788000000.0,
        "Net Interest Income": -33400000000.0,
        "Interest Expense": 107158000000.0,
        "Interest Income": 73758000000.0,
        "Normalized Income": 124243000000.0,
        "Net Income From Continuing And Discontinued Operation": 124243000000.0,
        "Total Expenses": 922120000000.0,
        "Total Operating Income As Reported": 184566000000.0,
        "Diluted Average Shares": 3176351783.0,
        "Basic Average Shares": 3129459316.0,
        "Diluted EPS": 39.115,
        "Basic EPS": 39.7,
        "Diluted NI Availto Com Stockholders": 124243000000.0,
        "Net Income Common Stockholders": 124243000000.0,
        "Net Income": 124243000000.0,
        "Minority Interests": -36000000.0,
        "Net Income Including Noncontrolling Interests": 124279000000.0,
        "Net Income Continuous Operations": 124279000000.0,
        "Tax Provision": 26351000000.0,
        "Pretax Income": 150630000000.0,
        "Other Income Expense": -536000000.0,
        "Earnings From Equity Interest": -536000000.0,
        "Net Non Operating Interest Income Expense": -33400000000.0,
        "Interest Expense Non Operating": 107158000000.0,
        "Interest Income Non Operating": 73758000000.0,
        "Operating Income": 184565000000.0,
        "Operating Expense": 537445000000.0,
        "Other Operating Expenses": 6031000000.0,
        "Depreciation Amortization Depletion Income Statement": 131638000000.0,
        "Depreciation And Amortization In Income Statement": 131638000000.0,
        "Amortization": 131638000000.0,
        "Amortization Of Intangibles Income Statement": 131638000000.0,
        "Research And Development": 143891000000.0,
        "Selling General And Administration": 255885000000.0,
        "Gross Profit": 722010000000.0,
        "Cost Of Revenue": 384675000000.0,
        "Total Revenue": 1106685000000.0,
        "Operating Revenue": 1106685000000.0
    },
    "2025-09-30": {
        "Tax Effect Of Unusual Items": 0.0,
        "Tax Rate For Calcs": 0.232,
        "Normalized EBITDA": 316467000000.0,
        "Net Income From Continuing Operation Net Minority Interest": -11802000000.0,
        "Reconciled Depreciation": 184982000000.0,
        "Reconciled Cost Of Revenue": 400234000000.0,
        "EBITDA": 316467000000.0,
        "EBIT": 111312000000.0,
        "Net Interest Income": -38742000000.0,
        "Interest Expense": 83138000000.0,
        "Interest Income": 44396000000.0,
        "Normalized Income": -11802000000.0,
        "Net Income From Continuing And Discontinued Operation": -11802000000.0,
        "Total Expenses": 1043800000000.0,
        "Total Operating Income As Reported": 68995000000.0,
        "Diluted Average Shares": NaN,
        "Basic Average Shares": NaN,
        "Diluted EPS": NaN,
        "Basic EPS": NaN,
        "Diluted NI Availto Com Stockholders": -11802000000.0,
        "Net Income Common Stockholders": -11802000000.0,
        "Net Income": -11802000000.0,
        "Minority Interests": -72000000.0,
        "Net Income Including Noncontrolling Interests": -11729000000.0,
        "Net Income Continuous Operations": -11729000000.0,
        "Tax Provision": 39903000000.0,
        "Pretax Income": 28174000000.0,
        "Other Income Expense": -2079000000.0,
        "Earnings From Equity Interest": -2079000000.0,
        "Net Non Operating Interest Income Expense": -38742000000.0,
        "Interest Expense Non Operating": 83138000000.0,
        "Interest Income Non Operating": 44396000000.0,
        "Operating Income": 68996000000.0,
        "Operating Expense": 663739000000.0,
        "Other Operating Expenses": 43551000000.0,
        "Depreciation Amortization Depletion Income Statement": 205155000000.0,
        "Depreciation And Amortization In Income Statement": 205155000000.0,
        "Amortization": 205155000000.0,
        "Amortization Of Intangibles Income Statement": 205155000000.0,
        "Research And Development": 161482000000.0,
        "Selling General And Administration": 253551000000.0,
        "Gross Profit": 732735000000.0,
        "Cost Of Revenue": 380061000000.0,
        "Total Revenue": 1112796000000.0,
        "Operating Revenue": 1112796000000.0
    }
}