{
    "2023-03-31": {
        "Tax Effect Of Unusual Items": NaN,
        "Tax Rate For Calcs": NaN,
        "Normalized EBITDA": NaN,
        "Total Unusual Items": NaN,
        "Total Unusual Items Excluding Goodwill": NaN,
        "Net Income From Continuing Operation Net Minority Interest": NaN,
        "Reconciled Depreciation": NaN,
        "EBITDA": NaN,
        "EBIT": NaN,
        "Net Interest Income": NaN,
        "Interest Income": NaN,
        "Normalized Income": NaN,
        "Net Income From Continuing And Discontinued Operation": NaN,
        "Total Expenses": NaN,
        "Total Operating Income As Reported": NaN,
        "Diluted Average Shares": 11303869.0,
        "Basic Average Shares": 11303869.0,
        "Diluted EPS": -0.8,
        "Basic EPS": -0.8,
        "Diluted NI Availto Com Stockholders": NaN,
        "Net Income Common Stockholders": NaN,
        "Net Income": NaN,
        "Net Income Including Noncontrolling Interests": NaN,
        "Net Income Continuous Operations": NaN,
        "Pretax Income": NaN,
        "Other Income Expense": NaN,
        "Gain On Sale Of Security": NaN,
        "Net Non Operating Interest Income Expense": NaN,
        "Interest Income Non Operating": NaN,
        "Operating Income": NaN,
        "Operating Expense": NaN,
        "Research And Development": NaN,
        "Selling General And Administration": NaN,
        "General And Administrative Expense": NaN,
        "Other Gand A": NaN,
        "Salaries And Wages": NaN,
        "Total Revenue": NaN,
        "Operating Revenue": NaN
    },
    "2022-12-31": {
        "Tax Effect Of Unusual Items": NaN,
        "Tax Rate For Calcs": NaN,
        "Normalized EBITDA": NaN,
        "Total Unusual Items": NaN,
        "Total Unusual Items Excluding Goodwill": NaN,
        "Net Income From Continuing Operation Net Minority Interest": NaN,
        "Reconciled Depreciation": NaN,
        "EBITDA": NaN,
        "EBIT": NaN,
        "Net Interest Income": NaN,
        "Interest Expense": 107000.0,
        "Interest Income": NaN,
        "Normalized Income": NaN,
        "Net Income From Continuing And Discontinued Operation": NaN,
        "Total Expenses": NaN,
        "Total Operating Income As Reported": NaN,
        "Diluted Average Shares": NaN,
        "Basic Average Shares": NaN,
        "Diluted EPS": NaN,
        "Basic EPS": NaN,
        "Diluted NI Availto Com Stockholders": NaN,
        "Net Income Common Stockholders": NaN,
        "Net Income": NaN,
        "Net Income Including Noncontrolling Interests": NaN,
        "Net Income Continuous Operations": NaN,
        "Pretax Income": NaN,
        "Other Income Expense": NaN,
        "Gain On Sale Of Security": NaN,
        "Net Non Operating Interest Income Expense": NaN,
        "Interest Expense Non Operating": 107000.0,
        "Interest Income Non Operating": NaN,
        "Operating Income": NaN,
        "Operating Expense": NaN,
        "Research And Development": NaN,
        "Selling General And Administration": NaN,
        "General And Administrative Expense": NaN,
        "Other Gand A": NaN,
        "Salaries And Wages": NaN,
        "Total Revenue": NaN,
        "Operating Revenue": NaN
    },
    "2022-09-30": {
        "Tax Effect Of Unusual Items": NaN,
        "Tax Rate For Calcs": NaN,
        "Normalized EBITDA": NaN,
        "Total Unusual Items": NaN,
        "Total Unusual Items Excluding Goodwill": NaN,
        "Net Income From Continuing Operation Net Minority Interest": NaN,
        "Reconciled Depreciation": NaN,
        "EBITDA": NaN,
        "EBIT": NaN,
        "Net Interest Income": NaN,
        "Interest Expense": 274000.0,
        "Interest Income": NaN,
        "Normalized Income": NaN,
        "Net Income From Continuing And Discontinued Operation": NaN,
        "Total Expenses": NaN,
        "Total Operating Income As Reported": NaN,
        "Diluted Average Shares": NaN,
        "Basic Average Shares": NaN,
        "Diluted EPS": NaN,
        "Basic EPS": NaN,
        "Diluted NI Availto Com Stockholders": NaN,
        "Net Income Common Stockholders": NaN,
        "Net Income": NaN,
        "Net Income Including Noncontrolling Interests": NaN,
        "Net Income Continuous Operations": NaN,
        "Pretax Income": NaN,
        "Other Income Expense": NaN,
        "Gain On Sale Of Security": NaN,
        "Net Non Operating Interest Income Expense": NaN,
        "Interest Expense Non Operating": 274000.0,
        "Interest Income Non Operating": NaN,
        "Operating Income": NaN,
        "Operating Expense": NaN,
        "Research And Development": NaN,
        "Selling General And Administration": NaN,
        "General And Administrative Expense": NaN,
        "Other Gand A": NaN,
        "Salaries And Wages": NaN,
        "Total Revenue": NaN,
        "Operating Revenue": NaN
    },
    "2022-06-30": {
        "Tax Effect Of Unusual Items": 0.0,
        "Tax Rate For Calcs": 0.0,
        "Normalized EBITDA": -8140000.0,
        "Total Unusual Items": NaN,
        "Total Unusual Items Excluding Goodwill": NaN,
        "Net Income From Continuing Operation Net Minority Interest": -8539000.0,
        "Reconciled Depreciation": 53000.0,
        "EBITDA": -8140000.0,
        "EBIT": -8193000.0,
        "Net Interest Income": 166000.0,
        "Interest Expense": 346000.0,
        "Interest Income": 512000.0,
        "Normalized Income": -8539000.0,
        "Net Income From Continuing And Discontinued Operation": -8539000.0,
        "Total Expenses": 8705000.0,
        "Total Operating Income As Reported": -8705000.0,
        "Diluted Average Shares": 11255215.0,
        "Basic Average Shares": 11255215.0,
        "Diluted EPS": -0.76,
        "Basic EPS": -0.76,
        "Diluted NI Availto Com Stockholders": -8539000.0,
        "Net Income Common Stockholders": -8539000.0,
        "Net Income": -8539000.0,
        "Net Income Including Noncontrolling Interests": -8539000.0,
        "Net Income Continuous Operations": -8539000.0,
        "Pretax Income": -8539000.0,
        "Other Income Expense": NaN,
        "Special Income Charges": NaN,
        "Impairment Of Capital Assets": NaN,
        "Gain On Sale Of Security": NaN,
        "Net Non Operating Interest Income Expense": 166000.0,
        "Interest Expense Non Operating": 346000.0,
        "Interest Income Non Operating": 512000.0,
        "Operating Income": -8705000.0,
        "Operating Expense": 8705000.0,
        "Research And Development": 3084000.0,
        "Selling General And Administration": 5621000.0,
        "General And Administrative Expense": 5621000.0,
        "Other Gand A": 5621000.0,
        "Salaries And Wages": NaN,
        "Total Revenue": 0.0,
        "Operating Revenue": 0.0
    },
    "2022-03-31": {
        "Diluted EPS": -0.96,
        "Total Revenue": NaN,
        "Gross Profit": NaN,
        "Operating Income": -11,
        "EBIT": -10,
        "Net Income": -11
    },
    "2021-12-31": {
        "Diluted EPS": -0.91,
        "Total Revenue": NaN,
        "Gross Profit": NaN,
        "Operating Income": -10,
        "EBIT": -9,
        "Net Income": -10
    },
    "2021-09-30": {
        "Diluted EPS": -0.96,
        "Total Revenue": NaN,
        "Gross Profit": NaN,
        "Operating Income": -11,
        "EBIT": -11,
        "Net Income": -11
    },
    "2021-06-30": {
        "Diluted EPS": -1.14,
        "Total Revenue": NaN,
        "Gross Profit": NaN,
        "Operating Income": -13,
        "EBIT": -12,
        "Net Income": -13
    },
    "2021-03-31": {
        "Diluted EPS": -1.2,
        "Total Revenue": NaN,
        "Gross Profit": NaN,
        "Operating Income": -14,
        "EBIT": -13,
        "Net Income": -13
    },
    "2020-12-31": {
        "Diluted EPS": -0.41,
        "Total Revenue": NaN,
        "Gross Profit": NaN,
        "Operating Income": -9,
        "EBIT": -9,
        "Net Income": -9
    },
    "2020-09-30": {
        "Diluted EPS": -1.26,
        "Total Revenue": NaN,
        "Gross Profit": NaN,
        "Operating Income": -8,
        "EBIT": -8,
        "Net Income": -8
    },
    "2020-06-30": {
        "Diluted EPS": -1.22,
        "Total Revenue": NaN,
        "Gross Profit": NaN,
        "Operating Income": -7,
        "EBIT": -7,
        "Net Income": -7
    },
    "2020-03-31": {
        "Diluted EPS": -1.81,
        "Total Revenue": NaN,
        "Gross Profit": NaN,
        "Operating Income": -10,
        "EBIT": -10,
        "Net Income": -10
    },
    "2019-12-31": {
        "Diluted EPS": -0.98,
        "Total Revenue": NaN,
        "Gross Profit": NaN,
        "Operating Income": -3,
        "EBIT": -3,
        "Net Income": -3
    },
    "2019-09-30": {
        "Diluted EPS": -0.92,
        "Total Revenue": NaN,
        "Gross Profit": NaN,
        "Operating Income": -2,
        "EBIT": -2,
        "Net Income": -2
    },
    "2019-06-30": {
        "Diluted EPS": -0.56,
        "Total Revenue": NaN,
        "Gross Profit": NaN,
        "Operating Income": -1,
        "EBIT": -1,
        "Net Income": -1
    },
    "2019-03-31": {
        "Diluted EPS": -0.58,
        "Total Revenue": NaN,
        "Gross Profit": NaN,
        "Operating Income": -2,
        "EBIT": -2,
        "Net Income": -2
    },
    "2018-12-31": {
        "Diluted EPS": -11.0,
        "Total Revenue": NaN,
        "Gross Profit": NaN,
        "Operating Income": -5,
        "EBIT": -5,
        "Net Income": -5
    },
    "2018-09-30": {
        "Diluted EPS": -10.0,
        "Total Revenue": NaN,
        "Gross Profit": NaN,
        "Operating Income": -5,
        "EBIT": -5,
        "Net Income": -5
    },
    "2018-06-30": {
        "Diluted EPS": -11.2,
        "Total Revenue": NaN,
        "Gross Profit": NaN,
        "Operating Income": -5,
        "EBIT": -5,
        "Net Income": -5
    },
    "2018-03-31": {
        "Diluted EPS": -13.6,
        "Total Revenue": NaN,
        "Gross Profit": NaN,
        "Operating Income": -6,
        "EBIT": -6,
        "Net Income": -6
    },
    "2017-12-31": {
        "Diluted EPS": -13.2,
        "Total Revenue": NaN,
        "Gross Profit": NaN,
        "Operating Income": -6,
        "EBIT": -6,
        "Net Income": -6
    },
    "2017-09-30": {
        "Diluted EPS": -43.2,
        "Total Revenue": NaN,
        "Gross Profit": NaN,
        "Operating Income": -12,
        "EBIT": -12,
        "Net Income": -19
    },
    "2017-06-30": {
        "Diluted EPS": -13.2,
        "Total Revenue": NaN,
        "Gross Profit": NaN,
        "Operating Income": -6,
        "EBIT": -6,
        "Net Income": -6
    },
    "2017-03-31": {
        "Diluted EPS": -15.6,
        "Total Revenue": NaN,
        "Gross Profit": NaN,
        "Operating Income": -6,
        "EBIT": -6,
        "Net Income": -6
    },
    "2016-12-31": {
        "Diluted EPS": -16.4,
        "Total Revenue": NaN,
        "Gross Profit": NaN,
        "Operating Income": -7,
        "EBIT": -7,
        "Net Income": -7
    },
    "2016-09-30": {
        "Diluted EPS": -17.2,
        "Total Revenue": NaN,
        "Gross Profit": NaN,
        "Operating Income": -7,
        "EBIT": -7,
        "Net Income": -7
    },
    "2016-06-30": {
        "Diluted EPS": -19.2,
        "Total Revenue": NaN,
        "Gross Profit": NaN,
        "Operating Income": -8,
        "EBIT": -8,
        "Net Income": -8
    },
    "2016-03-31": {
        "Diluted EPS": -16.0,
        "Total Revenue": NaN,
        "Gross Profit": NaN,
        "Operating Income": -7,
        "EBIT": -7,
        "Net Income": -7
    },
    "2015-12-31": {
        "Diluted EPS": -15.2,
        "Total Revenue": NaN,
        "Gross Profit": NaN,
        "Operating Income": -6,
        "EBIT": -6,
        "Net Income": -6
    },
    "2015-09-30": {
        "Diluted EPS": -13.2,
        "Total Revenue": NaN,
        "Gross Profit": NaN,
        "Operating Income": -5,
        "EBIT": -5,
        "Net Income": -5
    },
    "2015-06-30": {
        "Diluted EPS": -12.4,
        "Total Revenue": NaN,
        "Gross Profit": NaN,
        "Operating Income": -5,
        "EBIT": -5,
        "Net Income": -5
    },
    "2015-03-31": {
        "Diluted EPS": -11.2,
        "Total Revenue": NaN,
        "Gross Profit": NaN,
        "Operating Income": -5,
        "EBIT": -4,
        "Net Income": -5
    },
    "2014-12-31": {
        "Diluted EPS": NaN,
        "Total Revenue": NaN,
        "Gross Profit": NaN,
        "Operating Income": -3,
        "EBIT": -3,
        "Net Income": 7
    },
    "2014-09-30": {
        "Diluted EPS": NaN,
        "Total Revenue": 3,
        "Gross Profit": 3,
        "Operating Income": 0,
        "EBIT": 0,
        "Net Income": -7
    },
    "2014-06-30": {
        "Diluted EPS": -742.0,
        "Total Revenue": NaN,
        "Gross Profit": NaN,
        "Operating Income": -3,
        "EBIT": -3,
        "Net Income": -4
    },
    "2014-03-31": {
        "Diluted EPS": -723.6,
        "Total Revenue": NaN,
        "Gross Profit": NaN,
        "Operating Income": -2,
        "EBIT": -2,
        "Net Income": -4
    },
    "2013-12-31": {
        "Diluted EPS": 0.0,
        "Total Revenue": NaN,
        "Gross Profit": NaN,
        "Operating Income": NaN,
        "EBIT": NaN,
        "Net Income": NaN
    },
    "2013-09-30": {
        "Diluted EPS": -624.0,
        "Total Revenue": NaN,
        "Gross Profit": NaN,
        "Operating Income": -2,
        "EBIT": -2,
        "Net Income": -4
    },
    "2012-12-31": {
        "Diluted EPS": 0.0,
        "Total Revenue": NaN,
        "Gross Profit": NaN,
        "Operating Income": NaN,
        "EBIT": NaN,
        "Net Income": NaN
    },
    "2023-06-30": {
        "Tax Effect Of Unusual Items": NaN,
        "Tax Rate For Calcs": NaN,
        "Normalized EBITDA": NaN,
        "Total Unusual Items": NaN,
        "Total Unusual Items Excluding Goodwill": NaN,
        "Net Income From Continuing Operation Net Minority Interest": NaN,
        "Reconciled Depreciation": NaN,
        "EBITDA": NaN,
        "EBIT": NaN,
        "Net Interest Income": NaN,
        "Interest Income": NaN,
        "Normalized Income": NaN,
        "Net Income From Continuing And Discontinued Operation": NaN,
        "Total Expenses": NaN,
        "Total Operating Income As Reported": NaN,
        "Diluted Average Shares": 11307842.0,
        "Basic Average Shares": 11307842.0,
        "Diluted EPS": -1.0,
        "Basic EPS": -1.0,
        "Diluted NI Availto Com Stockholders": NaN,
        "Net Income Common Stockholders": NaN,
        "Net Income": NaN,
        "Net Income Including Noncontrolling Interests": NaN,
        "Net Income Continuous Operations": NaN,
        "Pretax Income": NaN,
        "Other Income Expense": NaN,
        "Gain On Sale Of Security": NaN,
        "Net Non Operating Interest Income Expense": NaN,
        "Interest Income Non Operating": NaN,
        "Operating Income": NaN,
        "Operating Expense": NaN,
        "Research And Development": NaN,
        "Selling General And Administration": NaN,
        "General And Administrative Expense": NaN,
        "Other Gand A": NaN,
        "Salaries And Wages": 1204000.0,
        "Total Revenue": NaN,
        "Operating Revenue": NaN
    },
    "2023-09-30": {
        "Tax Effect Of Unusual Items": NaN,
        "Tax Rate For Calcs": NaN,
        "Normalized EBITDA": NaN,
        "Total Unusual Items": NaN,
        "Total Unusual Items Excluding Goodwill": NaN,
        "Net Income From Continuing Operation Net Minority Interest": NaN,
        "Reconciled Depreciation": NaN,
        "EBITDA": NaN,
        "EBIT": NaN,
        "Net Interest Income": NaN,
        "Interest Income": NaN,
        "Normalized Income": NaN,
        "Net Income From Continuing And Discontinued Operation": NaN,
        "Total Expenses": NaN,
        "Total Operating Income As Reported": NaN,
        "Diluted Average Shares": 11347887.0,
        "Basic Average Shares": 11347887.0,
        "Diluted EPS": -0.87,
        "Basic EPS": -0.87,
        "Diluted NI Availto Com Stockholders": NaN,
        "Net Income Common Stockholders": NaN,
        "Net Income": NaN,
        "Net Income Including Noncontrolling Interests": NaN,
        "Net Income Continuous Operations": NaN,
        "Pretax Income": NaN,
        "Other Income Expense": NaN,
        "Gain On Sale Of Security": NaN,
        "Net Non Operating Interest Income Expense": NaN,
        "Interest Income Non Operating": NaN,
        "Operating Income": NaN,
        "Operating Expense": NaN,
        "Research And Development": NaN,
        "Selling General And Administration": NaN,
        "General And Administrative Expense": NaN,
        "Other Gand A": NaN,
        "Total Revenue": NaN,
        "Operating Revenue": NaN
    },
    "2023-12-31": {
        "Tax Effect Of Unusual Items": 0.0,
        "Tax Rate For Calcs": 0.0,
        "Normalized EBITDA": -10940000.0,
        "Total Unusual Items": 6000.0,
        "Total Unusual Items Excluding Goodwill": 6000.0,
        "Net Income From Continuing Operation Net Minority Interest": -10221000.0,
        "Reconciled Depreciation": 107000.0,
        "EBITDA": -10934000.0,
        "EBIT": -11041000.0,
        "Net Interest Income": 814000.0,
        "Interest Income": 814000.0,
        "Normalized Income": -10227000.0,
        "Net Income From Continuing And Discontinued Operation": -10221000.0,
        "Total Expenses": 11041000.0,
        "Total Operating Income As Reported": -11041000.0,
        "Diluted Average Shares": NaN,
        "Basic Average Shares": NaN,
        "Diluted EPS": NaN,
        "Basic EPS": NaN,
        "Diluted NI Availto Com Stockholders": -10221000.0,
        "Net Income Common Stockholders": -10221000.0,
        "Net Income": -10221000.0,
        "Net Income Including Noncontrolling Interests": -10221000.0,
        "Net Income Continuous Operations": -10221000.0,
        "Pretax Income": -10221000.0,
        "Other Income Expense": 6000.0,
        "Gain On Sale Of Security": 6000.0,
        "Net Non Operating Interest Income Expense": 814000.0,
        "Interest Income Non Operating": 814000.0,
        "Operating Income": -11041000.0,
        "Operating Expense": 11041000.0,
        "Research And Development": 6381000.0,
        "Selling General And Administration": 4660000.0,
        "General And Administrative Expense": 4660000.0,
        "Other Gand A": 4660000.0,
        "Total Revenue": 0.0,
        "Operating Revenue": 0.0
    },
    "2024-03-31": {
        "Tax Effect Of Unusual Items": 0.0,
        "Tax Rate For Calcs": 0.0,
        "Normalized EBITDA": -11777000.0,
        "Total Unusual Items": 9000.0,
        "Total Unusual Items Excluding Goodwill": 9000.0,
        "Net Income From Continuing Operation Net Minority Interest": -11095000.0,
        "Reconciled Depreciation": 83000.0,
        "EBITDA": -11768000.0,
        "EBIT": -11851000.0,
        "Net Interest Income": 747000.0,
        "Interest Income": 747000.0,
        "Normalized Income": -11104000.0,
        "Net Income From Continuing And Discontinued Operation": -11095000.0,
        "Total Expenses": 11851000.0,
        "Total Operating Income As Reported": -11851000.0,
        "Diluted Average Shares": 11420948.0,
        "Basic Average Shares": 11420948.0,
        "Diluted EPS": -0.97,
        "Basic EPS": -0.97,
        "Diluted NI Availto Com Stockholders": -11095000.0,
        "Net Income Common Stockholders": -11095000.0,
        "Net Income": -11095000.0,
        "Net Income Including Noncontrolling Interests": -11095000.0,
        "Net Income Continuous Operations": -11095000.0,
        "Pretax Income": -11095000.0,
        "Other Income Expense": 9000.0,
        "Gain On Sale Of Security": 9000.0,
        "Net Non Operating Interest Income Expense": 747000.0,
        "Interest Income Non Operating": 747000.0,
        "Operating Income": -11851000.0,
        "Operating Expense": 11851000.0,
        "Research And Development": 7748000.0,
        "Selling General And Administration": 4103000.0,
        "General And Administrative Expense": 4103000.0,
        "Other Gand A": 4103000.0,
        "Total Revenue": 0.0,
        "Operating Revenue": 0.0
    },
    "2024-06-30": {
        "Tax Effect Of Unusual Items": 0.0,
        "Tax Rate For Calcs": 0.0,
        "Normalized EBITDA": -10589000.0,
        "Total Unusual Items": 11000.0,
        "Total Unusual Items Excluding Goodwill": 11000.0,
        "Net Income From Continuing Operation Net Minority Interest": -9513000.0,
        "Reconciled Depreciation": 83000.0,
        "EBITDA": -10578000.0,
        "EBIT": -10661000.0,
        "Net Interest Income": 1137000.0,
        "Interest Income": 1137000.0,
        "Normalized Income": -9524000.0,
        "Net Income From Continuing And Discontinued Operation": -9513000.0,
        "Total Expenses": 10661000.0,
        "Total Operating Income As Reported": -10661000.0,
        "Diluted Average Shares": 21233163.0,
        "Basic Average Shares": 21233163.0,
        "Diluted EPS": -0.45,
        "Basic EPS": -0.45,
        "Diluted NI Availto Com Stockholders": -9513000.0,
        "Net Income Common Stockholders": -9513000.0,
        "Net Income": -9513000.0,
        "Net Income Including Noncontrolling Interests": -9513000.0,
        "Net Income Continuous Operations": -9513000.0,
        "Pretax Income": -9513000.0,
        "Other Income Expense": 11000.0,
        "Gain On Sale Of Security": 11000.0,
        "Net Non Operating Interest Income Expense": 1137000.0,
        "Interest Income Non Operating": 1137000.0,
        "Operating Income": -10661000.0,
        "Operating Expense": 10661000.0,
        "Research And Development": 6387000.0,
        "Selling General And Administration": 4274000.0,
        "General And Administrative Expense": 4274000.0,
        "Other Gand A": 4274000.0,
        "Total Revenue": 0.0,
        "Operating Revenue": 0.0
    },
    "2024-09-30": {
        "Tax Effect Of Unusual Items": 0.0,
        "Tax Rate For Calcs": 0.0,
        "Normalized EBITDA": -12254000.0,
        "Total Unusual Items": 8000.0,
        "Total Unusual Items Excluding Goodwill": 8000.0,
        "Net Income From Continuing Operation Net Minority Interest": -11219000.0,
        "Reconciled Depreciation": 84000.0,
        "EBITDA": -12246000.0,
        "EBIT": -12330000.0,
        "Net Interest Income": 1103000.0,
        "Interest Income": 1103000.0,
        "Normalized Income": -11227000.0,
        "Net Income From Continuing And Discontinued Operation": -11219000.0,
        "Total Expenses": 12330000.0,
        "Total Operating Income As Reported": -12330000.0,
        "Diluted Average Shares": 22329772.0,
        "Basic Average Shares": 22329772.0,
        "Diluted EPS": -0.5,
        "Basic EPS": -0.5,
        "Diluted NI Availto Com Stockholders": -11219000.0,
        "Net Income Common Stockholders": -11219000.0,
        "Net Income": -11219000.0,
        "Net Income Including Noncontrolling Interests": -11219000.0,
        "Net Income Continuous Operations": -11219000.0,
        "Pretax Income": -11219000.0,
        "Other Income Expense": 8000.0,
        "Gain On Sale Of Security": 8000.0,
        "Net Non Operating Interest Income Expense": 1103000.0,
        "Interest Income Non Operating": 1103000.0,
        "Operating Income": -12330000.0,
        "Operating Expense": 12330000.0,
        "Research And Development": 8070000.0,
        "Selling General And Administration": 4260000.0,
        "General And Administrative Expense": 4260000.0,
        "Other Gand A": 4260000.0,
        "Total Revenue": 0.0,
        "Operating Revenue": 0.0
    },
    "2024-12-31": {
        "Tax Effect Of Unusual Items": 0.0,
        "Tax Rate For Calcs": 0.0,
        "Normalized EBITDA": -14238000.0,
        "Total Unusual Items": 8000.0,
        "Total Unusual Items Excluding Goodwill": 8000.0,
        "Net Income From Continuing Operation Net Minority Interest": -12769000.0,
        "Reconciled Depreciation": 82000.0,
        "EBITDA": -14230000.0,
        "EBIT": -14312000.0,
        "Net Interest Income": 1148000.0,
        "Interest Income": 1148000.0,
        "Normalized Income": -12777000.0,
        "Net Income From Continuing And Discontinued Operation": -12769000.0,
        "Total Expenses": 14312000.0,
        "Total Operating Income As Reported": -14312000.0,
        "Diluted Average Shares": NaN,
        "Basic Average Shares": NaN,
        "Diluted EPS": NaN,
        "Basic EPS": NaN,
        "Diluted NI Availto Com Stockholders": -12769000.0,
        "Net Income Common Stockholders": -12769000.0,
        "Net Income": -12769000.0,
        "Net Income Including Noncontrolling Interests": -12769000.0,
        "Net Income Continuous Operations": -12769000.0,
        "Pretax Income": -12769000.0,
        "Other Income Expense": 395000.0,
        "Gain On Sale Of Security": 8000.0,
        "Net Non Operating Interest Income Expense": 1148000.0,
        "Interest Income Non Operating": 1148000.0,
        "Operating Income": -14312000.0,
        "Operating Expense": 14312000.0,
        "Research And Development": 9499000.0,
        "Selling General And Administration": 4813000.0,
        "General And Administrative Expense": 4813000.0,
        "Other Gand A": 4813000.0,
        "Total Revenue": 0.0,
        "Operating Revenue": 0.0
    }
}