{
    "2024-09-30": {
        "Tax Effect Of Unusual Items": -45630.0,
        "Tax Rate For Calcs": 0.013,
        "Normalized EBITDA": 13003000.0,
        "Total Unusual Items": -3510000.0,
        "Total Unusual Items Excluding Goodwill": -3510000.0,
        "Net Income From Continuing Operation Net Minority Interest": 3413000.0,
        "Reconciled Depreciation": 3322000.0,
        "Reconciled Cost Of Revenue": 60232000.0,
        "EBITDA": 9493000.0,
        "EBIT": 6171000.0,
        "Net Interest Income": -2712000.0,
        "Interest Expense": 2712000.0,
        "Normalized Income": 6877370.0,
        "Net Income From Continuing And Discontinued Operation": 3413000.0,
        "Total Expenses": 84430000.0,
        "Total Operating Income As Reported": 6423000.0,
        "Diluted Average Shares": 21501000.0,
        "Basic Average Shares": 20553000.0,
        "Diluted EPS": 0.16,
        "Basic EPS": 0.17,
        "Diluted NI Availto Com Stockholders": 3413000.0,
        "Net Income Common Stockholders": 3413000.0,
        "Net Income": 3413000.0,
        "Net Income Including Noncontrolling Interests": 3413000.0,
        "Net Income Continuous Operations": 3413000.0,
        "Tax Provision": 46000.0,
        "Pretax Income": 3459000.0,
        "Other Income Expense": -3762000.0,
        "Other Non Operating Income Expenses": -252000.0,
        "Special Income Charges": -3510000.0,
        "Other Special Charges": NaN,
        "Restructuring And Mergern Acquisition": 3510000.0,
        "Net Non Operating Interest Income Expense": -2712000.0,
        "Total Other Finance Cost": NaN,
        "Interest Expense Non Operating": 2712000.0,
        "Operating Income": 9933000.0,
        "Operating Expense": 24198000.0,
        "Research And Development": 4311000.0,
        "Selling General And Administration": 19887000.0,
        "Selling And Marketing Expense": 13535000.0,
        "General And Administrative Expense": 6352000.0,
        "Other Gand A": 6352000.0,
        "Gross Profit": 34131000.0,
        "Cost Of Revenue": 60232000.0,
        "Total Revenue": 94363000.0,
        "Operating Revenue": 94363000.0
    },
    "2024-06-30": {
        "Tax Effect Of Unusual Items": NaN,
        "Tax Rate For Calcs": NaN,
        "Normalized EBITDA": NaN,
        "Total Unusual Items": NaN,
        "Total Unusual Items Excluding Goodwill": NaN,
        "Net Income From Continuing Operation Net Minority Interest": NaN,
        "Reconciled Depreciation": NaN,
        "Reconciled Cost Of Revenue": NaN,
        "EBITDA": NaN,
        "EBIT": NaN,
        "Net Interest Income": NaN,
        "Interest Expense": NaN,
        "Normalized Income": NaN,
        "Net Income From Continuing And Discontinued Operation": NaN,
        "Total Expenses": NaN,
        "Total Operating Income As Reported": NaN,
        "Diluted Average Shares": NaN,
        "Basic Average Shares": NaN,
        "Diluted EPS": NaN,
        "Basic EPS": NaN,
        "Diluted NI Availto Com Stockholders": NaN,
        "Net Income Common Stockholders": NaN,
        "Net Income": NaN,
        "Net Income Including Noncontrolling Interests": NaN,
        "Net Income Continuous Operations": NaN,
        "Tax Provision": NaN,
        "Pretax Income": NaN,
        "Other Income Expense": NaN,
        "Other Non Operating Income Expenses": NaN,
        "Special Income Charges": NaN,
        "Other Special Charges": NaN,
        "Restructuring And Mergern Acquisition": NaN,
        "Net Non Operating Interest Income Expense": NaN,
        "Total Other Finance Cost": 2220000.0,
        "Interest Expense Non Operating": NaN,
        "Operating Income": NaN,
        "Operating Expense": NaN,
        "Research And Development": NaN,
        "Selling General And Administration": NaN,
        "Selling And Marketing Expense": NaN,
        "General And Administrative Expense": NaN,
        "Other Gand A": NaN,
        "Gross Profit": NaN,
        "Cost Of Revenue": NaN,
        "Total Revenue": NaN,
        "Operating Revenue": NaN
    },
    "2024-03-31": {
        "Tax Effect Of Unusual Items": -1031100.0,
        "Tax Rate For Calcs": 0.21,
        "Normalized EBITDA": 303000.0,
        "Total Unusual Items": -4910000.0,
        "Total Unusual Items Excluding Goodwill": -4910000.0,
        "Net Income From Continuing Operation Net Minority Interest": 155000.0,
        "Reconciled Depreciation": 1476000.0,
        "Reconciled Cost Of Revenue": 38062000.0,
        "EBITDA": -4607000.0,
        "EBIT": -6083000.0,
        "Net Interest Income": -150000.0,
        "Interest Expense": 150000.0,
        "Normalized Income": 4033900.0,
        "Net Income From Continuing And Discontinued Operation": 155000.0,
        "Total Expenses": 56651000.0,
        "Total Operating Income As Reported": -5713000.0,
        "Diluted Average Shares": 19389000.0,
        "Basic Average Shares": 18321000.0,
        "Diluted EPS": 0.01,
        "Basic EPS": 0.01,
        "Diluted NI Availto Com Stockholders": 155000.0,
        "Net Income Common Stockholders": 155000.0,
        "Net Income": 155000.0,
        "Net Income Including Noncontrolling Interests": 155000.0,
        "Net Income Continuous Operations": 155000.0,
        "Tax Provision": -6388000.0,
        "Pretax Income": -6233000.0,
        "Other Income Expense": -5280000.0,
        "Other Non Operating Income Expenses": -370000.0,
        "Special Income Charges": -4910000.0,
        "Other Special Charges": NaN,
        "Restructuring And Mergern Acquisition": 4910000.0,
        "Net Non Operating Interest Income Expense": -150000.0,
        "Total Other Finance Cost": NaN,
        "Interest Expense Non Operating": 150000.0,
        "Operating Income": -803000.0,
        "Operating Expense": 18589000.0,
        "Research And Development": 3902000.0,
        "Selling General And Administration": 14687000.0,
        "Selling And Marketing Expense": 9013000.0,
        "General And Administrative Expense": 5674000.0,
        "Other Gand A": 5674000.0,
        "Gross Profit": 17786000.0,
        "Cost Of Revenue": 38062000.0,
        "Total Revenue": 55848000.0,
        "Operating Revenue": 55848000.0
    },
    "2023-12-31": {
        "Tax Effect Of Unusual Items": 0.0,
        "Tax Rate For Calcs": 0.21,
        "Normalized EBITDA": 9131000.0,
        "Total Unusual Items": NaN,
        "Total Unusual Items Excluding Goodwill": NaN,
        "Net Income From Continuing Operation Net Minority Interest": 8552000.0,
        "Reconciled Depreciation": 1166000.0,
        "Reconciled Cost Of Revenue": 67734000.0,
        "EBITDA": 9131000.0,
        "EBIT": 7965000.0,
        "Net Interest Income": -251000.0,
        "Interest Expense": NaN,
        "Normalized Income": 8552000.0,
        "Net Income From Continuing And Discontinued Operation": 8552000.0,
        "Total Expenses": 91179000.0,
        "Total Operating Income As Reported": 8359000.0,
        "Diluted Average Shares": NaN,
        "Basic Average Shares": NaN,
        "Diluted EPS": NaN,
        "Basic EPS": NaN,
        "Diluted NI Availto Com Stockholders": 8552000.0,
        "Net Income Common Stockholders": 8552000.0,
        "Net Income": 8552000.0,
        "Net Income Including Noncontrolling Interests": 8552000.0,
        "Net Income Continuous Operations": 8552000.0,
        "Tax Provision": -39000.0,
        "Pretax Income": 8513000.0,
        "Other Income Expense": 405000.0,
        "Other Non Operating Income Expenses": 405000.0,
        "Special Income Charges": NaN,
        "Restructuring And Mergern Acquisition": NaN,
        "Net Non Operating Interest Income Expense": -251000.0,
        "Total Other Finance Cost": NaN,
        "Interest Expense Non Operating": NaN,
        "Operating Income": 8359000.0,
        "Operating Expense": 23445000.0,
        "Research And Development": 4467000.0,
        "Selling General And Administration": 18978000.0,
        "Selling And Marketing Expense": 13032000.0,
        "General And Administrative Expense": 5946000.0,
        "Other Gand A": 5946000.0,
        "Gross Profit": 31804000.0,
        "Cost Of Revenue": 67734000.0,
        "Total Revenue": 99538000.0,
        "Operating Revenue": 99538000.0
    },
    "2023-09-30": {
        "Tax Effect Of Unusual Items": NaN,
        "Tax Rate For Calcs": NaN,
        "Normalized EBITDA": NaN,
        "Total Unusual Items": NaN,
        "Total Unusual Items Excluding Goodwill": NaN,
        "Net Income From Continuing Operation Net Minority Interest": NaN,
        "Reconciled Depreciation": NaN,
        "Reconciled Cost Of Revenue": NaN,
        "EBITDA": NaN,
        "EBIT": NaN,
        "Net Interest Income": NaN,
        "Interest Expense": 107000.0,
        "Normalized Income": NaN,
        "Net Income From Continuing And Discontinued Operation": NaN,
        "Total Expenses": NaN,
        "Total Operating Income As Reported": NaN,
        "Diluted Average Shares": NaN,
        "Basic Average Shares": NaN,
        "Diluted EPS": NaN,
        "Basic EPS": NaN,
        "Diluted NI Availto Com Stockholders": NaN,
        "Net Income Common Stockholders": NaN,
        "Net Income": NaN,
        "Net Income Including Noncontrolling Interests": NaN,
        "Net Income Continuous Operations": NaN,
        "Tax Provision": NaN,
        "Pretax Income": NaN,
        "Other Income Expense": NaN,
        "Other Non Operating Income Expenses": NaN,
        "Special Income Charges": NaN,
        "Other Special Charges": NaN,
        "Restructuring And Mergern Acquisition": NaN,
        "Net Non Operating Interest Income Expense": NaN,
        "Total Other Finance Cost": 107000.0,
        "Interest Expense Non Operating": 107000.0,
        "Operating Income": NaN,
        "Operating Expense": NaN,
        "Research And Development": NaN,
        "Selling General And Administration": NaN,
        "Selling And Marketing Expense": NaN,
        "General And Administrative Expense": NaN,
        "Other Gand A": NaN,
        "Gross Profit": NaN,
        "Cost Of Revenue": NaN,
        "Total Revenue": NaN,
        "Operating Revenue": NaN
    },
    "2023-06-30": {
        "Tax Effect Of Unusual Items": NaN,
        "Tax Rate For Calcs": NaN,
        "Normalized EBITDA": NaN,
        "Total Unusual Items": NaN,
        "Total Unusual Items Excluding Goodwill": NaN,
        "Net Income From Continuing Operation Net Minority Interest": NaN,
        "Reconciled Depreciation": NaN,
        "Reconciled Cost Of Revenue": NaN,
        "EBITDA": NaN,
        "EBIT": NaN,
        "Net Interest Income": NaN,
        "Interest Expense": NaN,
        "Interest Income": 17000.0,
        "Normalized Income": NaN,
        "Net Income From Continuing And Discontinued Operation": NaN,
        "Total Expenses": NaN,
        "Total Operating Income As Reported": NaN,
        "Diluted Average Shares": 17156000.0,
        "Basic Average Shares": 17156000.0,
        "Diluted EPS": -0.93,
        "Basic EPS": -0.93,
        "Diluted NI Availto Com Stockholders": NaN,
        "Net Income Common Stockholders": NaN,
        "Net Income": NaN,
        "Net Income Including Noncontrolling Interests": NaN,
        "Net Income Continuous Operations": NaN,
        "Tax Provision": NaN,
        "Pretax Income": NaN,
        "Other Income Expense": NaN,
        "Other Non Operating Income Expenses": NaN,
        "Special Income Charges": NaN,
        "Restructuring And Mergern Acquisition": NaN,
        "Net Non Operating Interest Income Expense": NaN,
        "Total Other Finance Cost": -17000.0,
        "Interest Expense Non Operating": NaN,
        "Interest Income Non Operating": 17000.0,
        "Operating Income": NaN,
        "Operating Expense": NaN,
        "Research And Development": NaN,
        "Selling General And Administration": NaN,
        "Selling And Marketing Expense": NaN,
        "General And Administrative Expense": NaN,
        "Other Gand A": NaN,
        "Gross Profit": NaN,
        "Cost Of Revenue": NaN,
        "Total Revenue": NaN,
        "Operating Revenue": NaN
    },
    "2024-12-31": {
        "Tax Effect Of Unusual Items": -213780.0,
        "Tax Rate For Calcs": 0.21,
        "Normalized EBITDA": 27420000.0,
        "Total Unusual Items": -1018000.0,
        "Total Unusual Items Excluding Goodwill": -1018000.0,
        "Net Income From Continuing Operation Net Minority Interest": 20139000.0,
        "Reconciled Depreciation": 3287000.0,
        "Reconciled Cost Of Revenue": 92088000.0,
        "EBITDA": 26402000.0,
        "EBIT": 23115000.0,
        "Net Interest Income": -2986000.0,
        "Interest Expense": 2986000.0,
        "Normalized Income": 20943220.0,
        "Net Income From Continuing And Discontinued Operation": 20139000.0,
        "Total Expenses": 121629000.0,
        "Total Operating Income As Reported": 23430000.0,
        "Diluted Average Shares": 21136000.0,
        "Basic Average Shares": 19937000.0,
        "Diluted EPS": 0.95,
        "Basic EPS": 1.01,
        "Diluted NI Availto Com Stockholders": 20139000.0,
        "Net Income Common Stockholders": 20139000.0,
        "Net Income": 20139000.0,
        "Net Income Including Noncontrolling Interests": 20139000.0,
        "Net Income Continuous Operations": 20139000.0,
        "Tax Provision": -10000.0,
        "Pretax Income": 20129000.0,
        "Other Income Expense": -1333000.0,
        "Other Non Operating Income Expenses": -315000.0,
        "Special Income Charges": -1018000.0,
        "Other Special Charges": NaN,
        "Restructuring And Mergern Acquisition": 1018000.0,
        "Net Non Operating Interest Income Expense": -2986000.0,
        "Total Other Finance Cost": NaN,
        "Interest Expense Non Operating": 2986000.0,
        "Operating Income": 24448000.0,
        "Operating Expense": 29541000.0,
        "Research And Development": 4502000.0,
        "Selling General And Administration": 25039000.0,
        "Selling And Marketing Expense": 16140000.0,
        "General And Administrative Expense": 8899000.0,
        "Other Gand A": 8899000.0,
        "Gross Profit": 53989000.0,
        "Cost Of Revenue": 92088000.0,
        "Total Revenue": 146077000.0,
        "Operating Revenue": 146077000.0
    },
    "2025-03-31": {
        "Tax Effect Of Unusual Items": 399171.0,
        "Tax Rate For Calcs": 0.141,
        "Normalized EBITDA": 1528000.0,
        "Total Unusual Items": 2831000.0,
        "Total Unusual Items Excluding Goodwill": 2831000.0,
        "Net Income From Continuing Operation Net Minority Interest": -664000.0,
        "Reconciled Depreciation": 3126000.0,
        "Reconciled Cost Of Revenue": 40534000.0,
        "EBITDA": 4359000.0,
        "EBIT": 1233000.0,
        "Net Interest Income": -2006000.0,
        "Interest Expense": 2006000.0,
        "Normalized Income": -3095829.0,
        "Net Income From Continuing And Discontinued Operation": -664000.0,
        "Total Expenses": 65196000.0,
        "Total Operating Income As Reported": 1536000.0,
        "Diluted Average Shares": 20506000.0,
        "Basic Average Shares": 20506000.0,
        "Diluted EPS": -0.03,
        "Basic EPS": -0.03,
        "Diluted NI Availto Com Stockholders": -664000.0,
        "Net Income Common Stockholders": -664000.0,
        "Net Income": -664000.0,
        "Net Income Including Noncontrolling Interests": -664000.0,
        "Net Income Continuous Operations": -664000.0,
        "Tax Provision": -109000.0,
        "Pretax Income": -773000.0,
        "Other Income Expense": 2528000.0,
        "Other Non Operating Income Expenses": -303000.0,
        "Special Income Charges": 2831000.0,
        "Other Special Charges": -3439000.0,
        "Restructuring And Mergern Acquisition": 608000.0,
        "Net Non Operating Interest Income Expense": -2006000.0,
        "Total Other Finance Cost": NaN,
        "Interest Expense Non Operating": 2006000.0,
        "Operating Income": -1295000.0,
        "Operating Expense": 24662000.0,
        "Research And Development": 3993000.0,
        "Selling General And Administration": 20669000.0,
        "Selling And Marketing Expense": 12453000.0,
        "General And Administrative Expense": 8216000.0,
        "Other Gand A": 8216000.0,
        "Gross Profit": 23367000.0,
        "Cost Of Revenue": 40534000.0,
        "Total Revenue": 63901000.0,
        "Operating Revenue": 63901000.0
    },
    "2025-06-30": {
        "Tax Effect Of Unusual Items": 459305.0,
        "Tax Rate For Calcs": 0.077,
        "Normalized EBITDA": -3995000.0,
        "Total Unusual Items": 5965000.0,
        "Total Unusual Items Excluding Goodwill": 5965000.0,
        "Net Income From Continuing Operation Net Minority Interest": -2931000.0,
        "Reconciled Depreciation": 3098000.0,
        "Reconciled Cost Of Revenue": 38515000.0,
        "EBITDA": 1970000.0,
        "EBIT": -1128000.0,
        "Net Interest Income": -2049000.0,
        "Interest Expense": 2049000.0,
        "Normalized Income": -8436695.0,
        "Net Income From Continuing And Discontinued Operation": -2931000.0,
        "Total Expenses": 63071000.0,
        "Total Operating Income As Reported": -329000.0,
        "Diluted Average Shares": 20667000.0,
        "Basic Average Shares": 20667000.0,
        "Diluted EPS": -0.14,
        "Basic EPS": -0.14,
        "Diluted NI Availto Com Stockholders": -2931000.0,
        "Net Income Common Stockholders": -2931000.0,
        "Net Income": -2931000.0,
        "Net Income Including Noncontrolling Interests": -2931000.0,
        "Net Income Continuous Operations": -2931000.0,
        "Tax Provision": -246000.0,
        "Pretax Income": -3177000.0,
        "Other Income Expense": 5166000.0,
        "Other Non Operating Income Expenses": -799000.0,
        "Special Income Charges": 5965000.0,
        "Other Special Charges": -5965000.0,
        "Restructuring And Mergern Acquisition": 0.0,
        "Net Non Operating Interest Income Expense": -2049000.0,
        "Total Other Finance Cost": NaN,
        "Interest Expense Non Operating": 2049000.0,
        "Operating Income": -6294000.0,
        "Operating Expense": 24556000.0,
        "Research And Development": 4471000.0,
        "Selling General And Administration": 20085000.0,
        "Selling And Marketing Expense": 12731000.0,
        "General And Administrative Expense": 7354000.0,
        "Other Gand A": 7354000.0,
        "Gross Profit": 18262000.0,
        "Cost Of Revenue": 38515000.0,
        "Total Revenue": 56777000.0,
        "Operating Revenue": 56777000.0
    },
    "2025-09-30": {
        "Tax Effect Of Unusual Items": -61404.0,
        "Tax Rate For Calcs": 0.129,
        "Normalized EBITDA": 9251000.0,
        "Total Unusual Items": -476000.0,
        "Total Unusual Items Excluding Goodwill": -476000.0,
        "Net Income From Continuing Operation Net Minority Interest": 1717000.0,
        "Reconciled Depreciation": 3086000.0,
        "Reconciled Cost Of Revenue": 50399000.0,
        "EBITDA": 8775000.0,
        "EBIT": 5689000.0,
        "Net Interest Income": -3718000.0,
        "Interest Expense": 3718000.0,
        "Normalized Income": 2131596.0,
        "Net Income From Continuing And Discontinued Operation": 1717000.0,
        "Total Expenses": 74614000.0,
        "Total Operating Income As Reported": 5367000.0,
        "Diluted Average Shares": 20406000.0,
        "Basic Average Shares": 20073000.0,
        "Diluted EPS": 0.08,
        "Basic EPS": 0.09,
        "Diluted NI Availto Com Stockholders": 1717000.0,
        "Net Income Common Stockholders": 1717000.0,
        "Net Income": 1717000.0,
        "Net Income Including Noncontrolling Interests": 1717000.0,
        "Net Income Continuous Operations": 1717000.0,
        "Tax Provision": 254000.0,
        "Pretax Income": 1971000.0,
        "Other Income Expense": -154000.0,
        "Other Non Operating Income Expenses": 322000.0,
        "Special Income Charges": -476000.0,
        "Other Special Charges": NaN,
        "Restructuring And Mergern Acquisition": 476000.0,
        "Net Non Operating Interest Income Expense": -3718000.0,
        "Total Other Finance Cost": NaN,
        "Interest Expense Non Operating": 3718000.0,
        "Operating Income": 5843000.0,
        "Operating Expense": 24215000.0,
        "Research And Development": 4161000.0,
        "Selling General And Administration": 20054000.0,
        "Selling And Marketing Expense": 12513000.0,
        "General And Administrative Expense": 7541000.0,
        "Other Gand A": 7541000.0,
        "Gross Profit": 30058000.0,
        "Cost Of Revenue": 50399000.0,
        "Total Revenue": 80457000.0,
        "Operating Revenue": 80457000.0
    }
}