{
    "2023-09-30": {
        "Tax Effect Of Unusual Items": NaN,
        "Tax Rate For Calcs": NaN,
        "Normalized EBITDA": NaN,
        "Total Unusual Items": 0.0,
        "Total Unusual Items Excluding Goodwill": 0.0,
        "Net Income From Continuing Operation Net Minority Interest": NaN,
        "Reconciled Depreciation": NaN,
        "Reconciled Cost Of Revenue": NaN,
        "EBITDA": NaN,
        "EBIT": NaN,
        "Net Interest Income": NaN,
        "Interest Expense": NaN,
        "Normalized Income": NaN,
        "Net Income From Continuing And Discontinued Operation": NaN,
        "Total Expenses": NaN,
        "Total Operating Income As Reported": NaN,
        "Diluted Average Shares": NaN,
        "Basic Average Shares": NaN,
        "Diluted EPS": NaN,
        "Basic EPS": NaN,
        "Diluted NI Availto Com Stockholders": NaN,
        "Net Income Common Stockholders": NaN,
        "Otherunder Preferred Stock Dividend": NaN,
        "Net Income": NaN,
        "Net Income Including Noncontrolling Interests": NaN,
        "Net Income Continuous Operations": NaN,
        "Tax Provision": NaN,
        "Pretax Income": NaN,
        "Other Income Expense": NaN,
        "Other Non Operating Income Expenses": NaN,
        "Special Income Charges": 0.0,
        "Restructuring And Mergern Acquisition": 0.0,
        "Net Non Operating Interest Income Expense": NaN,
        "Interest Expense Non Operating": NaN,
        "Operating Income": NaN,
        "Operating Expense": NaN,
        "Depreciation Amortization Depletion Income Statement": NaN,
        "Depreciation And Amortization In Income Statement": NaN,
        "Amortization": NaN,
        "Amortization Of Intangibles Income Statement": NaN,
        "Depreciation Income Statement": NaN,
        "Research And Development": NaN,
        "Selling General And Administration": NaN,
        "Selling And Marketing Expense": NaN,
        "General And Administrative Expense": NaN,
        "Other Gand A": NaN,
        "Gross Profit": NaN,
        "Cost Of Revenue": NaN,
        "Total Revenue": NaN,
        "Operating Revenue": NaN
    },
    "2023-06-30": {
        "Tax Effect Of Unusual Items": NaN,
        "Tax Rate For Calcs": NaN,
        "Normalized EBITDA": NaN,
        "Total Unusual Items": 0.0,
        "Total Unusual Items Excluding Goodwill": 0.0,
        "Net Income From Continuing Operation Net Minority Interest": NaN,
        "Reconciled Depreciation": NaN,
        "Reconciled Cost Of Revenue": NaN,
        "EBITDA": NaN,
        "EBIT": NaN,
        "Net Interest Income": NaN,
        "Interest Expense": NaN,
        "Normalized Income": NaN,
        "Net Income From Continuing And Discontinued Operation": NaN,
        "Total Expenses": NaN,
        "Total Operating Income As Reported": NaN,
        "Diluted Average Shares": NaN,
        "Basic Average Shares": NaN,
        "Diluted EPS": NaN,
        "Basic EPS": NaN,
        "Diluted NI Availto Com Stockholders": NaN,
        "Net Income Common Stockholders": NaN,
        "Otherunder Preferred Stock Dividend": NaN,
        "Net Income": NaN,
        "Net Income Including Noncontrolling Interests": NaN,
        "Net Income Continuous Operations": NaN,
        "Tax Provision": NaN,
        "Pretax Income": NaN,
        "Other Income Expense": NaN,
        "Other Non Operating Income Expenses": NaN,
        "Special Income Charges": 0.0,
        "Restructuring And Mergern Acquisition": 0.0,
        "Net Non Operating Interest Income Expense": NaN,
        "Interest Expense Non Operating": NaN,
        "Operating Income": NaN,
        "Operating Expense": NaN,
        "Depreciation Amortization Depletion Income Statement": NaN,
        "Depreciation And Amortization In Income Statement": NaN,
        "Amortization": NaN,
        "Amortization Of Intangibles Income Statement": NaN,
        "Depreciation Income Statement": NaN,
        "Research And Development": NaN,
        "Selling General And Administration": NaN,
        "Selling And Marketing Expense": NaN,
        "General And Administrative Expense": NaN,
        "Other Gand A": NaN,
        "Gross Profit": NaN,
        "Cost Of Revenue": NaN,
        "Total Revenue": NaN,
        "Operating Revenue": NaN
    },
    "2023-03-31": {
        "Tax Effect Of Unusual Items": NaN,
        "Tax Rate For Calcs": NaN,
        "Normalized EBITDA": NaN,
        "Total Unusual Items": 0.0,
        "Total Unusual Items Excluding Goodwill": 0.0,
        "Net Income From Continuing Operation Net Minority Interest": NaN,
        "Reconciled Depreciation": NaN,
        "Reconciled Cost Of Revenue": NaN,
        "EBITDA": NaN,
        "EBIT": NaN,
        "Net Interest Income": NaN,
        "Interest Expense": NaN,
        "Normalized Income": NaN,
        "Net Income From Continuing And Discontinued Operation": NaN,
        "Total Expenses": NaN,
        "Total Operating Income As Reported": NaN,
        "Diluted Average Shares": NaN,
        "Basic Average Shares": NaN,
        "Diluted EPS": NaN,
        "Basic EPS": NaN,
        "Diluted NI Availto Com Stockholders": NaN,
        "Net Income Common Stockholders": NaN,
        "Otherunder Preferred Stock Dividend": NaN,
        "Net Income": NaN,
        "Net Income Including Noncontrolling Interests": NaN,
        "Net Income Continuous Operations": NaN,
        "Tax Provision": NaN,
        "Pretax Income": NaN,
        "Other Income Expense": NaN,
        "Other Non Operating Income Expenses": NaN,
        "Special Income Charges": 0.0,
        "Restructuring And Mergern Acquisition": 0.0,
        "Net Non Operating Interest Income Expense": NaN,
        "Interest Expense Non Operating": NaN,
        "Operating Income": NaN,
        "Operating Expense": NaN,
        "Depreciation Amortization Depletion Income Statement": NaN,
        "Depreciation And Amortization In Income Statement": NaN,
        "Amortization": NaN,
        "Amortization Of Intangibles Income Statement": NaN,
        "Depreciation Income Statement": NaN,
        "Research And Development": NaN,
        "Selling General And Administration": NaN,
        "Selling And Marketing Expense": NaN,
        "General And Administrative Expense": NaN,
        "Other Gand A": NaN,
        "Gross Profit": NaN,
        "Cost Of Revenue": NaN,
        "Total Revenue": NaN,
        "Operating Revenue": NaN
    },
    "2022-12-31": {
        "Tax Effect Of Unusual Items": NaN,
        "Tax Rate For Calcs": NaN,
        "Normalized EBITDA": NaN,
        "Total Unusual Items": -427000.0,
        "Total Unusual Items Excluding Goodwill": -427000.0,
        "Net Income From Continuing Operation Net Minority Interest": NaN,
        "Reconciled Depreciation": NaN,
        "Reconciled Cost Of Revenue": NaN,
        "EBITDA": NaN,
        "EBIT": NaN,
        "Net Interest Income": NaN,
        "Interest Expense": NaN,
        "Normalized Income": NaN,
        "Net Income From Continuing And Discontinued Operation": NaN,
        "Total Expenses": NaN,
        "Total Operating Income As Reported": NaN,
        "Diluted Average Shares": NaN,
        "Basic Average Shares": NaN,
        "Diluted EPS": NaN,
        "Basic EPS": NaN,
        "Diluted NI Availto Com Stockholders": NaN,
        "Net Income Common Stockholders": NaN,
        "Otherunder Preferred Stock Dividend": NaN,
        "Net Income": NaN,
        "Net Income Including Noncontrolling Interests": NaN,
        "Net Income Continuous Operations": NaN,
        "Tax Provision": NaN,
        "Pretax Income": NaN,
        "Other Income Expense": NaN,
        "Other Non Operating Income Expenses": NaN,
        "Special Income Charges": -427000.0,
        "Other Special Charges": 0.0,
        "Restructuring And Mergern Acquisition": 427000.0,
        "Net Non Operating Interest Income Expense": NaN,
        "Interest Expense Non Operating": NaN,
        "Operating Income": NaN,
        "Operating Expense": NaN,
        "Depreciation Amortization Depletion Income Statement": NaN,
        "Depreciation And Amortization In Income Statement": NaN,
        "Amortization": NaN,
        "Amortization Of Intangibles Income Statement": NaN,
        "Depreciation Income Statement": NaN,
        "Research And Development": NaN,
        "Selling General And Administration": NaN,
        "Selling And Marketing Expense": NaN,
        "General And Administrative Expense": NaN,
        "Other Gand A": NaN,
        "Gross Profit": NaN,
        "Cost Of Revenue": NaN,
        "Total Revenue": NaN,
        "Operating Revenue": NaN
    },
    "2023-12-31": {
        "Tax Effect Of Unusual Items": NaN,
        "Tax Rate For Calcs": NaN,
        "Normalized EBITDA": NaN,
        "Total Unusual Items": -38255000.0,
        "Total Unusual Items Excluding Goodwill": -38255000.0,
        "Net Income From Continuing Operation Net Minority Interest": NaN,
        "Reconciled Depreciation": NaN,
        "Reconciled Cost Of Revenue": NaN,
        "EBITDA": NaN,
        "EBIT": NaN,
        "Net Interest Income": NaN,
        "Interest Expense": NaN,
        "Normalized Income": NaN,
        "Net Income From Continuing And Discontinued Operation": NaN,
        "Total Expenses": NaN,
        "Total Operating Income As Reported": NaN,
        "Diluted Average Shares": NaN,
        "Basic Average Shares": NaN,
        "Diluted EPS": NaN,
        "Basic EPS": NaN,
        "Diluted NI Availto Com Stockholders": NaN,
        "Net Income Common Stockholders": NaN,
        "Otherunder Preferred Stock Dividend": NaN,
        "Net Income": NaN,
        "Net Income Including Noncontrolling Interests": NaN,
        "Net Income Continuous Operations": NaN,
        "Tax Provision": NaN,
        "Pretax Income": NaN,
        "Other Income Expense": NaN,
        "Other Non Operating Income Expenses": NaN,
        "Special Income Charges": -38255000.0,
        "Restructuring And Mergern Acquisition": 0.0,
        "Net Non Operating Interest Income Expense": NaN,
        "Interest Expense Non Operating": NaN,
        "Operating Income": NaN,
        "Operating Expense": NaN,
        "Depreciation Amortization Depletion Income Statement": NaN,
        "Depreciation And Amortization In Income Statement": NaN,
        "Amortization": NaN,
        "Amortization Of Intangibles Income Statement": NaN,
        "Depreciation Income Statement": NaN,
        "Research And Development": NaN,
        "Selling General And Administration": NaN,
        "Selling And Marketing Expense": NaN,
        "General And Administrative Expense": NaN,
        "Other Gand A": NaN,
        "Gross Profit": NaN,
        "Cost Of Revenue": NaN,
        "Total Revenue": NaN,
        "Operating Revenue": NaN
    },
    "2024-03-31": {
        "Tax Effect Of Unusual Items": 0.0,
        "Tax Rate For Calcs": 0.21,
        "Normalized EBITDA": 7103000.0,
        "Total Unusual Items": NaN,
        "Total Unusual Items Excluding Goodwill": NaN,
        "Net Income From Continuing Operation Net Minority Interest": -1854000.0,
        "Reconciled Depreciation": 6269000.0,
        "Reconciled Cost Of Revenue": 41759000.0,
        "EBITDA": 7103000.0,
        "EBIT": 834000.0,
        "Net Interest Income": -4072000.0,
        "Interest Expense": 4072000.0,
        "Normalized Income": -1854000.0,
        "Net Income From Continuing And Discontinued Operation": -1854000.0,
        "Total Expenses": 84705000.0,
        "Total Operating Income As Reported": -588000.0,
        "Diluted Average Shares": 14234000.0,
        "Basic Average Shares": 14234000.0,
        "Diluted EPS": -0.13,
        "Basic EPS": -0.13,
        "Diluted NI Availto Com Stockholders": -1805000.0,
        "Net Income Common Stockholders": -1805000.0,
        "Otherunder Preferred Stock Dividend": -49000.0,
        "Net Income": -1854000.0,
        "Net Income Including Noncontrolling Interests": -1854000.0,
        "Net Income Continuous Operations": -1854000.0,
        "Tax Provision": -1384000.0,
        "Pretax Income": -3238000.0,
        "Other Income Expense": 1422000.0,
        "Other Non Operating Income Expenses": 1422000.0,
        "Special Income Charges": NaN,
        "Restructuring And Mergern Acquisition": NaN,
        "Net Non Operating Interest Income Expense": -4072000.0,
        "Interest Expense Non Operating": 4072000.0,
        "Operating Income": -588000.0,
        "Operating Expense": 42946000.0,
        "Depreciation Amortization Depletion Income Statement": 6269000.0,
        "Depreciation And Amortization In Income Statement": 6269000.0,
        "Amortization": 5869000.0,
        "Amortization Of Intangibles Income Statement": 5869000.0,
        "Depreciation Income Statement": 400000.0,
        "Research And Development": 10689000.0,
        "Selling General And Administration": 25988000.0,
        "Selling And Marketing Expense": 6592000.0,
        "General And Administrative Expense": 19396000.0,
        "Other Gand A": 19396000.0,
        "Gross Profit": 42358000.0,
        "Cost Of Revenue": 41759000.0,
        "Total Revenue": 84117000.0,
        "Operating Revenue": 84117000.0
    },
    "2022-09-30": {
        "Tax Effect Of Unusual Items": NaN,
        "Tax Rate For Calcs": NaN,
        "Normalized EBITDA": NaN,
        "Total Unusual Items": NaN,
        "Total Unusual Items Excluding Goodwill": NaN,
        "Net Income From Continuing Operation Net Minority Interest": NaN,
        "Reconciled Depreciation": NaN,
        "Reconciled Cost Of Revenue": NaN,
        "EBITDA": NaN,
        "EBIT": NaN,
        "Net Interest Income": NaN,
        "Interest Expense": NaN,
        "Normalized Income": NaN,
        "Net Income From Continuing And Discontinued Operation": NaN,
        "Total Expenses": NaN,
        "Total Operating Income As Reported": NaN,
        "Diluted Average Shares": NaN,
        "Basic Average Shares": NaN,
        "Diluted EPS": NaN,
        "Basic EPS": NaN,
        "Diluted NI Availto Com Stockholders": NaN,
        "Net Income Common Stockholders": NaN,
        "Otherunder Preferred Stock Dividend": NaN,
        "Net Income": NaN,
        "Net Income Including Noncontrolling Interests": NaN,
        "Net Income Continuous Operations": NaN,
        "Tax Provision": NaN,
        "Pretax Income": NaN,
        "Other Income Expense": NaN,
        "Other Non Operating Income Expenses": NaN,
        "Special Income Charges": NaN,
        "Other Special Charges": NaN,
        "Restructuring And Mergern Acquisition": NaN,
        "Net Non Operating Interest Income Expense": NaN,
        "Interest Expense Non Operating": NaN,
        "Operating Income": NaN,
        "Operating Expense": NaN,
        "Depreciation Amortization Depletion Income Statement": NaN,
        "Depreciation And Amortization In Income Statement": NaN,
        "Amortization": NaN,
        "Amortization Of Intangibles Income Statement": NaN,
        "Depreciation Income Statement": 622000.0,
        "Research And Development": NaN,
        "Selling General And Administration": NaN,
        "Selling And Marketing Expense": NaN,
        "General And Administrative Expense": NaN,
        "Other Gand A": NaN,
        "Gross Profit": NaN,
        "Cost Of Revenue": NaN,
        "Total Revenue": NaN,
        "Operating Revenue": NaN
    },
    "2024-06-30": {
        "Tax Effect Of Unusual Items": 0.0,
        "Tax Rate For Calcs": 0.303492,
        "Normalized EBITDA": 7449000.0,
        "Net Income From Continuing Operation Net Minority Interest": -4388000.0,
        "Reconciled Depreciation": 9506000.0,
        "Reconciled Cost Of Revenue": 43343000.0,
        "EBITDA": 7449000.0,
        "EBIT": -2058000.0,
        "Net Interest Income": -4242000.0,
        "Interest Expense": 4242000.0,
        "Normalized Income": -4388000.0,
        "Net Income From Continuing And Discontinued Operation": -4388000.0,
        "Total Expenses": 87749000.0,
        "Total Operating Income As Reported": -2149000.0,
        "Diluted Average Shares": 14313000.0,
        "Basic Average Shares": 14313000.0,
        "Diluted EPS": -0.34,
        "Basic EPS": -0.34,
        "Diluted NI Availto Com Stockholders": -4200000.0,
        "Net Income Common Stockholders": -4200000.0,
        "Otherunder Preferred Stock Dividend": -188000.0,
        "Net Income": -4388000.0,
        "Net Income Including Noncontrolling Interests": -4388000.0,
        "Net Income Continuous Operations": -4388000.0,
        "Tax Provision": -1912000.0,
        "Pretax Income": -6300000.0,
        "Other Income Expense": 91000.0,
        "Other Non Operating Income Expenses": 91000.0,
        "Net Non Operating Interest Income Expense": -4242000.0,
        "Interest Expense Non Operating": 4242000.0,
        "Operating Income": -2149000.0,
        "Operating Expense": 44407000.0,
        "Depreciation Amortization Depletion Income Statement": 9507000.0,
        "Depreciation And Amortization In Income Statement": 9507000.0,
        "Amortization": 9107000.0,
        "Amortization Of Intangibles Income Statement": 9107000.0,
        "Depreciation Income Statement": 400000.0,
        "Research And Development": 8207000.0,
        "Selling General And Administration": 26693000.0,
        "Selling And Marketing Expense": 7815000.0,
        "General And Administrative Expense": 18878000.0,
        "Other Gand A": 18878000.0,
        "Gross Profit": 42258000.0,
        "Cost Of Revenue": 43342000.0,
        "Total Revenue": 85600000.0,
        "Operating Revenue": 85600000.0
    },
    "2024-09-30": {
        "Tax Effect Of Unusual Items": 0.0,
        "Tax Rate For Calcs": 0.21,
        "Normalized EBITDA": 8030000.0,
        "Net Income From Continuing Operation Net Minority Interest": -9809000.0,
        "Reconciled Depreciation": 6462000.0,
        "Reconciled Cost Of Revenue": 42369000.0,
        "EBITDA": 8030000.0,
        "EBIT": 1568000.0,
        "Net Interest Income": -4033000.0,
        "Interest Expense": 4033000.0,
        "Normalized Income": -9809000.0,
        "Net Income From Continuing And Discontinued Operation": -9809000.0,
        "Total Expenses": 81886000.0,
        "Total Operating Income As Reported": 1944000.0,
        "Diluted Average Shares": 14323000.0,
        "Basic Average Shares": 14323000.0,
        "Diluted EPS": -0.66,
        "Basic EPS": -0.66,
        "Diluted NI Availto Com Stockholders": -9410000.0,
        "Net Income Common Stockholders": -9410000.0,
        "Otherunder Preferred Stock Dividend": -399000.0,
        "Net Income": -9809000.0,
        "Net Income Including Noncontrolling Interests": -9809000.0,
        "Net Income Continuous Operations": -9809000.0,
        "Tax Provision": 7344000.0,
        "Pretax Income": -2465000.0,
        "Other Income Expense": -376000.0,
        "Other Non Operating Income Expenses": -376000.0,
        "Net Non Operating Interest Income Expense": -4033000.0,
        "Interest Expense Non Operating": 4033000.0,
        "Operating Income": 1944000.0,
        "Operating Expense": 39517000.0,
        "Depreciation Amortization Depletion Income Statement": 6462000.0,
        "Depreciation And Amortization In Income Statement": 6462000.0,
        "Amortization": 6183000.0,
        "Amortization Of Intangibles Income Statement": 6183000.0,
        "Depreciation Income Statement": 279000.0,
        "Research And Development": 7735000.0,
        "Selling General And Administration": 25320000.0,
        "Selling And Marketing Expense": 5944000.0,
        "General And Administrative Expense": 19376000.0,
        "Other Gand A": 19376000.0,
        "Gross Profit": 41461000.0,
        "Cost Of Revenue": 42369000.0,
        "Total Revenue": 83830000.0,
        "Operating Revenue": 83830000.0
    },
    "2024-12-31": {
        "Tax Effect Of Unusual Items": 0.0,
        "Tax Rate For Calcs": 0.21,
        "Normalized EBITDA": 14096000.0,
        "Net Income From Continuing Operation Net Minority Interest": -3065000.0,
        "Reconciled Depreciation": 6736000.0,
        "Reconciled Cost Of Revenue": 41059000.0,
        "EBITDA": 14096000.0,
        "EBIT": 7360000.0,
        "Net Interest Income": -3821000.0,
        "Interest Expense": 3821000.0,
        "Normalized Income": -3065000.0,
        "Net Income From Continuing And Discontinued Operation": -3065000.0,
        "Total Expenses": 81671000.0,
        "Total Operating Income As Reported": 9169000.0,
        "Diluted Average Shares": 14330000.0,
        "Basic Average Shares": 14330000.0,
        "Diluted EPS": -0.38,
        "Basic EPS": -0.38,
        "Diluted NI Availto Com Stockholders": -2937000.0,
        "Net Income Common Stockholders": -2937000.0,
        "Otherunder Preferred Stock Dividend": -128000.0,
        "Net Income": -3065000.0,
        "Net Income Including Noncontrolling Interests": -3065000.0,
        "Net Income Continuous Operations": -3065000.0,
        "Tax Provision": 6604000.0,
        "Pretax Income": 3539000.0,
        "Other Income Expense": -1809000.0,
        "Other Non Operating Income Expenses": -1809000.0,
        "Net Non Operating Interest Income Expense": -3821000.0,
        "Interest Expense Non Operating": 3821000.0,
        "Operating Income": 9169000.0,
        "Operating Expense": 40612000.0,
        "Depreciation Amortization Depletion Income Statement": 6736000.0,
        "Depreciation And Amortization In Income Statement": 6736000.0,
        "Amortization": 6469000.0,
        "Amortization Of Intangibles Income Statement": 6469000.0,
        "Depreciation Income Statement": 267000.0,
        "Research And Development": 7827000.0,
        "Selling General And Administration": 26049000.0,
        "Selling And Marketing Expense": 6708000.0,
        "General And Administrative Expense": 19341000.0,
        "Other Gand A": 19341000.0,
        "Gross Profit": 49781000.0,
        "Cost Of Revenue": 41059000.0,
        "Total Revenue": 90840000.0,
        "Operating Revenue": 90840000.0
    },
    "2025-03-31": {
        "Tax Effect Of Unusual Items": 0.0,
        "Tax Rate For Calcs": 0.21,
        "Normalized EBITDA": 14719000.0,
        "Net Income From Continuing Operation Net Minority Interest": 459000.0,
        "Reconciled Depreciation": 6415000.0,
        "Reconciled Cost Of Revenue": 39513000.0,
        "EBITDA": 14719000.0,
        "EBIT": 8304000.0,
        "Net Interest Income": -3382000.0,
        "Interest Expense": 3382000.0,
        "Normalized Income": 459000.0,
        "Net Income From Continuing And Discontinued Operation": 459000.0,
        "Total Expenses": 79048000.0,
        "Total Operating Income As Reported": 8160000.0,
        "Diluted Average Shares": 14370000.0,
        "Basic Average Shares": 14370000.0,
        "Diluted EPS": 0.03,
        "Basic EPS": 0.03,
        "Diluted NI Availto Com Stockholders": 442000.0,
        "Net Income Common Stockholders": 442000.0,
        "Otherunder Preferred Stock Dividend": 17000.0,
        "Net Income": 459000.0,
        "Net Income Including Noncontrolling Interests": 459000.0,
        "Net Income Continuous Operations": 459000.0,
        "Tax Provision": 4463000.0,
        "Pretax Income": 4922000.0,
        "Other Income Expense": 144000.0,
        "Other Non Operating Income Expenses": 144000.0,
        "Net Non Operating Interest Income Expense": -3382000.0,
        "Interest Expense Non Operating": 3382000.0,
        "Operating Income": 8160000.0,
        "Operating Expense": 39535000.0,
        "Depreciation Amortization Depletion Income Statement": 6415000.0,
        "Depreciation And Amortization In Income Statement": 6415000.0,
        "Amortization": 6124000.0,
        "Amortization Of Intangibles Income Statement": 6124000.0,
        "Depreciation Income Statement": 291000.0,
        "Research And Development": 8247000.0,
        "Selling General And Administration": 24873000.0,
        "Selling And Marketing Expense": 5409000.0,
        "General And Administrative Expense": 19464000.0,
        "Other Gand A": 19464000.0,
        "Gross Profit": 47695000.0,
        "Cost Of Revenue": 39513000.0,
        "Total Revenue": 87208000.0,
        "Operating Revenue": 87208000.0
    },
    "2025-06-30": {
        "Tax Effect Of Unusual Items": 0.0,
        "Tax Rate For Calcs": 0.21,
        "Normalized EBITDA": 10365000.0,
        "Net Income From Continuing Operation Net Minority Interest": 2580000.0,
        "Reconciled Depreciation": 6602000.0,
        "Reconciled Cost Of Revenue": 41270000.0,
        "EBITDA": 10365000.0,
        "EBIT": 3763000.0,
        "Net Interest Income": -3065000.0,
        "Interest Expense": 3065000.0,
        "Normalized Income": 2580000.0,
        "Net Income From Continuing And Discontinued Operation": 2580000.0,
        "Total Expenses": 82102000.0,
        "Total Operating Income As Reported": 3627000.0,
        "Diluted Average Shares": 14522000.0,
        "Basic Average Shares": 14522000.0,
        "Diluted EPS": 0.17,
        "Basic EPS": 0.17,
        "Diluted NI Availto Com Stockholders": 2495000.0,
        "Net Income Common Stockholders": 2495000.0,
        "Otherunder Preferred Stock Dividend": 85000.0,
        "Net Income": 2580000.0,
        "Net Income Including Noncontrolling Interests": 2580000.0,
        "Net Income Continuous Operations": 2580000.0,
        "Tax Provision": -1882000.0,
        "Pretax Income": 698000.0,
        "Other Income Expense": 136000.0,
        "Other Non Operating Income Expenses": 136000.0,
        "Net Non Operating Interest Income Expense": -3065000.0,
        "Interest Expense Non Operating": 3065000.0,
        "Operating Income": 3627000.0,
        "Operating Expense": 40832000.0,
        "Depreciation Amortization Depletion Income Statement": 6602000.0,
        "Depreciation And Amortization In Income Statement": 6602000.0,
        "Amortization": 6290000.0,
        "Amortization Of Intangibles Income Statement": 6290000.0,
        "Depreciation Income Statement": 312000.0,
        "Research And Development": 8113000.0,
        "Selling General And Administration": 26117000.0,
        "Selling And Marketing Expense": 8041000.0,
        "General And Administrative Expense": 18076000.0,
        "Other Gand A": 18076000.0,
        "Gross Profit": 44459000.0,
        "Cost Of Revenue": 41270000.0,
        "Total Revenue": 85729000.0,
        "Operating Revenue": 85729000.0
    }
}