{
    "2023-03-31": {
        "Tax Effect Of Unusual Items": 0.0,
        "Tax Rate For Calcs": 0.0,
        "Normalized EBITDA": -7302000.0,
        "Total Unusual Items": NaN,
        "Total Unusual Items Excluding Goodwill": NaN,
        "Net Income From Continuing Operation Net Minority Interest": -8504000.0,
        "Reconciled Depreciation": 11000.0,
        "EBITDA": -7302000.0,
        "EBIT": -7313000.0,
        "Net Interest Income": -1188000.0,
        "Interest Expense": 1188000.0,
        "Normalized Income": -8504000.0,
        "Net Income From Continuing And Discontinued Operation": -8504000.0,
        "Total Expenses": 7313000.0,
        "Total Operating Income As Reported": -7313000.0,
        "Diluted Average Shares": 62904.0,
        "Basic Average Shares": 62904.0,
        "Diluted EPS": -135.2,
        "Basic EPS": -135.2,
        "Diluted NI Availto Com Stockholders": -8504000.0,
        "Net Income Common Stockholders": -8504000.0,
        "Net Income": -8504000.0,
        "Net Income Including Noncontrolling Interests": -8504000.0,
        "Net Income Continuous Operations": -8504000.0,
        "Pretax Income": -8504000.0,
        "Other Income Expense": -3000.0,
        "Other Non Operating Income Expenses": -3000.0,
        "Special Income Charges": NaN,
        "Other Special Charges": NaN,
        "Net Non Operating Interest Income Expense": -1188000.0,
        "Total Other Finance Cost": 1188000.0,
        "Interest Expense Non Operating": 1188000.0,
        "Operating Income": -7313000.0,
        "Operating Expense": 7313000.0,
        "Other Operating Expenses": NaN,
        "Research And Development": 4969000.0,
        "Selling General And Administration": 2344000.0,
        "General And Administrative Expense": 2344000.0,
        "Other Gand A": 2344000.0,
        "Total Revenue": 0.0,
        "Operating Revenue": 0.0
    },
    "2022-12-31": {
        "Tax Effect Of Unusual Items": NaN,
        "Tax Rate For Calcs": NaN,
        "Normalized EBITDA": NaN,
        "Total Unusual Items": NaN,
        "Total Unusual Items Excluding Goodwill": NaN,
        "Net Income From Continuing Operation Net Minority Interest": NaN,
        "Reconciled Depreciation": NaN,
        "EBITDA": NaN,
        "EBIT": NaN,
        "Net Interest Income": NaN,
        "Interest Expense": 918000.0,
        "Normalized Income": NaN,
        "Net Income From Continuing And Discontinued Operation": NaN,
        "Total Expenses": NaN,
        "Total Operating Income As Reported": NaN,
        "Diluted Average Shares": 1114686.0,
        "Basic Average Shares": 1114686.0,
        "Diluted EPS": -6.2,
        "Basic EPS": -6.2,
        "Diluted NI Availto Com Stockholders": NaN,
        "Net Income Common Stockholders": NaN,
        "Net Income": NaN,
        "Net Income Including Noncontrolling Interests": NaN,
        "Net Income Continuous Operations": NaN,
        "Pretax Income": NaN,
        "Other Income Expense": NaN,
        "Other Non Operating Income Expenses": NaN,
        "Special Income Charges": NaN,
        "Other Special Charges": NaN,
        "Net Non Operating Interest Income Expense": NaN,
        "Total Other Finance Cost": NaN,
        "Interest Expense Non Operating": 918000.0,
        "Operating Income": NaN,
        "Operating Expense": NaN,
        "Other Operating Expenses": NaN,
        "Research And Development": NaN,
        "Selling General And Administration": NaN,
        "General And Administrative Expense": NaN,
        "Other Gand A": NaN,
        "Total Revenue": NaN,
        "Operating Revenue": NaN
    },
    "2022-09-30": {
        "Tax Effect Of Unusual Items": NaN,
        "Tax Rate For Calcs": NaN,
        "Normalized EBITDA": NaN,
        "Total Unusual Items": NaN,
        "Total Unusual Items Excluding Goodwill": NaN,
        "Net Income From Continuing Operation Net Minority Interest": NaN,
        "Reconciled Depreciation": NaN,
        "EBITDA": NaN,
        "EBIT": NaN,
        "Net Interest Income": NaN,
        "Interest Expense": 58000.0,
        "Normalized Income": NaN,
        "Net Income From Continuing And Discontinued Operation": NaN,
        "Total Expenses": NaN,
        "Total Operating Income As Reported": NaN,
        "Diluted Average Shares": NaN,
        "Basic Average Shares": NaN,
        "Diluted EPS": NaN,
        "Basic EPS": NaN,
        "Diluted NI Availto Com Stockholders": NaN,
        "Net Income Common Stockholders": NaN,
        "Net Income": NaN,
        "Net Income Including Noncontrolling Interests": NaN,
        "Net Income Continuous Operations": NaN,
        "Pretax Income": NaN,
        "Other Income Expense": NaN,
        "Other Non Operating Income Expenses": NaN,
        "Special Income Charges": NaN,
        "Other Special Charges": NaN,
        "Net Non Operating Interest Income Expense": NaN,
        "Total Other Finance Cost": NaN,
        "Interest Expense Non Operating": 58000.0,
        "Operating Income": NaN,
        "Operating Expense": NaN,
        "Other Operating Expenses": NaN,
        "Research And Development": NaN,
        "Selling General And Administration": NaN,
        "General And Administrative Expense": NaN,
        "Other Gand A": NaN,
        "Total Revenue": NaN,
        "Operating Revenue": NaN
    },
    "2022-06-30": {
        "Tax Effect Of Unusual Items": 0.0,
        "Tax Rate For Calcs": 0.0,
        "Normalized EBITDA": -6215000.0,
        "Net Income From Continuing Operation Net Minority Interest": -6230000.0,
        "Reconciled Depreciation": 24000.0,
        "EBITDA": -6215000.0,
        "EBIT": -6239000.0,
        "Net Interest Income": 8000.0,
        "Interest Expense": NaN,
        "Normalized Income": -6230000.0,
        "Net Income From Continuing And Discontinued Operation": -6230000.0,
        "Total Expenses": 6239000.0,
        "Total Operating Income As Reported": -6239000.0,
        "Diluted Average Shares": 20268220.0,
        "Basic Average Shares": 20268220.0,
        "Diluted EPS": -0.31,
        "Basic EPS": -0.31,
        "Diluted NI Availto Com Stockholders": -6230000.0,
        "Net Income Common Stockholders": -6230000.0,
        "Net Income": -6230000.0,
        "Net Income Including Noncontrolling Interests": -6230000.0,
        "Net Income Continuous Operations": -6230000.0,
        "Pretax Income": -6230000.0,
        "Other Income Expense": 1000.0,
        "Other Non Operating Income Expenses": 1000.0,
        "Net Non Operating Interest Income Expense": 8000.0,
        "Total Other Finance Cost": -8000.0,
        "Interest Expense Non Operating": NaN,
        "Operating Income": -6239000.0,
        "Operating Expense": 6239000.0,
        "Other Operating Expenses": NaN,
        "Research And Development": 2923000.0,
        "Selling General And Administration": 3316000.0,
        "General And Administrative Expense": 3316000.0,
        "Other Gand A": 3316000.0,
        "Total Revenue": 0.0,
        "Operating Revenue": 0.0
    },
    "2022-03-31": {
        "Diluted EPS": -0.48,
        "Total Revenue": NaN,
        "Gross Profit": NaN,
        "Operating Income": -9,
        "EBIT": -9,
        "Net Income": -9
    },
    "2021-12-31": {
        "Diluted EPS": -0.37,
        "Total Revenue": NaN,
        "Gross Profit": NaN,
        "Operating Income": -8,
        "EBIT": -8,
        "Net Income": -8
    },
    "2021-09-30": {
        "Diluted EPS": -0.38,
        "Total Revenue": NaN,
        "Gross Profit": NaN,
        "Operating Income": -7,
        "EBIT": -7,
        "Net Income": -7
    },
    "2021-06-30": {
        "Diluted EPS": -0.58,
        "Total Revenue": 0,
        "Gross Profit": 0,
        "Operating Income": -9,
        "EBIT": -9,
        "Net Income": -9
    },
    "2021-03-31": {
        "Diluted EPS": -0.33,
        "Total Revenue": NaN,
        "Gross Profit": NaN,
        "Operating Income": -5,
        "EBIT": -5,
        "Net Income": -5
    },
    "2020-12-31": {
        "Diluted EPS": -0.01,
        "Total Revenue": NaN,
        "Gross Profit": NaN,
        "Operating Income": -4,
        "EBIT": -4,
        "Net Income": -4
    },
    "2020-09-30": {
        "Diluted EPS": -0.38,
        "Total Revenue": NaN,
        "Gross Profit": NaN,
        "Operating Income": -4,
        "EBIT": -4,
        "Net Income": -4
    },
    "2020-06-30": {
        "Diluted EPS": -0.7,
        "Total Revenue": NaN,
        "Gross Profit": NaN,
        "Operating Income": -4,
        "EBIT": -4,
        "Net Income": -4
    },
    "2020-03-31": {
        "Diluted EPS": -0.78,
        "Total Revenue": NaN,
        "Gross Profit": NaN,
        "Operating Income": -4,
        "EBIT": -4,
        "Net Income": -4
    },
    "2019-12-31": {
        "Diluted EPS": -1.21,
        "Total Revenue": NaN,
        "Gross Profit": NaN,
        "Operating Income": -4,
        "EBIT": -4,
        "Net Income": -4
    },
    "2019-09-30": {
        "Diluted EPS": -1.74,
        "Total Revenue": NaN,
        "Gross Profit": NaN,
        "Operating Income": -5,
        "EBIT": -5,
        "Net Income": -5
    },
    "2019-06-30": {
        "Diluted EPS": -2.11,
        "Total Revenue": NaN,
        "Gross Profit": NaN,
        "Operating Income": -6,
        "EBIT": -6,
        "Net Income": -6
    },
    "2019-03-31": {
        "Diluted EPS": -2.41,
        "Total Revenue": NaN,
        "Gross Profit": NaN,
        "Operating Income": -7,
        "EBIT": -7,
        "Net Income": -7
    },
    "2018-12-31": {
        "Diluted EPS": -2.07,
        "Total Revenue": NaN,
        "Gross Profit": NaN,
        "Operating Income": -8,
        "EBIT": -8,
        "Net Income": -8
    },
    "2018-09-30": {
        "Diluted EPS": -3.0,
        "Total Revenue": NaN,
        "Gross Profit": NaN,
        "Operating Income": -9,
        "EBIT": -9,
        "Net Income": -9
    },
    "2018-06-30": {
        "Diluted EPS": -3.3,
        "Total Revenue": NaN,
        "Gross Profit": NaN,
        "Operating Income": -10,
        "EBIT": -10,
        "Net Income": -10
    },
    "2018-03-31": {
        "Diluted EPS": -4.6,
        "Total Revenue": 3,
        "Gross Profit": 3,
        "Operating Income": -8,
        "EBIT": -8,
        "Net Income": -8
    },
    "2017-12-31": {
        "Diluted EPS": -3.67,
        "Total Revenue": NaN,
        "Gross Profit": NaN,
        "Operating Income": -6,
        "EBIT": -6,
        "Net Income": -7
    },
    "2017-09-30": {
        "Diluted EPS": 0.7,
        "Total Revenue": 7,
        "Gross Profit": 7,
        "Operating Income": 1,
        "EBIT": 1,
        "Net Income": 1
    },
    "2017-06-30": {
        "Diluted EPS": -4.0,
        "Total Revenue": 1,
        "Gross Profit": 1,
        "Operating Income": -6,
        "EBIT": -6,
        "Net Income": -7
    },
    "2017-03-31": {
        "Diluted EPS": -4.4,
        "Total Revenue": 1,
        "Gross Profit": 1,
        "Operating Income": -7,
        "EBIT": -7,
        "Net Income": -7
    },
    "2016-12-31": {
        "Diluted EPS": -4.3,
        "Total Revenue": 1,
        "Gross Profit": 1,
        "Operating Income": -6,
        "EBIT": -6,
        "Net Income": -6
    },
    "2016-09-30": {
        "Diluted EPS": -4.8,
        "Total Revenue": 1,
        "Gross Profit": 1,
        "Operating Income": -6,
        "EBIT": -6,
        "Net Income": -6
    },
    "2016-06-30": {
        "Diluted EPS": -6.8,
        "Total Revenue": 1,
        "Gross Profit": 1,
        "Operating Income": -8,
        "EBIT": -8,
        "Net Income": -8
    },
    "2016-03-31": {
        "Diluted EPS": -5.4,
        "Total Revenue": 1,
        "Gross Profit": 1,
        "Operating Income": -6,
        "EBIT": -6,
        "Net Income": -7
    },
    "2015-12-31": {
        "Diluted EPS": -9.3,
        "Total Revenue": 1,
        "Gross Profit": 1,
        "Operating Income": -11,
        "EBIT": -11,
        "Net Income": -11
    },
    "2015-09-30": {
        "Diluted EPS": -5.3,
        "Total Revenue": 1,
        "Gross Profit": 1,
        "Operating Income": -6,
        "EBIT": -6,
        "Net Income": -6
    },
    "2015-06-30": {
        "Diluted EPS": -2.4,
        "Total Revenue": 4,
        "Gross Profit": 4,
        "Operating Income": -3,
        "EBIT": -3,
        "Net Income": -3
    },
    "2015-03-31": {
        "Diluted EPS": -5.0,
        "Total Revenue": 1,
        "Gross Profit": 1,
        "Operating Income": -4,
        "EBIT": -4,
        "Net Income": -4
    },
    "2014-12-31": {
        "Diluted EPS": -16.4,
        "Total Revenue": 1,
        "Gross Profit": 1,
        "Operating Income": -2,
        "EBIT": -2,
        "Net Income": -3
    },
    "2014-09-30": {
        "Diluted EPS": -12.3,
        "Total Revenue": 1,
        "Gross Profit": 1,
        "Operating Income": -2,
        "EBIT": -2,
        "Net Income": -2
    },
    "2014-06-30": {
        "Diluted EPS": -6.5,
        "Total Revenue": 1,
        "Gross Profit": 1,
        "Operating Income": -1,
        "EBIT": -1,
        "Net Income": -1
    },
    "2014-03-31": {
        "Diluted EPS": -8.8,
        "Total Revenue": 0,
        "Gross Profit": 0,
        "Operating Income": -1,
        "EBIT": -1,
        "Net Income": -1
    },
    "2013-12-31": {
        "Diluted EPS": 0.0,
        "Total Revenue": NaN,
        "Gross Profit": NaN,
        "Operating Income": NaN,
        "EBIT": NaN,
        "Net Income": NaN
    },
    "2012-12-31": {
        "Diluted EPS": 0.0,
        "Total Revenue": NaN,
        "Gross Profit": NaN,
        "Operating Income": NaN,
        "EBIT": NaN,
        "Net Income": NaN
    },
    "2023-06-30": {
        "Tax Effect Of Unusual Items": 0.0,
        "Tax Rate For Calcs": 0.0,
        "Normalized EBITDA": -771000.0,
        "Total Unusual Items": NaN,
        "Total Unusual Items Excluding Goodwill": NaN,
        "Net Income From Continuing Operation Net Minority Interest": -6286000.0,
        "Reconciled Depreciation": 8000.0,
        "EBITDA": -771000.0,
        "EBIT": -779000.0,
        "Net Interest Income": -5507000.0,
        "Interest Expense": NaN,
        "Normalized Income": -6286000.0,
        "Net Income From Continuing And Discontinued Operation": -6286000.0,
        "Total Expenses": 9779000.0,
        "Total Operating Income As Reported": -779000.0,
        "Diluted Average Shares": 1538569.0,
        "Basic Average Shares": 1538569.0,
        "Diluted EPS": -4.0,
        "Basic EPS": -4.0,
        "Diluted NI Availto Com Stockholders": -6286000.0,
        "Net Income Common Stockholders": -6286000.0,
        "Net Income": -6286000.0,
        "Net Income Including Noncontrolling Interests": -6286000.0,
        "Net Income Continuous Operations": -6286000.0,
        "Pretax Income": -6286000.0,
        "Other Income Expense": NaN,
        "Other Non Operating Income Expenses": NaN,
        "Special Income Charges": NaN,
        "Other Special Charges": NaN,
        "Net Non Operating Interest Income Expense": -5507000.0,
        "Total Other Finance Cost": 5507000.0,
        "Interest Expense Non Operating": NaN,
        "Operating Income": -779000.0,
        "Operating Expense": 9779000.0,
        "Other Operating Expenses": 4375000.0,
        "Research And Development": 3488000.0,
        "Selling General And Administration": 1916000.0,
        "General And Administrative Expense": 1916000.0,
        "Other Gand A": 1916000.0,
        "Total Revenue": 9000000.0,
        "Operating Revenue": 9000000.0
    },
    "2023-09-30": {
        "Tax Effect Of Unusual Items": 420000.0,
        "Tax Rate For Calcs": 0.21,
        "Normalized EBITDA": 9417000.0,
        "Total Unusual Items": 2000000.0,
        "Total Unusual Items Excluding Goodwill": 2000000.0,
        "Net Income From Continuing Operation Net Minority Interest": 10763000.0,
        "Reconciled Depreciation": 8000.0,
        "EBITDA": 11417000.0,
        "EBIT": 11409000.0,
        "Net Interest Income": -646000.0,
        "Interest Expense": 646000.0,
        "Normalized Income": 9183000.0,
        "Net Income From Continuing And Discontinued Operation": 10763000.0,
        "Total Expenses": 3588000.0,
        "Total Operating Income As Reported": -1588000.0,
        "Diluted Average Shares": 1842803.0,
        "Basic Average Shares": 1838501.0,
        "Diluted EPS": 5.8,
        "Basic EPS": 5.8,
        "Diluted NI Availto Com Stockholders": 10763000.0,
        "Net Income Common Stockholders": 10763000.0,
        "Net Income": 10763000.0,
        "Net Income Including Noncontrolling Interests": 10763000.0,
        "Net Income Continuous Operations": 10763000.0,
        "Pretax Income": 10763000.0,
        "Other Income Expense": 14997000.0,
        "Other Non Operating Income Expenses": 12997000.0,
        "Special Income Charges": 2000000.0,
        "Other Special Charges": -2000000.0,
        "Net Non Operating Interest Income Expense": -646000.0,
        "Total Other Finance Cost": NaN,
        "Interest Expense Non Operating": 646000.0,
        "Operating Income": -3588000.0,
        "Operating Expense": 3588000.0,
        "Other Operating Expenses": -2000000.0,
        "Research And Development": 2326000.0,
        "Selling General And Administration": 1262000.0,
        "General And Administrative Expense": 1262000.0,
        "Other Gand A": 1262000.0,
        "Total Revenue": 0.0,
        "Operating Revenue": 0.0
    },
    "2023-12-31": {
        "Tax Effect Of Unusual Items": 0.0,
        "Tax Rate For Calcs": 0.21,
        "Normalized EBITDA": 409000.0,
        "Total Unusual Items": NaN,
        "Total Unusual Items Excluding Goodwill": NaN,
        "Net Income From Continuing Operation Net Minority Interest": 439000.0,
        "Reconciled Depreciation": 7000.0,
        "EBITDA": 409000.0,
        "EBIT": 402000.0,
        "Net Interest Income": 37000.0,
        "Interest Expense": -37000.0,
        "Normalized Income": 439000.0,
        "Net Income From Continuing And Discontinued Operation": 439000.0,
        "Total Expenses": 263000.0,
        "Total Operating Income As Reported": 407000.0,
        "Diluted Average Shares": NaN,
        "Basic Average Shares": NaN,
        "Diluted EPS": NaN,
        "Basic EPS": NaN,
        "Diluted NI Availto Com Stockholders": 439000.0,
        "Net Income Common Stockholders": 439000.0,
        "Net Income": 439000.0,
        "Net Income Including Noncontrolling Interests": 439000.0,
        "Net Income Continuous Operations": 439000.0,
        "Pretax Income": 439000.0,
        "Other Income Expense": -2380000.0,
        "Other Non Operating Income Expenses": -5000.0,
        "Special Income Charges": NaN,
        "Other Special Charges": NaN,
        "Net Non Operating Interest Income Expense": 37000.0,
        "Total Other Finance Cost": NaN,
        "Interest Expense Non Operating": -37000.0,
        "Operating Income": 2782000.0,
        "Operating Expense": 263000.0,
        "Other Operating Expenses": NaN,
        "Research And Development": 1494000.0,
        "Selling General And Administration": 1144000.0,
        "General And Administrative Expense": 1144000.0,
        "Other Gand A": 1144000.0,
        "Total Revenue": 3045000.0,
        "Operating Revenue": 3045000.0
    },
    "2024-03-31": {
        "Tax Effect Of Unusual Items": 0.0,
        "Tax Rate For Calcs": 0.0,
        "Normalized EBITDA": -3204000.0,
        "Total Unusual Items": NaN,
        "Total Unusual Items Excluding Goodwill": NaN,
        "Net Income From Continuing Operation Net Minority Interest": -3168000.0,
        "Reconciled Depreciation": 8000.0,
        "EBITDA": -3204000.0,
        "EBIT": -3212000.0,
        "Net Interest Income": 53000.0,
        "Interest Expense": NaN,
        "Normalized Income": -3168000.0,
        "Net Income From Continuing And Discontinued Operation": -3168000.0,
        "Total Expenses": 3312000.0,
        "Total Operating Income As Reported": -3212000.0,
        "Diluted Average Shares": 119475.0,
        "Basic Average Shares": 119475.0,
        "Diluted EPS": -26.6,
        "Basic EPS": -26.6,
        "Diluted NI Availto Com Stockholders": -3168000.0,
        "Net Income Common Stockholders": -3168000.0,
        "Net Income": -3168000.0,
        "Net Income Including Noncontrolling Interests": -3168000.0,
        "Net Income Continuous Operations": -3168000.0,
        "Pretax Income": -3168000.0,
        "Other Income Expense": -9000.0,
        "Other Non Operating Income Expenses": -9000.0,
        "Special Income Charges": NaN,
        "Other Special Charges": NaN,
        "Net Non Operating Interest Income Expense": 53000.0,
        "Total Other Finance Cost": -53000.0,
        "Interest Expense Non Operating": NaN,
        "Operating Income": -3212000.0,
        "Operating Expense": 3312000.0,
        "Other Operating Expenses": NaN,
        "Research And Development": 1878000.0,
        "Selling General And Administration": 1434000.0,
        "General And Administrative Expense": 1434000.0,
        "Other Gand A": 1434000.0,
        "Total Revenue": 100000.0,
        "Operating Revenue": 100000.0
    }
}