{
    "2023-03-31": {
        "Tax Effect Of Unusual Items": NaN,
        "Tax Rate For Calcs": NaN,
        "Normalized EBITDA": NaN,
        "Net Income From Continuing Operation Net Minority Interest": NaN,
        "Reconciled Depreciation": NaN,
        "EBITDA": NaN,
        "EBIT": NaN,
        "Net Interest Income": NaN,
        "Interest Expense": NaN,
        "Interest Income": NaN,
        "Normalized Income": NaN,
        "Net Income From Continuing And Discontinued Operation": NaN,
        "Total Expenses": NaN,
        "Total Operating Income As Reported": NaN,
        "Diluted Average Shares": 47208664.0,
        "Basic Average Shares": 47208664.0,
        "Diluted EPS": -0.51,
        "Basic EPS": -0.51,
        "Diluted NI Availto Com Stockholders": NaN,
        "Net Income Common Stockholders": NaN,
        "Net Income": NaN,
        "Net Income Including Noncontrolling Interests": NaN,
        "Net Income Continuous Operations": NaN,
        "Pretax Income": NaN,
        "Net Non Operating Interest Income Expense": NaN,
        "Interest Expense Non Operating": NaN,
        "Interest Income Non Operating": NaN,
        "Operating Income": NaN,
        "Operating Expense": NaN,
        "Research And Development": NaN,
        "Selling General And Administration": NaN,
        "General And Administrative Expense": NaN,
        "Other Gand A": NaN,
        "Salaries And Wages": NaN,
        "Total Revenue": NaN,
        "Operating Revenue": NaN
    },
    "2022-12-31": {
        "Tax Effect Of Unusual Items": NaN,
        "Tax Rate For Calcs": NaN,
        "Normalized EBITDA": NaN,
        "Net Income From Continuing Operation Net Minority Interest": NaN,
        "Reconciled Depreciation": NaN,
        "EBITDA": NaN,
        "EBIT": NaN,
        "Net Interest Income": NaN,
        "Interest Expense": NaN,
        "Interest Income": NaN,
        "Normalized Income": NaN,
        "Net Income From Continuing And Discontinued Operation": NaN,
        "Total Expenses": NaN,
        "Total Operating Income As Reported": NaN,
        "Diluted Average Shares": 24077857.0,
        "Basic Average Shares": 24077857.0,
        "Diluted EPS": -0.78,
        "Basic EPS": -0.78,
        "Diluted NI Availto Com Stockholders": NaN,
        "Net Income Common Stockholders": NaN,
        "Net Income": NaN,
        "Net Income Including Noncontrolling Interests": NaN,
        "Net Income Continuous Operations": NaN,
        "Pretax Income": NaN,
        "Net Non Operating Interest Income Expense": NaN,
        "Interest Expense Non Operating": NaN,
        "Interest Income Non Operating": NaN,
        "Operating Income": NaN,
        "Operating Expense": NaN,
        "Research And Development": NaN,
        "Selling General And Administration": NaN,
        "General And Administrative Expense": NaN,
        "Other Gand A": NaN,
        "Salaries And Wages": NaN,
        "Total Revenue": NaN,
        "Operating Revenue": NaN
    },
    "2022-09-30": {
        "Tax Effect Of Unusual Items": NaN,
        "Tax Rate For Calcs": NaN,
        "Normalized EBITDA": NaN,
        "Net Income From Continuing Operation Net Minority Interest": NaN,
        "Reconciled Depreciation": NaN,
        "EBITDA": NaN,
        "EBIT": NaN,
        "Net Interest Income": NaN,
        "Interest Expense": NaN,
        "Interest Income": NaN,
        "Normalized Income": NaN,
        "Net Income From Continuing And Discontinued Operation": NaN,
        "Total Expenses": NaN,
        "Total Operating Income As Reported": NaN,
        "Diluted Average Shares": NaN,
        "Basic Average Shares": NaN,
        "Diluted EPS": NaN,
        "Basic EPS": NaN,
        "Diluted NI Availto Com Stockholders": NaN,
        "Net Income Common Stockholders": NaN,
        "Net Income": NaN,
        "Net Income Including Noncontrolling Interests": NaN,
        "Net Income Continuous Operations": NaN,
        "Pretax Income": NaN,
        "Net Non Operating Interest Income Expense": NaN,
        "Interest Expense Non Operating": NaN,
        "Interest Income Non Operating": NaN,
        "Operating Income": NaN,
        "Operating Expense": NaN,
        "Research And Development": NaN,
        "Selling General And Administration": NaN,
        "General And Administrative Expense": NaN,
        "Other Gand A": NaN,
        "Salaries And Wages": 2864000.0,
        "Total Revenue": NaN,
        "Operating Revenue": NaN
    },
    "2022-06-30": {
        "Tax Effect Of Unusual Items": 0.0,
        "Tax Rate For Calcs": 0.0,
        "Normalized EBITDA": -14039000.0,
        "Net Income From Continuing Operation Net Minority Interest": -15097000.0,
        "Reconciled Depreciation": 1207000.0,
        "EBITDA": -14039000.0,
        "EBIT": -15246000.0,
        "Net Interest Income": 149000.0,
        "Interest Expense": NaN,
        "Interest Income": 149000.0,
        "Normalized Income": -15097000.0,
        "Net Income From Continuing And Discontinued Operation": -15097000.0,
        "Total Expenses": 19302000.0,
        "Total Operating Income As Reported": -15246000.0,
        "Diluted Average Shares": 24063677.0,
        "Basic Average Shares": 24063677.0,
        "Diluted EPS": -0.63,
        "Basic EPS": -0.63,
        "Diluted NI Availto Com Stockholders": -15097000.0,
        "Net Income Common Stockholders": -15097000.0,
        "Net Income": -15097000.0,
        "Net Income Including Noncontrolling Interests": -15097000.0,
        "Net Income Continuous Operations": -15097000.0,
        "Pretax Income": -15097000.0,
        "Other Income Expense": NaN,
        "Other Non Operating Income Expenses": NaN,
        "Net Non Operating Interest Income Expense": 149000.0,
        "Interest Expense Non Operating": NaN,
        "Interest Income Non Operating": 149000.0,
        "Operating Income": -15246000.0,
        "Operating Expense": 19302000.0,
        "Research And Development": 14494000.0,
        "Selling General And Administration": 4808000.0,
        "General And Administrative Expense": 4808000.0,
        "Other Gand A": 4808000.0,
        "Salaries And Wages": NaN,
        "Total Revenue": 4056000.0,
        "Operating Revenue": 4056000.0
    },
    "2022-03-31": {
        "Diluted EPS": -0.67,
        "Total Revenue": 3,
        "Gross Profit": 3,
        "Operating Income": -16,
        "EBIT": -15,
        "Net Income": -16
    },
    "2021-12-31": {
        "Diluted EPS": 10.81,
        "Total Revenue": 3,
        "Gross Profit": 3,
        "Operating Income": -14,
        "EBIT": -13,
        "Net Income": -14
    },
    "2021-09-30": {
        "Diluted EPS": -0.8,
        "Total Revenue": 2,
        "Gross Profit": 2,
        "Operating Income": -16,
        "EBIT": -15,
        "Net Income": -16
    },
    "2021-06-30": {
        "Diluted EPS": -7.69,
        "Total Revenue": 3,
        "Gross Profit": 3,
        "Operating Income": -11,
        "EBIT": -10,
        "Net Income": -11
    },
    "2021-03-31": {
        "Diluted EPS": -6.49,
        "Total Revenue": 2,
        "Gross Profit": 2,
        "Operating Income": -8,
        "EBIT": -7,
        "Net Income": -8
    },
    "2020-12-31": {
        "Diluted EPS": -8.05,
        "Total Revenue": 1,
        "Gross Profit": 1,
        "Operating Income": -8,
        "EBIT": -7,
        "Net Income": -8
    },
    "2020-09-30": {
        "Diluted EPS": -7.16,
        "Total Revenue": 0,
        "Gross Profit": 0,
        "Operating Income": -7,
        "EBIT": -7,
        "Net Income": -7
    },
    "2020-06-30": {
        "Diluted EPS": -6.18,
        "Total Revenue": NaN,
        "Gross Profit": NaN,
        "Operating Income": -6,
        "EBIT": -5,
        "Net Income": -6
    },
    "2020-03-31": {
        "Diluted EPS": -7.13,
        "Total Revenue": NaN,
        "Gross Profit": NaN,
        "Operating Income": -6,
        "EBIT": -5,
        "Net Income": -6
    },
    "2019-12-31": {
        "Diluted EPS": 0.0,
        "Total Revenue": NaN,
        "Gross Profit": NaN,
        "Operating Income": NaN,
        "EBIT": NaN,
        "Net Income": NaN
    },
    "2023-06-30": {
        "Tax Effect Of Unusual Items": NaN,
        "Tax Rate For Calcs": NaN,
        "Normalized EBITDA": NaN,
        "Net Income From Continuing Operation Net Minority Interest": NaN,
        "Reconciled Depreciation": NaN,
        "EBITDA": NaN,
        "EBIT": NaN,
        "Net Interest Income": NaN,
        "Interest Expense": NaN,
        "Interest Income": NaN,
        "Normalized Income": NaN,
        "Net Income From Continuing And Discontinued Operation": NaN,
        "Total Expenses": NaN,
        "Total Operating Income As Reported": NaN,
        "Diluted Average Shares": 47208664.0,
        "Basic Average Shares": 47208664.0,
        "Diluted EPS": -0.51,
        "Basic EPS": -0.51,
        "Diluted NI Availto Com Stockholders": NaN,
        "Net Income Common Stockholders": NaN,
        "Net Income": NaN,
        "Net Income Including Noncontrolling Interests": NaN,
        "Net Income Continuous Operations": NaN,
        "Pretax Income": NaN,
        "Net Non Operating Interest Income Expense": NaN,
        "Interest Expense Non Operating": NaN,
        "Interest Income Non Operating": NaN,
        "Operating Income": NaN,
        "Operating Expense": NaN,
        "Research And Development": NaN,
        "Selling General And Administration": NaN,
        "General And Administrative Expense": NaN,
        "Other Gand A": NaN,
        "Salaries And Wages": NaN,
        "Total Revenue": NaN,
        "Operating Revenue": NaN
    },
    "2023-09-30": {
        "Tax Effect Of Unusual Items": NaN,
        "Tax Rate For Calcs": NaN,
        "Normalized EBITDA": NaN,
        "Net Income From Continuing Operation Net Minority Interest": NaN,
        "Reconciled Depreciation": NaN,
        "EBITDA": NaN,
        "EBIT": NaN,
        "Net Interest Income": NaN,
        "Interest Expense": NaN,
        "Interest Income": NaN,
        "Normalized Income": NaN,
        "Net Income From Continuing And Discontinued Operation": NaN,
        "Total Expenses": NaN,
        "Total Operating Income As Reported": NaN,
        "Diluted Average Shares": 94829844.0,
        "Basic Average Shares": 94829844.0,
        "Diluted EPS": -0.24,
        "Basic EPS": -0.24,
        "Diluted NI Availto Com Stockholders": NaN,
        "Net Income Common Stockholders": NaN,
        "Net Income": NaN,
        "Net Income Including Noncontrolling Interests": NaN,
        "Net Income Continuous Operations": NaN,
        "Pretax Income": NaN,
        "Net Non Operating Interest Income Expense": NaN,
        "Interest Expense Non Operating": NaN,
        "Interest Income Non Operating": NaN,
        "Operating Income": NaN,
        "Operating Expense": NaN,
        "Research And Development": NaN,
        "Selling General And Administration": NaN,
        "General And Administrative Expense": NaN,
        "Other Gand A": NaN,
        "Salaries And Wages": NaN,
        "Total Revenue": NaN,
        "Operating Revenue": NaN
    },
    "2023-12-31": {
        "Tax Effect Of Unusual Items": 0.0,
        "Tax Rate For Calcs": 0.0,
        "Normalized EBITDA": -17481000.0,
        "Net Income From Continuing Operation Net Minority Interest": -19613000.0,
        "Reconciled Depreciation": 1280000.0,
        "EBITDA": -17481000.0,
        "EBIT": -18761000.0,
        "Net Interest Income": 1744000.0,
        "Interest Expense": 852000.0,
        "Interest Income": 2596000.0,
        "Normalized Income": -19613000.0,
        "Net Income From Continuing And Discontinued Operation": -19613000.0,
        "Total Expenses": 28568000.0,
        "Total Operating Income As Reported": -21357000.0,
        "Diluted Average Shares": NaN,
        "Basic Average Shares": NaN,
        "Diluted EPS": NaN,
        "Basic EPS": NaN,
        "Diluted NI Availto Com Stockholders": -19613000.0,
        "Net Income Common Stockholders": -19613000.0,
        "Net Income": -19613000.0,
        "Net Income Including Noncontrolling Interests": -19613000.0,
        "Net Income Continuous Operations": -19613000.0,
        "Pretax Income": -19613000.0,
        "Net Non Operating Interest Income Expense": 1744000.0,
        "Interest Expense Non Operating": 852000.0,
        "Interest Income Non Operating": 2596000.0,
        "Operating Income": -21357000.0,
        "Operating Expense": 28568000.0,
        "Research And Development": 22406000.0,
        "Selling General And Administration": 6162000.0,
        "General And Administrative Expense": 6162000.0,
        "Other Gand A": 3526000.0,
        "Salaries And Wages": 2636000.0,
        "Total Revenue": 7211000.0,
        "Operating Revenue": 7211000.0
    },
    "2024-03-31": {
        "Tax Effect Of Unusual Items": NaN,
        "Tax Rate For Calcs": NaN,
        "Normalized EBITDA": NaN,
        "Net Income From Continuing Operation Net Minority Interest": NaN,
        "Reconciled Depreciation": NaN,
        "EBITDA": NaN,
        "EBIT": NaN,
        "Net Interest Income": NaN,
        "Interest Expense": NaN,
        "Interest Income": NaN,
        "Normalized Income": NaN,
        "Net Income From Continuing And Discontinued Operation": NaN,
        "Total Expenses": NaN,
        "Total Operating Income As Reported": NaN,
        "Diluted Average Shares": NaN,
        "Basic Average Shares": NaN,
        "Diluted EPS": NaN,
        "Basic EPS": NaN,
        "Diluted NI Availto Com Stockholders": NaN,
        "Net Income Common Stockholders": NaN,
        "Net Income": NaN,
        "Net Income Including Noncontrolling Interests": NaN,
        "Net Income Continuous Operations": NaN,
        "Pretax Income": NaN,
        "Net Non Operating Interest Income Expense": NaN,
        "Interest Expense Non Operating": NaN,
        "Interest Income Non Operating": NaN,
        "Operating Income": NaN,
        "Operating Expense": NaN,
        "Depreciation Amortization Depletion Income Statement": 180000.0,
        "Depreciation And Amortization In Income Statement": 180000.0,
        "Depreciation Income Statement": 180000.0,
        "Research And Development": NaN,
        "Selling General And Administration": NaN,
        "General And Administrative Expense": NaN,
        "Other Gand A": NaN,
        "Salaries And Wages": NaN,
        "Total Revenue": NaN,
        "Operating Revenue": NaN
    },
    "2024-06-30": {
        "Tax Effect Of Unusual Items": NaN,
        "Tax Rate For Calcs": NaN,
        "Normalized EBITDA": NaN,
        "Net Income From Continuing Operation Net Minority Interest": NaN,
        "Reconciled Depreciation": NaN,
        "EBITDA": NaN,
        "EBIT": NaN,
        "Net Interest Income": NaN,
        "Interest Expense": NaN,
        "Interest Income": NaN,
        "Normalized Income": NaN,
        "Net Income From Continuing And Discontinued Operation": NaN,
        "Total Expenses": NaN,
        "Total Operating Income As Reported": NaN,
        "Diluted Average Shares": NaN,
        "Basic Average Shares": NaN,
        "Diluted EPS": NaN,
        "Basic EPS": NaN,
        "Diluted NI Availto Com Stockholders": NaN,
        "Net Income Common Stockholders": NaN,
        "Net Income": NaN,
        "Net Income Including Noncontrolling Interests": NaN,
        "Net Income Continuous Operations": NaN,
        "Pretax Income": NaN,
        "Net Non Operating Interest Income Expense": NaN,
        "Interest Expense Non Operating": NaN,
        "Interest Income Non Operating": NaN,
        "Operating Income": NaN,
        "Operating Expense": NaN,
        "Depreciation Amortization Depletion Income Statement": 183000.0,
        "Depreciation And Amortization In Income Statement": 183000.0,
        "Depreciation Income Statement": 183000.0,
        "Research And Development": NaN,
        "Selling General And Administration": NaN,
        "General And Administrative Expense": NaN,
        "Other Gand A": NaN,
        "Salaries And Wages": NaN,
        "Total Revenue": NaN,
        "Operating Revenue": NaN
    },
    "2024-09-30": {
        "Tax Effect Of Unusual Items": 0.0,
        "Tax Rate For Calcs": 0.0,
        "Normalized EBITDA": -27902000.0,
        "Net Income From Continuing Operation Net Minority Interest": -29887000.0,
        "Reconciled Depreciation": 1027000.0,
        "EBITDA": -27902000.0,
        "EBIT": -28929000.0,
        "Net Interest Income": 2735000.0,
        "Interest Expense": 958000.0,
        "Interest Income": 3693000.0,
        "Normalized Income": -29887000.0,
        "Net Income From Continuing And Discontinued Operation": -29887000.0,
        "Total Expenses": 33671000.0,
        "Total Operating Income As Reported": -32622000.0,
        "Diluted Average Shares": 118700362.0,
        "Basic Average Shares": 118700362.0,
        "Diluted EPS": -0.25,
        "Basic EPS": -0.25,
        "Diluted NI Availto Com Stockholders": -29887000.0,
        "Net Income Common Stockholders": -29887000.0,
        "Net Income": -29887000.0,
        "Net Income Including Noncontrolling Interests": -29887000.0,
        "Net Income Continuous Operations": -29887000.0,
        "Pretax Income": -29887000.0,
        "Net Non Operating Interest Income Expense": 2735000.0,
        "Interest Expense Non Operating": 958000.0,
        "Interest Income Non Operating": 3693000.0,
        "Operating Income": -32622000.0,
        "Operating Expense": 33671000.0,
        "Depreciation Amortization Depletion Income Statement": 185000.0,
        "Depreciation And Amortization In Income Statement": 185000.0,
        "Depreciation Income Statement": 185000.0,
        "Research And Development": 26262000.0,
        "Selling General And Administration": 7224000.0,
        "General And Administrative Expense": 7224000.0,
        "Other Gand A": 3263000.0,
        "Salaries And Wages": 3961000.0,
        "Total Revenue": 1049000.0,
        "Operating Revenue": 1049000.0
    },
    "2024-12-31": {
        "Tax Effect Of Unusual Items": 0.0,
        "Tax Rate For Calcs": 0.0,
        "Normalized EBITDA": -34314000.0,
        "Net Income From Continuing Operation Net Minority Interest": -35809000.0,
        "Reconciled Depreciation": 711000.0,
        "EBITDA": -34314000.0,
        "EBIT": -35025000.0,
        "Net Interest Income": 1993000.0,
        "Interest Expense": 784000.0,
        "Interest Income": 2777000.0,
        "Normalized Income": -35809000.0,
        "Net Income From Continuing And Discontinued Operation": -35809000.0,
        "Total Expenses": 37377000.0,
        "Total Operating Income As Reported": -36712000.0,
        "Diluted Average Shares": 120789625.0,
        "Basic Average Shares": 120789625.0,
        "Diluted EPS": -0.3,
        "Basic EPS": -0.3,
        "Diluted NI Availto Com Stockholders": -35809000.0,
        "Net Income Common Stockholders": -35809000.0,
        "Net Income": -35809000.0,
        "Net Income Including Noncontrolling Interests": -35809000.0,
        "Net Income Continuous Operations": -35809000.0,
        "Pretax Income": -35809000.0,
        "Net Non Operating Interest Income Expense": 1993000.0,
        "Interest Expense Non Operating": 784000.0,
        "Interest Income Non Operating": 2777000.0,
        "Operating Income": -36712000.0,
        "Operating Expense": 37377000.0,
        "Depreciation Amortization Depletion Income Statement": NaN,
        "Depreciation And Amortization In Income Statement": NaN,
        "Depreciation Income Statement": NaN,
        "Research And Development": 29354000.0,
        "Selling General And Administration": 7295000.0,
        "General And Administrative Expense": 7295000.0,
        "Other Gand A": 2956000.0,
        "Salaries And Wages": 4339000.0,
        "Total Revenue": 665000.0,
        "Operating Revenue": 665000.0
    },
    "2025-03-31": {
        "Tax Effect Of Unusual Items": 0.0,
        "Tax Rate For Calcs": 0.0,
        "Normalized EBITDA": -32770000.0,
        "Net Income From Continuing Operation Net Minority Interest": -34127000.0,
        "Reconciled Depreciation": 678000.0,
        "EBITDA": -32770000.0,
        "EBIT": -33448000.0,
        "Net Interest Income": 2123000.0,
        "Interest Expense": 679000.0,
        "Interest Income": 2802000.0,
        "Normalized Income": -34127000.0,
        "Net Income From Continuing And Discontinued Operation": -34127000.0,
        "Total Expenses": 38421000.0,
        "Total Operating Income As Reported": -36250000.0,
        "Diluted Average Shares": 129678572.0,
        "Basic Average Shares": 129678572.0,
        "Diluted EPS": -0.26,
        "Basic EPS": -0.26,
        "Diluted NI Availto Com Stockholders": -34127000.0,
        "Net Income Common Stockholders": -34127000.0,
        "Net Income": -34127000.0,
        "Net Income Including Noncontrolling Interests": -34127000.0,
        "Net Income Continuous Operations": -34127000.0,
        "Pretax Income": -34127000.0,
        "Net Non Operating Interest Income Expense": 2123000.0,
        "Interest Expense Non Operating": 679000.0,
        "Interest Income Non Operating": 2802000.0,
        "Operating Income": -36250000.0,
        "Operating Expense": 38421000.0,
        "Depreciation Amortization Depletion Income Statement": 176000.0,
        "Depreciation And Amortization In Income Statement": 176000.0,
        "Depreciation Income Statement": 176000.0,
        "Research And Development": 29788000.0,
        "Selling General And Administration": 8457000.0,
        "General And Administrative Expense": 8457000.0,
        "Other Gand A": 3762000.0,
        "Salaries And Wages": 4695000.0,
        "Total Revenue": 2171000.0,
        "Operating Revenue": 2171000.0
    },
    "2025-06-30": {
        "Tax Effect Of Unusual Items": 0.0,
        "Tax Rate For Calcs": 0.0,
        "Normalized EBITDA": -35565000.0,
        "Net Income From Continuing Operation Net Minority Interest": -36952000.0,
        "Reconciled Depreciation": 698000.0,
        "EBITDA": -35565000.0,
        "EBIT": -36263000.0,
        "Net Interest Income": 1701000.0,
        "Interest Expense": 689000.0,
        "Interest Income": 2390000.0,
        "Normalized Income": -36952000.0,
        "Net Income From Continuing And Discontinued Operation": -36952000.0,
        "Total Expenses": 41729000.0,
        "Total Operating Income As Reported": -38653000.0,
        "Diluted Average Shares": 129730451.0,
        "Basic Average Shares": 129730451.0,
        "Diluted EPS": -0.28,
        "Basic EPS": -0.28,
        "Diluted NI Availto Com Stockholders": -36952000.0,
        "Net Income Common Stockholders": -36952000.0,
        "Net Income": -36952000.0,
        "Net Income Including Noncontrolling Interests": -36952000.0,
        "Net Income Continuous Operations": -36952000.0,
        "Pretax Income": -36952000.0,
        "Net Non Operating Interest Income Expense": 1701000.0,
        "Interest Expense Non Operating": 689000.0,
        "Interest Income Non Operating": 2390000.0,
        "Operating Income": -38653000.0,
        "Operating Expense": 41729000.0,
        "Depreciation Amortization Depletion Income Statement": 176000.0,
        "Depreciation And Amortization In Income Statement": 176000.0,
        "Depreciation Income Statement": 176000.0,
        "Research And Development": 32634000.0,
        "Selling General And Administration": 8919000.0,
        "General And Administrative Expense": 8919000.0,
        "Other Gand A": 3976000.0,
        "Salaries And Wages": 4943000.0,
        "Total Revenue": 3076000.0,
        "Operating Revenue": 3076000.0
    },
    "2025-09-30": {
        "Tax Effect Of Unusual Items": 0.0,
        "Tax Rate For Calcs": 0.0,
        "Normalized EBITDA": -34244000.0,
        "Net Income From Continuing Operation Net Minority Interest": -35710000.0,
        "Reconciled Depreciation": 767000.0,
        "EBITDA": -34244000.0,
        "EBIT": -35011000.0,
        "Net Interest Income": 1342000.0,
        "Interest Expense": 699000.0,
        "Interest Income": 2041000.0,
        "Normalized Income": -35710000.0,
        "Net Income From Continuing And Discontinued Operation": -35710000.0,
        "Total Expenses": 39563000.0,
        "Total Operating Income As Reported": -37052000.0,
        "Diluted Average Shares": 129835938.0,
        "Basic Average Shares": 129835938.0,
        "Diluted EPS": -0.28,
        "Basic EPS": -0.28,
        "Diluted NI Availto Com Stockholders": -35710000.0,
        "Net Income Common Stockholders": -35710000.0,
        "Net Income": -35710000.0,
        "Net Income Including Noncontrolling Interests": -35710000.0,
        "Net Income Continuous Operations": -35710000.0,
        "Pretax Income": -35710000.0,
        "Net Non Operating Interest Income Expense": 1342000.0,
        "Interest Expense Non Operating": 699000.0,
        "Interest Income Non Operating": 2041000.0,
        "Operating Income": -37052000.0,
        "Operating Expense": 39563000.0,
        "Depreciation Amortization Depletion Income Statement": 176000.0,
        "Depreciation And Amortization In Income Statement": 176000.0,
        "Depreciation Income Statement": 176000.0,
        "Research And Development": 31689000.0,
        "Selling General And Administration": 7698000.0,
        "General And Administrative Expense": 7698000.0,
        "Other Gand A": 3198000.0,
        "Salaries And Wages": 4500000.0,
        "Total Revenue": 2511000.0,
        "Operating Revenue": 2511000.0
    }
}