{
    "2023-04-30": {
        "Tax Effect Of Unusual Items": NaN,
        "Tax Rate For Calcs": NaN,
        "Total Unusual Items": NaN,
        "Total Unusual Items Excluding Goodwill": NaN,
        "Net Income From Continuing Operation Net Minority Interest": NaN,
        "Reconciled Depreciation": NaN,
        "Net Interest Income": NaN,
        "Interest Expense": NaN,
        "Interest Income": NaN,
        "Normalized Income": NaN,
        "Net Income From Continuing And Discontinued Operation": NaN,
        "Diluted Average Shares": 1830300000.0,
        "Basic Average Shares": 1828300000.0,
        "Diluted EPS": 1.69,
        "Basic EPS": 1.69,
        "Diluted NI Availto Com Stockholders": NaN,
        "Net Income Common Stockholders": NaN,
        "Preferred Stock Dividends": NaN,
        "Net Income": NaN,
        "Net Income Including Noncontrolling Interests": NaN,
        "Net Income Continuous Operations": NaN,
        "Earnings From Equity Interest Net Of Tax": NaN,
        "Tax Provision": NaN,
        "Pretax Income": NaN,
        "Special Income Charges": NaN,
        "Other Special Charges": NaN,
        "Restructuring And Mergern Acquisition": NaN,
        "Gain On Sale Of Security": NaN,
        "Depreciation Amortization Depletion Income Statement": NaN,
        "Depreciation And Amortization In Income Statement": NaN,
        "Amortization": NaN,
        "Amortization Of Intangibles Income Statement": NaN,
        "Selling General And Administration": NaN,
        "Selling And Marketing Expense": NaN,
        "General And Administrative Expense": NaN,
        "Insurance And Claims": NaN,
        "Salaries And Wages": NaN,
        "Total Revenue": NaN,
        "Operating Revenue": NaN,
        "Occupancy And Equipment": NaN,
        "Professional Expense And Contract Services Expense": NaN,
        "Other Non Interest Expense": NaN
    },
    "2023-01-31": {
        "Tax Effect Of Unusual Items": NaN,
        "Tax Rate For Calcs": NaN,
        "Total Unusual Items": NaN,
        "Total Unusual Items Excluding Goodwill": NaN,
        "Net Income From Continuing Operation Net Minority Interest": NaN,
        "Reconciled Depreciation": NaN,
        "Net Interest Income": NaN,
        "Interest Expense": NaN,
        "Interest Income": NaN,
        "Normalized Income": NaN,
        "Net Income From Continuing And Discontinued Operation": NaN,
        "Diluted Average Shares": 1823100000.0,
        "Basic Average Shares": 1820700000.0,
        "Diluted EPS": 0.82,
        "Basic EPS": 0.82,
        "Diluted NI Availto Com Stockholders": NaN,
        "Net Income Common Stockholders": NaN,
        "Preferred Stock Dividends": NaN,
        "Net Income": NaN,
        "Net Income Including Noncontrolling Interests": NaN,
        "Net Income Continuous Operations": NaN,
        "Earnings From Equity Interest Net Of Tax": NaN,
        "Tax Provision": NaN,
        "Pretax Income": NaN,
        "Special Income Charges": NaN,
        "Other Special Charges": 1603000000.0,
        "Restructuring And Mergern Acquisition": NaN,
        "Gain On Sale Of Security": NaN,
        "Depreciation Amortization Depletion Income Statement": NaN,
        "Depreciation And Amortization In Income Statement": NaN,
        "Amortization": NaN,
        "Amortization Of Intangibles Income Statement": NaN,
        "Selling General And Administration": NaN,
        "Selling And Marketing Expense": NaN,
        "General And Administrative Expense": NaN,
        "Insurance And Claims": NaN,
        "Salaries And Wages": NaN,
        "Total Revenue": NaN,
        "Operating Revenue": NaN,
        "Occupancy And Equipment": NaN,
        "Professional Expense And Contract Services Expense": NaN,
        "Other Non Interest Expense": NaN
    },
    "2022-10-31": {
        "Tax Effect Of Unusual Items": NaN,
        "Tax Rate For Calcs": NaN,
        "Total Unusual Items": NaN,
        "Total Unusual Items Excluding Goodwill": NaN,
        "Net Income From Continuing Operation Net Minority Interest": NaN,
        "Reconciled Depreciation": NaN,
        "Net Interest Income": NaN,
        "Interest Expense": NaN,
        "Interest Income": NaN,
        "Normalized Income": NaN,
        "Net Income From Continuing And Discontinued Operation": NaN,
        "Diluted Average Shares": NaN,
        "Basic Average Shares": NaN,
        "Diluted EPS": NaN,
        "Basic EPS": NaN,
        "Diluted NI Availto Com Stockholders": NaN,
        "Net Income Common Stockholders": NaN,
        "Preferred Stock Dividends": NaN,
        "Net Income": NaN,
        "Net Income Including Noncontrolling Interests": NaN,
        "Net Income Continuous Operations": NaN,
        "Earnings From Equity Interest Net Of Tax": NaN,
        "Tax Provision": NaN,
        "Pretax Income": NaN,
        "Special Income Charges": NaN,
        "Other Special Charges": 0.0,
        "Restructuring And Mergern Acquisition": NaN,
        "Gain On Sale Of Security": NaN,
        "Depreciation Amortization Depletion Income Statement": NaN,
        "Depreciation And Amortization In Income Statement": NaN,
        "Amortization": NaN,
        "Amortization Of Intangibles Income Statement": NaN,
        "Selling General And Administration": NaN,
        "Selling And Marketing Expense": NaN,
        "General And Administrative Expense": NaN,
        "Insurance And Claims": NaN,
        "Salaries And Wages": NaN,
        "Total Revenue": NaN,
        "Operating Revenue": NaN
    },
    "2022-07-31": {
        "Tax Effect Of Unusual Items": -140890000.0,
        "Tax Rate For Calcs": 0.193,
        "Total Unusual Items": -730000000.0,
        "Total Unusual Items Excluding Goodwill": -730000000.0,
        "Net Income From Continuing Operation Net Minority Interest": 3214000000.0,
        "Reconciled Depreciation": 430000000.0,
        "Net Interest Income": 7044000000.0,
        "Interest Expense": 3738000000.0,
        "Interest Income": 10782000000.0,
        "Normalized Income": 3803110000.0,
        "Net Income From Continuing And Discontinued Operation": 3214000000.0,
        "Diluted Average Shares": 1807100000.0,
        "Basic Average Shares": 1804500000.0,
        "Diluted EPS": 1.75,
        "Basic EPS": 1.76,
        "Diluted NI Availto Com Stockholders": 3171000000.0,
        "Net Income Common Stockholders": 3171000000.0,
        "Preferred Stock Dividends": 43000000.0,
        "Net Income": 3214000000.0,
        "Net Income Including Noncontrolling Interests": 3214000000.0,
        "Net Income Continuous Operations": 3214000000.0,
        "Earnings From Equity Interest Net Of Tax": 268000000.0,
        "Tax Provision": 703000000.0,
        "Pretax Income": 3649000000.0,
        "Special Income Charges": -730000000.0,
        "Other Special Charges": NaN,
        "Restructuring And Mergern Acquisition": 730000000.0,
        "Gain On Sale Of Security": 0.0,
        "Depreciation Amortization Depletion Income Statement": 145000000.0,
        "Depreciation And Amortization In Income Statement": 145000000.0,
        "Amortization": 145000000.0,
        "Amortization Of Intangibles Income Statement": 145000000.0,
        "Selling General And Administration": 4156000000.0,
        "Selling And Marketing Expense": 329000000.0,
        "General And Administrative Expense": 4156000000.0,
        "Other Gand A": 329000000.0,
        "Insurance And Claims": 829000000.0,
        "Salaries And Wages": 3327000000.0,
        "Total Revenue": 11503000000.0,
        "Operating Revenue": 11503000000.0
    },
    "2023-07-31": {
        "Tax Effect Of Unusual Items": NaN,
        "Tax Rate For Calcs": NaN,
        "Total Unusual Items": NaN,
        "Total Unusual Items Excluding Goodwill": NaN,
        "Net Income From Continuing Operation Net Minority Interest": NaN,
        "Reconciled Depreciation": NaN,
        "Net Interest Income": NaN,
        "Interest Expense": NaN,
        "Interest Income": NaN,
        "Normalized Income": NaN,
        "Net Income From Continuing And Discontinued Operation": NaN,
        "Diluted Average Shares": 1836300000.0,
        "Basic Average Shares": 1834800000.0,
        "Diluted EPS": 1.53,
        "Basic EPS": 1.53,
        "Diluted NI Availto Com Stockholders": NaN,
        "Net Income Common Stockholders": NaN,
        "Preferred Stock Dividends": NaN,
        "Net Income": NaN,
        "Net Income Including Noncontrolling Interests": NaN,
        "Net Income Continuous Operations": NaN,
        "Earnings From Equity Interest Net Of Tax": NaN,
        "Tax Provision": NaN,
        "Pretax Income": NaN,
        "Special Income Charges": NaN,
        "Other Special Charges": NaN,
        "Restructuring And Mergern Acquisition": NaN,
        "Gain On Sale Of Security": NaN,
        "Depreciation Amortization Depletion Income Statement": NaN,
        "Depreciation And Amortization In Income Statement": NaN,
        "Amortization": NaN,
        "Amortization Of Intangibles Income Statement": NaN,
        "Selling General And Administration": NaN,
        "Selling And Marketing Expense": NaN,
        "General And Administrative Expense": NaN,
        "Insurance And Claims": NaN,
        "Salaries And Wages": NaN,
        "Total Revenue": NaN,
        "Operating Revenue": NaN,
        "Occupancy And Equipment": NaN,
        "Professional Expense And Contract Services Expense": NaN,
        "Other Non Interest Expense": NaN
    },
    "2023-10-31": {
        "Tax Effect Of Unusual Items": NaN,
        "Tax Rate For Calcs": NaN,
        "Total Unusual Items": NaN,
        "Total Unusual Items Excluding Goodwill": NaN,
        "Net Income From Continuing Operation Net Minority Interest": NaN,
        "Reconciled Depreciation": NaN,
        "Net Interest Income": NaN,
        "Interest Expense": NaN,
        "Interest Income": NaN,
        "Normalized Income": NaN,
        "Net Income From Continuing And Discontinued Operation": NaN,
        "Diluted Average Shares": NaN,
        "Basic Average Shares": NaN,
        "Diluted EPS": NaN,
        "Basic EPS": NaN,
        "Diluted NI Availto Com Stockholders": NaN,
        "Net Income Common Stockholders": NaN,
        "Preferred Stock Dividends": NaN,
        "Net Income": NaN,
        "Net Income Including Noncontrolling Interests": NaN,
        "Net Income Continuous Operations": NaN,
        "Earnings From Equity Interest Net Of Tax": NaN,
        "Tax Provision": NaN,
        "Pretax Income": NaN,
        "Special Income Charges": NaN,
        "Gain On Sale Of Business": NaN,
        "Other Special Charges": 0.0,
        "Restructuring And Mergern Acquisition": NaN,
        "Gain On Sale Of Security": NaN,
        "Depreciation Amortization Depletion Income Statement": NaN,
        "Depreciation And Amortization In Income Statement": NaN,
        "Amortization": NaN,
        "Amortization Of Intangibles Income Statement": NaN,
        "Selling General And Administration": NaN,
        "Selling And Marketing Expense": NaN,
        "General And Administrative Expense": NaN,
        "Insurance And Claims": NaN,
        "Salaries And Wages": NaN,
        "Total Revenue": NaN,
        "Operating Revenue": NaN,
        "Occupancy And Equipment": NaN,
        "Professional Expense And Contract Services Expense": NaN,
        "Other Non Interest Expense": NaN
    },
    "2024-01-31": {
        "Tax Effect Of Unusual Items": NaN,
        "Tax Rate For Calcs": NaN,
        "Total Unusual Items": NaN,
        "Total Unusual Items Excluding Goodwill": NaN,
        "Net Income From Continuing Operation Net Minority Interest": NaN,
        "Reconciled Depreciation": NaN,
        "Net Interest Income": NaN,
        "Interest Expense": NaN,
        "Interest Income": NaN,
        "Normalized Income": NaN,
        "Net Income From Continuing And Discontinued Operation": NaN,
        "Diluted Average Shares": NaN,
        "Basic Average Shares": NaN,
        "Diluted EPS": NaN,
        "Basic EPS": NaN,
        "Diluted NI Availto Com Stockholders": NaN,
        "Net Income Common Stockholders": NaN,
        "Preferred Stock Dividends": NaN,
        "Net Income": NaN,
        "Net Income Including Noncontrolling Interests": NaN,
        "Net Income Continuous Operations": NaN,
        "Earnings From Equity Interest Net Of Tax": NaN,
        "Tax Provision": NaN,
        "Pretax Income": NaN,
        "Special Income Charges": NaN,
        "Gain On Sale Of Business": NaN,
        "Other Special Charges": 411000000.0,
        "Restructuring And Mergern Acquisition": NaN,
        "Gain On Sale Of Security": NaN,
        "Depreciation Amortization Depletion Income Statement": NaN,
        "Depreciation And Amortization In Income Statement": NaN,
        "Amortization": NaN,
        "Amortization Of Intangibles Income Statement": NaN,
        "Selling General And Administration": NaN,
        "Selling And Marketing Expense": NaN,
        "General And Administrative Expense": NaN,
        "Insurance And Claims": NaN,
        "Salaries And Wages": NaN,
        "Total Revenue": NaN,
        "Operating Revenue": NaN,
        "Occupancy And Equipment": NaN,
        "Professional Expense And Contract Services Expense": NaN,
        "Other Non Interest Expense": NaN
    },
    "2024-04-30": {
        "Tax Effect Of Unusual Items": NaN,
        "Tax Rate For Calcs": NaN,
        "Total Unusual Items": NaN,
        "Total Unusual Items Excluding Goodwill": NaN,
        "Net Income From Continuing Operation Net Minority Interest": NaN,
        "Reconciled Depreciation": NaN,
        "Net Interest Income": NaN,
        "Interest Expense": NaN,
        "Interest Income": NaN,
        "Normalized Income": NaN,
        "Net Income From Continuing And Discontinued Operation": NaN,
        "Diluted Average Shares": 1764100000.0,
        "Basic Average Shares": 1762800000.0,
        "Diluted EPS": 1.35,
        "Basic EPS": 1.35,
        "Diluted NI Availto Com Stockholders": NaN,
        "Net Income Common Stockholders": NaN,
        "Preferred Stock Dividends": NaN,
        "Net Income": NaN,
        "Net Income Including Noncontrolling Interests": NaN,
        "Net Income Continuous Operations": NaN,
        "Earnings From Equity Interest Net Of Tax": NaN,
        "Tax Provision": NaN,
        "Pretax Income": NaN,
        "Special Income Charges": NaN,
        "Gain On Sale Of Business": 0.0,
        "Other Special Charges": 992000000.0,
        "Restructuring And Mergern Acquisition": NaN,
        "Gain On Sale Of Security": NaN,
        "Depreciation Amortization Depletion Income Statement": NaN,
        "Depreciation And Amortization In Income Statement": NaN,
        "Amortization": NaN,
        "Amortization Of Intangibles Income Statement": NaN,
        "Selling General And Administration": NaN,
        "Selling And Marketing Expense": NaN,
        "General And Administrative Expense": NaN,
        "Insurance And Claims": NaN,
        "Salaries And Wages": NaN,
        "Total Revenue": NaN,
        "Operating Revenue": NaN,
        "Occupancy And Equipment": NaN,
        "Professional Expense And Contract Services Expense": NaN,
        "Other Non Interest Expense": NaN
    },
    "2024-07-31": {
        "Tax Effect Of Unusual Items": -575550000.0,
        "Tax Rate For Calcs": 0.15,
        "Total Unusual Items": -3837000000.0,
        "Total Unusual Items Excluding Goodwill": -3837000000.0,
        "Net Income From Continuing Operation Net Minority Interest": -181000000.0,
        "Reconciled Depreciation": 492000000.0,
        "Net Interest Income": 7579000000.0,
        "Interest Expense": 16227000000.0,
        "Interest Income": 23806000000.0,
        "Normalized Income": 3080450000.0,
        "Net Income From Continuing And Discontinued Operation": -181000000.0,
        "Diluted Average Shares": 1747800000.0,
        "Basic Average Shares": 1747800000.0,
        "Diluted EPS": -0.14,
        "Basic EPS": -0.14,
        "Diluted NI Availto Com Stockholders": -250000000.0,
        "Net Income Common Stockholders": -250000000.0,
        "Preferred Stock Dividends": 69000000.0,
        "Net Income": -181000000.0,
        "Net Income Including Noncontrolling Interests": -181000000.0,
        "Net Income Continuous Operations": -181000000.0,
        "Earnings From Equity Interest Net Of Tax": 190000000.0,
        "Tax Provision": 794000000.0,
        "Pretax Income": 423000000.0,
        "Special Income Charges": -3837000000.0,
        "Gain On Sale Of Business": 0.0,
        "Other Special Charges": 3566000000.0,
        "Restructuring And Mergern Acquisition": 271000000.0,
        "Gain On Sale Of Security": -1000000.0,
        "Depreciation Amortization Depletion Income Statement": 173000000.0,
        "Depreciation And Amortization In Income Statement": 173000000.0,
        "Amortization": 173000000.0,
        "Amortization Of Intangibles Income Statement": 173000000.0,
        "Selling General And Administration": 6124000000.0,
        "Selling And Marketing Expense": 366000000.0,
        "General And Administrative Expense": 5758000000.0,
        "Insurance And Claims": 1669000000.0,
        "Salaries And Wages": 4089000000.0,
        "Total Revenue": 14113000000.0,
        "Operating Revenue": 14113000000.0,
        "Occupancy And Equipment": 1135000000.0,
        "Professional Expense And Contract Services Expense": 765000000.0,
        "Other Non Interest Expense": 585000000.0
    },
    "2024-10-31": {
        "Tax Effect Of Unusual Items": 71717364.069156,
        "Tax Rate For Calcs": 0.133801,
        "Total Unusual Items": 536000000.0,
        "Total Unusual Items Excluding Goodwill": 536000000.0,
        "Net Income From Continuing Operation Net Minority Interest": 3635000000.0,
        "Reconciled Depreciation": 544000000.0,
        "Net Interest Income": 7940000000.0,
        "Interest Expense": 15834000000.0,
        "Interest Income": 23774000000.0,
        "Normalized Income": 3170717364.069156,
        "Net Income From Continuing And Discontinued Operation": 3635000000.0,
        "Diluted Average Shares": NaN,
        "Basic Average Shares": NaN,
        "Diluted EPS": NaN,
        "Basic EPS": NaN,
        "Diluted NI Availto Com Stockholders": 3442000000.0,
        "Net Income Common Stockholders": 3442000000.0,
        "Preferred Stock Dividends": 193000000.0,
        "Net Income": 3635000000.0,
        "Net Income Including Noncontrolling Interests": 3635000000.0,
        "Net Income Continuous Operations": 3635000000.0,
        "Earnings From Equity Interest Net Of Tax": 178000000.0,
        "Tax Provision": 534000000.0,
        "Pretax Income": 3991000000.0,
        "Special Income Charges": 536000000.0,
        "Gain On Sale Of Business": NaN,
        "Other Special Charges": -20000000.0,
        "Restructuring And Mergern Acquisition": 487000000.0,
        "Gain On Sale Of Security": 0.0,
        "Depreciation Amortization Depletion Income Statement": 176000000.0,
        "Depreciation And Amortization In Income Statement": 176000000.0,
        "Amortization": 176000000.0,
        "Amortization Of Intangibles Income Statement": 176000000.0,
        "Selling General And Administration": 6875000000.0,
        "Selling And Marketing Expense": 431000000.0,
        "General And Administrative Expense": 6444000000.0,
        "Insurance And Claims": 2364000000.0,
        "Salaries And Wages": 4080000000.0,
        "Total Revenue": 14743000000.0,
        "Operating Revenue": 14743000000.0,
        "Occupancy And Equipment": 1283000000.0,
        "Professional Expense And Contract Services Expense": 1079000000.0,
        "Other Non Interest Expense": 766000000.0
    },
    "2025-01-31": {
        "Tax Effect Of Unusual Items": -221062000.0,
        "Tax Rate For Calcs": 0.214,
        "Total Unusual Items": -1033000000.0,
        "Total Unusual Items Excluding Goodwill": -1033000000.0,
        "Net Income From Continuing Operation Net Minority Interest": 2793000000.0,
        "Reconciled Depreciation": 532000000.0,
        "Net Interest Income": 7866000000.0,
        "Interest Expense": 15006000000.0,
        "Interest Income": 22872000000.0,
        "Normalized Income": 3604938000.0,
        "Net Income From Continuing And Discontinued Operation": 2793000000.0,
        "Diluted Average Shares": 1750700000.0,
        "Basic Average Shares": 1749900000.0,
        "Diluted EPS": 1.55,
        "Basic EPS": 1.55,
        "Diluted NI Availto Com Stockholders": 2707000000.0,
        "Net Income Common Stockholders": 2707000000.0,
        "Preferred Stock Dividends": 86000000.0,
        "Net Income": 2793000000.0,
        "Net Income Including Noncontrolling Interests": 2793000000.0,
        "Net Income Continuous Operations": 2793000000.0,
        "Earnings From Equity Interest Net Of Tax": 231000000.0,
        "Tax Provision": 698000000.0,
        "Pretax Income": 3260000000.0,
        "Special Income Charges": -1033000000.0,
        "Gain On Sale Of Business": NaN,
        "Other Special Charges": NaN,
        "Restructuring And Mergern Acquisition": 1033000000.0,
        "Gain On Sale Of Security": 0.0,
        "Depreciation Amortization Depletion Income Statement": 187000000.0,
        "Depreciation And Amortization In Income Statement": 187000000.0,
        "Amortization": 187000000.0,
        "Amortization Of Intangibles Income Statement": 187000000.0,
        "Selling General And Administration": 6498000000.0,
        "Selling And Marketing Expense": 341000000.0,
        "General And Administrative Expense": 6157000000.0,
        "Insurance And Claims": 1507000000.0,
        "Salaries And Wages": 4650000000.0,
        "Total Revenue": 14901000000.0,
        "Operating Revenue": 14901000000.0,
        "Occupancy And Equipment": 1201000000.0,
        "Professional Expense And Contract Services Expense": 893000000.0,
        "Other Non Interest Expense": 617000000.0
    },
    "2025-04-30": {
        "Tax Effect Of Unusual Items": 623364000.0,
        "Tax Rate For Calcs": 0.082,
        "Total Unusual Items": 7602000000.0,
        "Total Unusual Items Excluding Goodwill": 7602000000.0,
        "Net Income From Continuing Operation Net Minority Interest": 11129000000.0,
        "Reconciled Depreciation": 534000000.0,
        "Net Interest Income": 8125000000.0,
        "Interest Expense": 13457000000.0,
        "Interest Income": 21582000000.0,
        "Normalized Income": 4150364000.0,
        "Net Income From Continuing And Discontinued Operation": 11129000000.0,
        "Diluted Average Shares": 1741700000.0,
        "Basic Average Shares": 1740500000.0,
        "Diluted EPS": 6.27,
        "Basic EPS": 6.28,
        "Diluted NI Availto Com Stockholders": 10929000000.0,
        "Net Income Common Stockholders": 10929000000.0,
        "Preferred Stock Dividends": 200000000.0,
        "Net Income": 11129000000.0,
        "Net Income Including Noncontrolling Interests": 11129000000.0,
        "Net Income Continuous Operations": 11129000000.0,
        "Earnings From Equity Interest Net Of Tax": 74000000.0,
        "Tax Provision": 985000000.0,
        "Pretax Income": 12040000000.0,
        "Special Income Charges": 7602000000.0,
        "Gain On Sale Of Business": 8975000000.0,
        "Other Special Charges": NaN,
        "Restructuring And Mergern Acquisition": 1373000000.0,
        "Gain On Sale Of Security": -1000000.0,
        "Depreciation Amortization Depletion Income Statement": 194000000.0,
        "Depreciation And Amortization In Income Statement": 194000000.0,
        "Amortization": 194000000.0,
        "Amortization Of Intangibles Income Statement": 194000000.0,
        "Selling General And Administration": 6329000000.0,
        "Selling And Marketing Expense": 427000000.0,
        "General And Administrative Expense": 5902000000.0,
        "Insurance And Claims": 1417000000.0,
        "Salaries And Wages": 4485000000.0,
        "Total Revenue": 15004000000.0,
        "Operating Revenue": 15004000000.0,
        "Occupancy And Equipment": 1198000000.0,
        "Professional Expense And Contract Services Expense": 957000000.0,
        "Other Non Interest Expense": 548000000.0
    },
    "2025-07-31": {
        "Tax Effect Of Unusual Items": -145534072.152794,
        "Tax Rate For Calcs": 0.213393,
        "Total Unusual Items": -682000000.0,
        "Total Unusual Items Excluding Goodwill": -682000000.0,
        "Net Income From Continuing Operation Net Minority Interest": 3336000000.0,
        "Reconciled Depreciation": 528000000.0,
        "Net Interest Income": 8526000000.0,
        "Interest Expense": 13218000000.0,
        "Interest Income": 21744000000.0,
        "Normalized Income": 3872465927.847206,
        "Net Income From Continuing And Discontinued Operation": 3336000000.0,
        "Diluted Average Shares": 1718900000.0,
        "Basic Average Shares": 1716700000.0,
        "Diluted EPS": 1.89,
        "Basic EPS": 1.89,
        "Diluted NI Availto Com Stockholders": 3248000000.0,
        "Net Income Common Stockholders": 3248000000.0,
        "Preferred Stock Dividends": 88000000.0,
        "Net Income": 3336000000.0,
        "Net Income Including Noncontrolling Interests": 3336000000.0,
        "Net Income Continuous Operations": 3336000000.0,
        "Earnings From Equity Interest Net Of Tax": 0.0,
        "Tax Provision": 905000000.0,
        "Pretax Income": 4241000000.0,
        "Special Income Charges": -682000000.0,
        "Gain On Sale Of Business": 0.0,
        "Other Special Charges": NaN,
        "Restructuring And Mergern Acquisition": 682000000.0,
        "Gain On Sale Of Security": 1000000.0,
        "Depreciation Amortization Depletion Income Statement": 201000000.0,
        "Depreciation And Amortization In Income Statement": 201000000.0,
        "Amortization": 201000000.0,
        "Amortization Of Intangibles Income Statement": 201000000.0,
        "Selling General And Administration": 6450000000.0,
        "Selling And Marketing Expense": 391000000.0,
        "General And Administrative Expense": 6059000000.0,
        "Insurance And Claims": 1563000000.0,
        "Salaries And Wages": 4496000000.0,
        "Total Revenue": 15482000000.0,
        "Operating Revenue": 15482000000.0,
        "Occupancy And Equipment": 1193000000.0,
        "Professional Expense And Contract Services Expense": 1109000000.0,
        "Other Non Interest Expense": 634000000.0
    }
}