{
    "2023-09-30": {
        "Tax Effect Of Unusual Items": NaN,
        "Tax Rate For Calcs": NaN,
        "Normalized EBITDA": NaN,
        "Total Unusual Items": NaN,
        "Total Unusual Items Excluding Goodwill": NaN,
        "Net Income From Continuing Operation Net Minority Interest": NaN,
        "Reconciled Depreciation": NaN,
        "Reconciled Cost Of Revenue": NaN,
        "EBITDA": NaN,
        "EBIT": NaN,
        "Net Interest Income": NaN,
        "Interest Income": NaN,
        "Normalized Income": NaN,
        "Net Income From Continuing And Discontinued Operation": NaN,
        "Total Expenses": NaN,
        "Total Operating Income As Reported": NaN,
        "Diluted Average Shares": NaN,
        "Basic Average Shares": NaN,
        "Diluted EPS": NaN,
        "Basic EPS": NaN,
        "Diluted NI Availto Com Stockholders": NaN,
        "Net Income Common Stockholders": NaN,
        "Preferred Stock Dividends": NaN,
        "Net Income": NaN,
        "Minority Interests": NaN,
        "Net Income Including Noncontrolling Interests": NaN,
        "Net Income Discontinuous Operations": NaN,
        "Net Income Continuous Operations": NaN,
        "Tax Provision": NaN,
        "Pretax Income": NaN,
        "Other Income Expense": NaN,
        "Other Non Operating Income Expenses": NaN,
        "Special Income Charges": 0.0,
        "Restructuring And Mergern Acquisition": 0.0,
        "Earnings From Equity Interest": -153000.0,
        "Gain On Sale Of Security": NaN,
        "Net Non Operating Interest Income Expense": NaN,
        "Total Other Finance Cost": NaN,
        "Interest Income Non Operating": NaN,
        "Operating Income": NaN,
        "Operating Expense": NaN,
        "Research And Development": 7086000.0,
        "Selling General And Administration": NaN,
        "General And Administrative Expense": NaN,
        "Other Gand A": NaN,
        "Gross Profit": NaN,
        "Cost Of Revenue": NaN,
        "Total Revenue": NaN,
        "Operating Revenue": NaN
    },
    "2023-06-30": {
        "Tax Effect Of Unusual Items": NaN,
        "Tax Rate For Calcs": NaN,
        "Normalized EBITDA": NaN,
        "Total Unusual Items": NaN,
        "Total Unusual Items Excluding Goodwill": NaN,
        "Net Income From Continuing Operation Net Minority Interest": NaN,
        "Reconciled Depreciation": NaN,
        "EBITDA": NaN,
        "EBIT": NaN,
        "Net Interest Income": NaN,
        "Interest Income": NaN,
        "Normalized Income": NaN,
        "Net Income From Continuing And Discontinued Operation": NaN,
        "Total Expenses": NaN,
        "Total Operating Income As Reported": NaN,
        "Diluted Average Shares": 139705000.0,
        "Basic Average Shares": 139705000.0,
        "Diluted EPS": -0.18,
        "Basic EPS": -0.18,
        "Diluted NI Availto Com Stockholders": NaN,
        "Net Income Common Stockholders": NaN,
        "Net Income": NaN,
        "Minority Interests": NaN,
        "Net Income Including Noncontrolling Interests": NaN,
        "Net Income Continuous Operations": NaN,
        "Tax Provision": NaN,
        "Pretax Income": NaN,
        "Other Income Expense": NaN,
        "Other Non Operating Income Expenses": NaN,
        "Special Income Charges": NaN,
        "Restructuring And Mergern Acquisition": NaN,
        "Earnings From Equity Interest": NaN,
        "Gain On Sale Of Security": NaN,
        "Net Non Operating Interest Income Expense": NaN,
        "Interest Income Non Operating": NaN,
        "Operating Income": NaN,
        "Operating Expense": NaN,
        "Research And Development": NaN,
        "Selling General And Administration": NaN,
        "General And Administrative Expense": NaN,
        "Other Gand A": NaN,
        "Total Revenue": NaN,
        "Operating Revenue": NaN
    },
    "2024-09-30": {
        "Tax Effect Of Unusual Items": 0.0,
        "Tax Rate For Calcs": 0.0,
        "Normalized EBITDA": -16025000.0,
        "Total Unusual Items": 1078000.0,
        "Total Unusual Items Excluding Goodwill": 1078000.0,
        "Net Income From Continuing Operation Net Minority Interest": -14098000.0,
        "Reconciled Depreciation": 2450000.0,
        "Reconciled Cost Of Revenue": 0.0,
        "EBITDA": -14947000.0,
        "EBIT": -17397000.0,
        "Net Interest Income": 1074000.0,
        "Interest Expense": NaN,
        "Interest Income": 1074000.0,
        "Normalized Income": -15176000.0,
        "Net Income From Continuing And Discontinued Operation": -27475000.0,
        "Total Expenses": 17397000.0,
        "Total Operating Income As Reported": -17397000.0,
        "Diluted Average Shares": 140490000.0,
        "Basic Average Shares": 140490000.0,
        "Diluted EPS": -0.2,
        "Basic EPS": -0.2,
        "Diluted NI Availto Com Stockholders": -27475000.0,
        "Net Income Common Stockholders": -27475000.0,
        "Preferred Stock Dividends": NaN,
        "Net Income": -27475000.0,
        "Minority Interests": 81000.0,
        "Net Income Including Noncontrolling Interests": -27556000.0,
        "Net Income Discontinuous Operations": -13377000.0,
        "Net Income Continuous Operations": -14179000.0,
        "Tax Provision": 0.0,
        "Pretax Income": -14179000.0,
        "Other Income Expense": 2144000.0,
        "Other Non Operating Income Expenses": 1066000.0,
        "Special Income Charges": 0.0,
        "Impairment Of Capital Assets": 0.0,
        "Restructuring And Mergern Acquisition": 4507000.0,
        "Earnings From Equity Interest": -150000.0,
        "Gain On Sale Of Security": 1078000.0,
        "Net Non Operating Interest Income Expense": 1074000.0,
        "Total Other Finance Cost": NaN,
        "Interest Expense Non Operating": NaN,
        "Interest Income Non Operating": 1074000.0,
        "Operating Income": -17397000.0,
        "Operating Expense": 17397000.0,
        "Research And Development": 8616000.0,
        "Selling General And Administration": 17397000.0,
        "General And Administrative Expense": 18515000.0,
        "Other Gand A": 18515000.0,
        "Gross Profit": 0.0,
        "Cost Of Revenue": 0.0,
        "Total Revenue": 0.0,
        "Operating Revenue": 0.0
    },
    "2024-06-30": {
        "Tax Effect Of Unusual Items": NaN,
        "Tax Rate For Calcs": NaN,
        "Normalized EBITDA": NaN,
        "Total Unusual Items": NaN,
        "Total Unusual Items Excluding Goodwill": NaN,
        "Net Income From Continuing Operation Net Minority Interest": NaN,
        "Reconciled Depreciation": NaN,
        "Reconciled Cost Of Revenue": 0.0,
        "EBITDA": NaN,
        "EBIT": NaN,
        "Net Interest Income": NaN,
        "Interest Expense": NaN,
        "Interest Income": 1148000.0,
        "Normalized Income": NaN,
        "Net Income From Continuing And Discontinued Operation": NaN,
        "Total Expenses": NaN,
        "Total Operating Income As Reported": NaN,
        "Diluted Average Shares": NaN,
        "Basic Average Shares": NaN,
        "Diluted EPS": NaN,
        "Basic EPS": NaN,
        "Diluted NI Availto Com Stockholders": NaN,
        "Net Income Common Stockholders": NaN,
        "Preferred Stock Dividends": NaN,
        "Net Income": NaN,
        "Minority Interests": NaN,
        "Net Income Including Noncontrolling Interests": NaN,
        "Net Income Discontinuous Operations": -16814000.0,
        "Net Income Continuous Operations": NaN,
        "Tax Provision": NaN,
        "Pretax Income": NaN,
        "Other Income Expense": NaN,
        "Other Non Operating Income Expenses": NaN,
        "Special Income Charges": NaN,
        "Impairment Of Capital Assets": NaN,
        "Restructuring And Mergern Acquisition": NaN,
        "Earnings From Equity Interest": -178000.0,
        "Gain On Sale Of Security": NaN,
        "Net Non Operating Interest Income Expense": NaN,
        "Total Other Finance Cost": -1148000.0,
        "Interest Expense Non Operating": NaN,
        "Interest Income Non Operating": 1148000.0,
        "Operating Income": NaN,
        "Operating Expense": NaN,
        "Research And Development": 10493000.0,
        "Selling General And Administration": NaN,
        "General And Administrative Expense": 20107000.0,
        "Other Gand A": 20107000.0,
        "Gross Profit": 0.0,
        "Cost Of Revenue": 0.0,
        "Total Revenue": NaN,
        "Operating Revenue": NaN
    },
    "2024-03-31": {
        "Tax Effect Of Unusual Items": NaN,
        "Tax Rate For Calcs": NaN,
        "Normalized EBITDA": NaN,
        "Total Unusual Items": NaN,
        "Total Unusual Items Excluding Goodwill": NaN,
        "Net Income From Continuing Operation Net Minority Interest": NaN,
        "Reconciled Depreciation": NaN,
        "Reconciled Cost Of Revenue": NaN,
        "EBITDA": NaN,
        "EBIT": NaN,
        "Net Interest Income": NaN,
        "Interest Expense": NaN,
        "Interest Income": 1405000.0,
        "Normalized Income": NaN,
        "Net Income From Continuing And Discontinued Operation": NaN,
        "Total Expenses": NaN,
        "Total Operating Income As Reported": NaN,
        "Diluted Average Shares": NaN,
        "Basic Average Shares": NaN,
        "Diluted EPS": NaN,
        "Basic EPS": NaN,
        "Diluted NI Availto Com Stockholders": NaN,
        "Net Income Common Stockholders": NaN,
        "Preferred Stock Dividends": NaN,
        "Net Income": NaN,
        "Minority Interests": NaN,
        "Net Income Including Noncontrolling Interests": NaN,
        "Net Income Discontinuous Operations": NaN,
        "Net Income Continuous Operations": NaN,
        "Tax Provision": NaN,
        "Pretax Income": NaN,
        "Other Income Expense": NaN,
        "Other Non Operating Income Expenses": NaN,
        "Special Income Charges": NaN,
        "Impairment Of Capital Assets": NaN,
        "Restructuring And Mergern Acquisition": NaN,
        "Earnings From Equity Interest": -156000.0,
        "Gain On Sale Of Security": NaN,
        "Net Non Operating Interest Income Expense": NaN,
        "Total Other Finance Cost": -1405000.0,
        "Interest Expense Non Operating": NaN,
        "Interest Income Non Operating": 1405000.0,
        "Operating Income": NaN,
        "Operating Expense": NaN,
        "Research And Development": 11745000.0,
        "Selling General And Administration": NaN,
        "General And Administrative Expense": 22901000.0,
        "Other Gand A": 22901000.0,
        "Gross Profit": NaN,
        "Cost Of Revenue": NaN,
        "Total Revenue": NaN,
        "Operating Revenue": NaN
    },
    "2023-12-31": {
        "Tax Effect Of Unusual Items": NaN,
        "Tax Rate For Calcs": NaN,
        "Normalized EBITDA": NaN,
        "Total Unusual Items": NaN,
        "Total Unusual Items Excluding Goodwill": NaN,
        "Net Income From Continuing Operation Net Minority Interest": NaN,
        "Reconciled Depreciation": NaN,
        "Reconciled Cost Of Revenue": NaN,
        "EBITDA": NaN,
        "EBIT": NaN,
        "Net Interest Income": NaN,
        "Interest Income": 3907000.0,
        "Normalized Income": NaN,
        "Net Income From Continuing And Discontinued Operation": NaN,
        "Total Expenses": NaN,
        "Total Operating Income As Reported": NaN,
        "Diluted Average Shares": NaN,
        "Basic Average Shares": NaN,
        "Diluted EPS": NaN,
        "Basic EPS": NaN,
        "Diluted NI Availto Com Stockholders": NaN,
        "Net Income Common Stockholders": NaN,
        "Preferred Stock Dividends": NaN,
        "Net Income": NaN,
        "Minority Interests": NaN,
        "Net Income Including Noncontrolling Interests": NaN,
        "Net Income Discontinuous Operations": NaN,
        "Net Income Continuous Operations": NaN,
        "Tax Provision": NaN,
        "Pretax Income": NaN,
        "Other Income Expense": NaN,
        "Other Non Operating Income Expenses": NaN,
        "Special Income Charges": NaN,
        "Restructuring And Mergern Acquisition": NaN,
        "Earnings From Equity Interest": -171000.0,
        "Gain On Sale Of Security": NaN,
        "Net Non Operating Interest Income Expense": NaN,
        "Total Other Finance Cost": NaN,
        "Interest Income Non Operating": 3907000.0,
        "Operating Income": NaN,
        "Operating Expense": NaN,
        "Research And Development": 10162000.0,
        "Selling General And Administration": NaN,
        "General And Administrative Expense": 22728000.0,
        "Other Gand A": 22728000.0,
        "Gross Profit": NaN,
        "Cost Of Revenue": NaN,
        "Total Revenue": NaN,
        "Operating Revenue": NaN
    },
    "2024-12-31": {
        "Tax Effect Of Unusual Items": -2840880.0,
        "Tax Rate For Calcs": 0.21,
        "Normalized EBITDA": 34932000.0,
        "Total Unusual Items": -13528000.0,
        "Total Unusual Items Excluding Goodwill": -13528000.0,
        "Net Income From Continuing Operation Net Minority Interest": 18767000.0,
        "Reconciled Depreciation": 3427000.0,
        "Reconciled Cost Of Revenue": NaN,
        "EBITDA": 21404000.0,
        "EBIT": 17977000.0,
        "Net Interest Income": -234000.0,
        "Interest Expense": NaN,
        "Interest Income": -234000.0,
        "Normalized Income": 29454120.0,
        "Net Income From Continuing And Discontinued Operation": -367147000.0,
        "Total Expenses": -15035000.0,
        "Total Operating Income As Reported": 23105000.0,
        "Diluted Average Shares": 141848000.0,
        "Basic Average Shares": 141848000.0,
        "Diluted EPS": -2.59,
        "Basic EPS": -2.59,
        "Diluted NI Availto Com Stockholders": -367234000.0,
        "Net Income Common Stockholders": -367234000.0,
        "Preferred Stock Dividends": NaN,
        "Net Income": -367147000.0,
        "Minority Interests": 0.0,
        "Net Income Including Noncontrolling Interests": -367147000.0,
        "Net Income Discontinuous Operations": NaN,
        "Net Income Continuous Operations": 18767000.0,
        "Tax Provision": -15771000.0,
        "Pretax Income": 2996000.0,
        "Other Income Expense": -14747000.0,
        "Other Non Operating Income Expenses": -1703000.0,
        "Special Income Charges": NaN,
        "Impairment Of Capital Assets": NaN,
        "Restructuring And Mergern Acquisition": NaN,
        "Earnings From Equity Interest": NaN,
        "Gain On Sale Of Security": -18172000.0,
        "Net Non Operating Interest Income Expense": -234000.0,
        "Total Other Finance Cost": NaN,
        "Interest Expense Non Operating": NaN,
        "Interest Income Non Operating": -234000.0,
        "Operating Income": 17977000.0,
        "Operating Expense": -16749000.0,
        "Research And Development": NaN,
        "Selling General And Administration": 14105000.0,
        "General And Administrative Expense": 14105000.0,
        "Other Gand A": 14105000.0,
        "Gross Profit": NaN,
        "Cost Of Revenue": NaN,
        "Total Revenue": 2942000.0,
        "Operating Revenue": 2942000.0
    },
    "2025-03-31": {
        "Tax Effect Of Unusual Items": 10123821.600481,
        "Tax Rate For Calcs": 0.378008,
        "Normalized EBITDA": -35715000.0,
        "Total Unusual Items": 26782000.0,
        "Total Unusual Items Excluding Goodwill": 26782000.0,
        "Net Income From Continuing Operation Net Minority Interest": -4135000.0,
        "Reconciled Depreciation": 14678000.0,
        "Reconciled Cost Of Revenue": 35671000.0,
        "EBITDA": -8933000.0,
        "EBIT": -23611000.0,
        "Net Interest Income": -9853000.0,
        "Interest Expense": NaN,
        "Interest Income": NaN,
        "Normalized Income": -20793178.399519,
        "Net Income From Continuing And Discontinued Operation": -16239000.0,
        "Total Expenses": 77063000.0,
        "Total Operating Income As Reported": -23611000.0,
        "Diluted Average Shares": 155933000.0,
        "Basic Average Shares": 155933000.0,
        "Diluted EPS": -0.11,
        "Basic EPS": -0.11,
        "Diluted NI Availto Com Stockholders": -17130000.0,
        "Net Income Common Stockholders": -17130000.0,
        "Preferred Stock Dividends": 891000.0,
        "Net Income": -16239000.0,
        "Minority Interests": 0.0,
        "Net Income Including Noncontrolling Interests": -16239000.0,
        "Net Income Discontinuous Operations": -12104000.0,
        "Net Income Continuous Operations": -4135000.0,
        "Tax Provision": -2513000.0,
        "Pretax Income": -6648000.0,
        "Other Income Expense": 26816000.0,
        "Other Non Operating Income Expenses": 34000.0,
        "Special Income Charges": NaN,
        "Impairment Of Capital Assets": NaN,
        "Restructuring And Mergern Acquisition": NaN,
        "Earnings From Equity Interest": NaN,
        "Gain On Sale Of Security": 26782000.0,
        "Net Non Operating Interest Income Expense": -9853000.0,
        "Total Other Finance Cost": 9853000.0,
        "Interest Expense Non Operating": NaN,
        "Interest Income Non Operating": NaN,
        "Operating Income": -23611000.0,
        "Operating Expense": 41392000.0,
        "Research And Development": NaN,
        "Selling General And Administration": 41392000.0,
        "General And Administrative Expense": NaN,
        "Other Gand A": NaN,
        "Gross Profit": 17781000.0,
        "Cost Of Revenue": 35671000.0,
        "Total Revenue": 53452000.0,
        "Operating Revenue": 53452000.0
    },
    "2025-06-30": {
        "Tax Effect Of Unusual Items": 126133.238163,
        "Tax Rate For Calcs": 0.158062,
        "Normalized EBITDA": -1089000.0,
        "Total Unusual Items": 798000.0,
        "Total Unusual Items Excluding Goodwill": 798000.0,
        "Net Income From Continuing Operation Net Minority Interest": -31848000.0,
        "Reconciled Depreciation": 28920000.0,
        "Reconciled Cost Of Revenue": 100006000.0,
        "EBITDA": -291000.0,
        "EBIT": -29211000.0,
        "Net Interest Income": -8045000.0,
        "Interest Expense": NaN,
        "Interest Income": NaN,
        "Normalized Income": -32519866.761837,
        "Net Income From Continuing And Discontinued Operation": -31909000.0,
        "Total Expenses": 161978000.0,
        "Total Operating Income As Reported": -29211000.0,
        "Diluted Average Shares": 155938000.0,
        "Basic Average Shares": 155938000.0,
        "Diluted EPS": -0.21,
        "Basic EPS": -0.21,
        "Diluted NI Availto Com Stockholders": -32800000.0,
        "Net Income Common Stockholders": -32800000.0,
        "Preferred Stock Dividends": 891000.0,
        "Net Income": -31909000.0,
        "Minority Interests": 0.0,
        "Net Income Including Noncontrolling Interests": -31909000.0,
        "Net Income Discontinuous Operations": -61000.0,
        "Net Income Continuous Operations": -31848000.0,
        "Tax Provision": -5979000.0,
        "Pretax Income": -37827000.0,
        "Other Income Expense": -571000.0,
        "Other Non Operating Income Expenses": -1369000.0,
        "Special Income Charges": NaN,
        "Impairment Of Capital Assets": NaN,
        "Restructuring And Mergern Acquisition": NaN,
        "Earnings From Equity Interest": NaN,
        "Gain On Sale Of Security": 798000.0,
        "Net Non Operating Interest Income Expense": -8045000.0,
        "Total Other Finance Cost": 8045000.0,
        "Interest Expense Non Operating": NaN,
        "Interest Income Non Operating": NaN,
        "Operating Income": -29211000.0,
        "Operating Expense": 61972000.0,
        "Research And Development": NaN,
        "Selling General And Administration": 61972000.0,
        "General And Administrative Expense": NaN,
        "Other Gand A": NaN,
        "Gross Profit": 32761000.0,
        "Cost Of Revenue": 100006000.0,
        "Total Revenue": 132767000.0,
        "Operating Revenue": 132767000.0
    },
    "2025-09-30": {
        "Tax Effect Of Unusual Items": -7646297.767691,
        "Tax Rate For Calcs": 0.086507,
        "Normalized EBITDA": -16860000.0,
        "Total Unusual Items": -88389000.0,
        "Total Unusual Items Excluding Goodwill": -88389000.0,
        "Net Income From Continuing Operation Net Minority Interest": -127593000.0,
        "Reconciled Depreciation": 25032000.0,
        "Reconciled Cost Of Revenue": 189374000.0,
        "EBITDA": -105249000.0,
        "EBIT": -130281000.0,
        "Net Interest Income": -9395000.0,
        "Interest Expense": 9395000.0,
        "Interest Income": NaN,
        "Normalized Income": -46850297.767691,
        "Net Income From Continuing And Discontinued Operation": -130559000.0,
        "Total Expenses": 252037000.0,
        "Total Operating Income As Reported": -94723000.0,
        "Diluted Average Shares": 160977000.0,
        "Basic Average Shares": 160977000.0,
        "Diluted EPS": -0.87,
        "Basic EPS": -0.87,
        "Diluted NI Availto Com Stockholders": -140822000.0,
        "Net Income Common Stockholders": -140822000.0,
        "Preferred Stock Dividends": 10263000.0,
        "Net Income": -130559000.0,
        "Minority Interests": 0.0,
        "Net Income Including Noncontrolling Interests": -130559000.0,
        "Net Income Discontinuous Operations": -2966000.0,
        "Net Income Continuous Operations": -127593000.0,
        "Tax Provision": -12083000.0,
        "Pretax Income": -139676000.0,
        "Other Income Expense": -88766000.0,
        "Other Non Operating Income Expenses": -377000.0,
        "Special Income Charges": -53208000.0,
        "Impairment Of Capital Assets": 53208000.0,
        "Restructuring And Mergern Acquisition": NaN,
        "Earnings From Equity Interest": NaN,
        "Gain On Sale Of Security": -35181000.0,
        "Net Non Operating Interest Income Expense": -9395000.0,
        "Total Other Finance Cost": NaN,
        "Interest Expense Non Operating": 9395000.0,
        "Interest Income Non Operating": NaN,
        "Operating Income": -41515000.0,
        "Operating Expense": 62663000.0,
        "Research And Development": NaN,
        "Selling General And Administration": 62663000.0,
        "General And Administrative Expense": NaN,
        "Other Gand A": NaN,
        "Gross Profit": 21148000.0,
        "Cost Of Revenue": 189374000.0,
        "Total Revenue": 210522000.0,
        "Operating Revenue": 210522000.0
    }
}