{
    "2025-03-31": {
        "Tax Effect Of Unusual Items": -4441242.0,
        "Tax Rate For Calcs": 0.194,
        "Normalized EBITDA": -8670000.0,
        "Total Unusual Items": -22893000.0,
        "Total Unusual Items Excluding Goodwill": -22893000.0,
        "Net Income From Continuing Operation Net Minority Interest": -54843000.0,
        "Reconciled Depreciation": 12873000.0,
        "Reconciled Cost Of Revenue": 203707000.0,
        "EBITDA": -31563000.0,
        "EBIT": -44436000.0,
        "Net Interest Income": -23608000.0,
        "Interest Expense": 23608000.0,
        "Interest Income": NaN,
        "Normalized Income": -36391242.0,
        "Net Income From Continuing And Discontinued Operation": -54843000.0,
        "Total Expenses": 307900000.0,
        "Total Operating Income As Reported": -44436000.0,
        "Diluted Average Shares": 77954579.0,
        "Basic Average Shares": 77954579.0,
        "Diluted EPS": -0.7,
        "Basic EPS": -0.7,
        "Diluted NI Availto Com Stockholders": -54843000.0,
        "Net Income Common Stockholders": -54843000.0,
        "Otherunder Preferred Stock Dividend": NaN,
        "Net Income": -54843000.0,
        "Net Income Including Noncontrolling Interests": -54843000.0,
        "Net Income Continuous Operations": -54843000.0,
        "Tax Provision": -13201000.0,
        "Pretax Income": -68044000.0,
        "Other Income Expense": -22893000.0,
        "Special Income Charges": -22893000.0,
        "Other Special Charges": NaN,
        "Write Off": 15614000.0,
        "Impairment Of Capital Assets": 15614000.0,
        "Restructuring And Mergern Acquisition": 7279000.0,
        "Net Non Operating Interest Income Expense": -23608000.0,
        "Interest Expense Non Operating": 23608000.0,
        "Interest Income Non Operating": NaN,
        "Operating Income": -21543000.0,
        "Operating Expense": 104193000.0,
        "Research And Development": 13979000.0,
        "Selling General And Administration": 90214000.0,
        "Selling And Marketing Expense": 53737000.0,
        "General And Administrative Expense": 36477000.0,
        "Other Gand A": 36477000.0,
        "Gross Profit": 82650000.0,
        "Cost Of Revenue": 203707000.0,
        "Total Revenue": 286357000.0,
        "Operating Revenue": 286357000.0
    },
    "2024-12-31": {
        "Tax Effect Of Unusual Items": 0.0,
        "Tax Rate For Calcs": 0.21,
        "Normalized EBITDA": 9042000.0,
        "Total Unusual Items": 0.0,
        "Total Unusual Items Excluding Goodwill": 0.0,
        "Net Income From Continuing Operation Net Minority Interest": -167000.0,
        "Reconciled Depreciation": 4985000.0,
        "Reconciled Cost Of Revenue": 178524000.0,
        "EBITDA": 9042000.0,
        "EBIT": 4057000.0,
        "Net Interest Income": 823000.0,
        "Interest Expense": 699000.0,
        "Interest Income": 1522000.0,
        "Normalized Income": -167000.0,
        "Net Income From Continuing And Discontinued Operation": -167000.0,
        "Total Expenses": 232051000.0,
        "Total Operating Income As Reported": 2535000.0,
        "Diluted Average Shares": 49767704.0,
        "Basic Average Shares": 49767704.0,
        "Diluted EPS": 0.0,
        "Basic EPS": 0.0,
        "Diluted NI Availto Com Stockholders": -158000.0,
        "Net Income Common Stockholders": 4667000.0,
        "Otherunder Preferred Stock Dividend": NaN,
        "Net Income": -167000.0,
        "Net Income Including Noncontrolling Interests": -167000.0,
        "Net Income Continuous Operations": -167000.0,
        "Tax Provision": 3525000.0,
        "Pretax Income": 3358000.0,
        "Other Income Expense": 0.0,
        "Special Income Charges": 0.0,
        "Other Special Charges": 0.0,
        "Write Off": NaN,
        "Impairment Of Capital Assets": NaN,
        "Restructuring And Mergern Acquisition": NaN,
        "Net Non Operating Interest Income Expense": 823000.0,
        "Interest Expense Non Operating": 699000.0,
        "Interest Income Non Operating": 1522000.0,
        "Operating Income": 2535000.0,
        "Operating Expense": 53527000.0,
        "Research And Development": 9434000.0,
        "Selling General And Administration": 44093000.0,
        "Selling And Marketing Expense": 25736000.0,
        "General And Administrative Expense": 18357000.0,
        "Other Gand A": 18357000.0,
        "Gross Profit": 56062000.0,
        "Cost Of Revenue": 178524000.0,
        "Total Revenue": 234586000.0,
        "Operating Revenue": 234586000.0
    },
    "2024-09-30": {
        "Tax Effect Of Unusual Items": 1361210.0,
        "Tax Rate For Calcs": 0.155,
        "Normalized EBITDA": 5430000.0,
        "Total Unusual Items": 8782000.0,
        "Total Unusual Items Excluding Goodwill": 8782000.0,
        "Net Income From Continuing Operation Net Minority Interest": 6696000.0,
        "Reconciled Depreciation": 4843000.0,
        "Reconciled Cost Of Revenue": 175308000.0,
        "EBITDA": 14212000.0,
        "EBIT": 9369000.0,
        "Net Interest Income": 2092000.0,
        "Interest Expense": 1444000.0,
        "Interest Income": 3536000.0,
        "Normalized Income": -724790.0,
        "Net Income From Continuing And Discontinued Operation": 6696000.0,
        "Total Expenses": 227126000.0,
        "Total Operating Income As Reported": -2949000.0,
        "Diluted Average Shares": 53908058.0,
        "Basic Average Shares": 49325518.0,
        "Diluted EPS": 0.01,
        "Basic EPS": 0.14,
        "Diluted NI Availto Com Stockholders": 523000.0,
        "Net Income Common Stockholders": 523000.0,
        "Otherunder Preferred Stock Dividend": 6173000.0,
        "Net Income": 6696000.0,
        "Net Income Including Noncontrolling Interests": 6696000.0,
        "Net Income Continuous Operations": 6696000.0,
        "Tax Provision": 1229000.0,
        "Pretax Income": 7925000.0,
        "Other Income Expense": 8782000.0,
        "Special Income Charges": 8782000.0,
        "Other Special Charges": -8782000.0,
        "Write Off": NaN,
        "Impairment Of Capital Assets": NaN,
        "Restructuring And Mergern Acquisition": NaN,
        "Net Non Operating Interest Income Expense": 2092000.0,
        "Interest Expense Non Operating": 1444000.0,
        "Interest Income Non Operating": 3536000.0,
        "Operating Income": -2949000.0,
        "Operating Expense": 51818000.0,
        "Research And Development": 9053000.0,
        "Selling General And Administration": 42765000.0,
        "Selling And Marketing Expense": 23201000.0,
        "General And Administrative Expense": 19564000.0,
        "Other Gand A": 19564000.0,
        "Gross Profit": 48869000.0,
        "Cost Of Revenue": 175308000.0,
        "Total Revenue": 224177000.0,
        "Operating Revenue": 224177000.0
    },
    "2024-06-30": {
        "Tax Effect Of Unusual Items": -208500.0,
        "Tax Rate For Calcs": 0.362609,
        "Normalized EBITDA": 2445000.0,
        "Total Unusual Items": -575000.0,
        "Total Unusual Items Excluding Goodwill": -575000.0,
        "Net Income From Continuing Operation Net Minority Interest": -2199000.0,
        "Reconciled Depreciation": 4751000.0,
        "Reconciled Cost Of Revenue": 168572000.0,
        "EBITDA": 1870000.0,
        "EBIT": -2881000.0,
        "Net Interest Income": 2177000.0,
        "Interest Expense": 569000.0,
        "Interest Income": 2746000.0,
        "Normalized Income": -1832500.0,
        "Net Income From Continuing And Discontinued Operation": -2199000.0,
        "Total Expenses": 219200000.0,
        "Total Operating Income As Reported": -5627000.0,
        "Diluted Average Shares": 48922017.0,
        "Basic Average Shares": 48922017.0,
        "Diluted EPS": -0.04,
        "Basic EPS": -0.04,
        "Diluted NI Availto Com Stockholders": -2199000.0,
        "Net Income Common Stockholders": -2199000.0,
        "Otherunder Preferred Stock Dividend": NaN,
        "Net Income": -2199000.0,
        "Net Income Including Noncontrolling Interests": -2199000.0,
        "Net Income Continuous Operations": -2199000.0,
        "Tax Provision": -1251000.0,
        "Pretax Income": -3450000.0,
        "Other Income Expense": -575000.0,
        "Special Income Charges": -575000.0,
        "Other Special Charges": NaN,
        "Write Off": NaN,
        "Impairment Of Capital Assets": 0.0,
        "Restructuring And Mergern Acquisition": 575000.0,
        "Net Non Operating Interest Income Expense": 2177000.0,
        "Interest Expense Non Operating": 569000.0,
        "Interest Income Non Operating": 2746000.0,
        "Operating Income": -5052000.0,
        "Operating Expense": 50628000.0,
        "Research And Development": 9330000.0,
        "Selling General And Administration": 41298000.0,
        "Selling And Marketing Expense": 24377000.0,
        "General And Administrative Expense": 16921000.0,
        "Other Gand A": 16921000.0,
        "Gross Profit": 45576000.0,
        "Cost Of Revenue": 168572000.0,
        "Total Revenue": 214148000.0,
        "Operating Revenue": 214148000.0
    },
    "2024-03-31": {
        "Tax Effect Of Unusual Items": NaN,
        "Tax Rate For Calcs": NaN,
        "Normalized EBITDA": NaN,
        "Total Unusual Items": NaN,
        "Total Unusual Items Excluding Goodwill": NaN,
        "Net Income From Continuing Operation Net Minority Interest": NaN,
        "Reconciled Depreciation": NaN,
        "Reconciled Cost Of Revenue": NaN,
        "EBITDA": NaN,
        "EBIT": NaN,
        "Net Interest Income": NaN,
        "Interest Expense": NaN,
        "Interest Income": 1405000.0,
        "Normalized Income": NaN,
        "Net Income From Continuing And Discontinued Operation": NaN,
        "Total Expenses": NaN,
        "Total Operating Income As Reported": NaN,
        "Diluted Average Shares": NaN,
        "Basic Average Shares": NaN,
        "Diluted EPS": NaN,
        "Basic EPS": NaN,
        "Diluted NI Availto Com Stockholders": NaN,
        "Net Income Common Stockholders": NaN,
        "Otherunder Preferred Stock Dividend": NaN,
        "Net Income": NaN,
        "Net Income Including Noncontrolling Interests": NaN,
        "Net Income Continuous Operations": NaN,
        "Tax Provision": NaN,
        "Pretax Income": NaN,
        "Other Income Expense": NaN,
        "Special Income Charges": NaN,
        "Other Special Charges": NaN,
        "Write Off": 0.0,
        "Impairment Of Capital Assets": 0.0,
        "Restructuring And Mergern Acquisition": 167000.0,
        "Net Non Operating Interest Income Expense": NaN,
        "Interest Expense Non Operating": NaN,
        "Interest Income Non Operating": 1405000.0,
        "Operating Income": NaN,
        "Operating Expense": NaN,
        "Research And Development": NaN,
        "Selling General And Administration": NaN,
        "Selling And Marketing Expense": NaN,
        "General And Administrative Expense": NaN,
        "Other Gand A": NaN,
        "Gross Profit": NaN,
        "Cost Of Revenue": NaN,
        "Total Revenue": NaN,
        "Operating Revenue": NaN
    },
    "2023-12-31": {
        "Tax Effect Of Unusual Items": NaN,
        "Tax Rate For Calcs": NaN,
        "Normalized EBITDA": NaN,
        "Total Unusual Items": NaN,
        "Total Unusual Items Excluding Goodwill": NaN,
        "Net Income From Continuing Operation Net Minority Interest": NaN,
        "Reconciled Depreciation": NaN,
        "Reconciled Cost Of Revenue": NaN,
        "EBITDA": NaN,
        "EBIT": NaN,
        "Net Interest Income": NaN,
        "Interest Expense": NaN,
        "Interest Income": 2060000.0,
        "Normalized Income": NaN,
        "Net Income From Continuing And Discontinued Operation": NaN,
        "Total Expenses": NaN,
        "Total Operating Income As Reported": NaN,
        "Diluted Average Shares": NaN,
        "Basic Average Shares": NaN,
        "Diluted EPS": NaN,
        "Basic EPS": NaN,
        "Diluted NI Availto Com Stockholders": NaN,
        "Net Income Common Stockholders": NaN,
        "Otherunder Preferred Stock Dividend": NaN,
        "Net Income": NaN,
        "Net Income Including Noncontrolling Interests": NaN,
        "Net Income Continuous Operations": NaN,
        "Tax Provision": NaN,
        "Pretax Income": NaN,
        "Other Income Expense": NaN,
        "Special Income Charges": NaN,
        "Other Special Charges": NaN,
        "Write Off": NaN,
        "Impairment Of Capital Assets": NaN,
        "Restructuring And Mergern Acquisition": NaN,
        "Net Non Operating Interest Income Expense": NaN,
        "Interest Expense Non Operating": NaN,
        "Interest Income Non Operating": 2060000.0,
        "Operating Income": NaN,
        "Operating Expense": NaN,
        "Research And Development": NaN,
        "Selling General And Administration": NaN,
        "Selling And Marketing Expense": NaN,
        "General And Administrative Expense": NaN,
        "Other Gand A": NaN,
        "Gross Profit": NaN,
        "Cost Of Revenue": NaN,
        "Total Revenue": NaN,
        "Operating Revenue": NaN
    },
    "2023-09-30": {
        "Tax Effect Of Unusual Items": NaN,
        "Tax Rate For Calcs": NaN,
        "Normalized EBITDA": NaN,
        "Total Unusual Items": NaN,
        "Total Unusual Items Excluding Goodwill": NaN,
        "Net Income From Continuing Operation Net Minority Interest": NaN,
        "Reconciled Depreciation": NaN,
        "Reconciled Cost Of Revenue": NaN,
        "EBITDA": NaN,
        "EBIT": NaN,
        "Net Interest Income": NaN,
        "Interest Expense": NaN,
        "Interest Income": NaN,
        "Normalized Income": NaN,
        "Net Income From Continuing And Discontinued Operation": NaN,
        "Total Expenses": NaN,
        "Total Operating Income As Reported": NaN,
        "Diluted Average Shares": NaN,
        "Basic Average Shares": NaN,
        "Diluted EPS": NaN,
        "Basic EPS": NaN,
        "Diluted NI Availto Com Stockholders": NaN,
        "Net Income Common Stockholders": NaN,
        "Otherunder Preferred Stock Dividend": 0.0,
        "Net Income": NaN,
        "Net Income Including Noncontrolling Interests": NaN,
        "Net Income Continuous Operations": NaN,
        "Tax Provision": NaN,
        "Pretax Income": NaN,
        "Other Income Expense": NaN,
        "Special Income Charges": NaN,
        "Other Special Charges": NaN,
        "Write Off": NaN,
        "Restructuring And Mergern Acquisition": NaN,
        "Net Non Operating Interest Income Expense": NaN,
        "Interest Expense Non Operating": NaN,
        "Interest Income Non Operating": NaN,
        "Operating Income": NaN,
        "Operating Expense": NaN,
        "Research And Development": NaN,
        "Selling General And Administration": NaN,
        "Selling And Marketing Expense": NaN,
        "General And Administrative Expense": NaN,
        "Other Gand A": NaN,
        "Gross Profit": NaN,
        "Cost Of Revenue": NaN,
        "Total Revenue": NaN,
        "Operating Revenue": NaN
    },
    "2025-06-30": {
        "Tax Effect Of Unusual Items": -128698.116029,
        "Tax Rate For Calcs": 0.286633,
        "Normalized EBITDA": 17752000.0,
        "Total Unusual Items": -449000.0,
        "Total Unusual Items Excluding Goodwill": -449000.0,
        "Net Income From Continuing Operation Net Minority Interest": -14313000.0,
        "Reconciled Depreciation": 18337000.0,
        "Reconciled Cost Of Revenue": 222832000.0,
        "EBITDA": 17303000.0,
        "EBIT": -1034000.0,
        "Net Interest Income": -19030000.0,
        "Interest Expense": 19030000.0,
        "Interest Income": NaN,
        "Normalized Income": -13992698.116029,
        "Net Income From Continuing And Discontinued Operation": -14313000.0,
        "Total Expenses": 343681000.0,
        "Total Operating Income As Reported": -2259000.0,
        "Diluted Average Shares": 94492931.0,
        "Basic Average Shares": 94492931.0,
        "Diluted EPS": -0.15,
        "Basic EPS": -0.15,
        "Diluted NI Availto Com Stockholders": -14313000.0,
        "Net Income Common Stockholders": -14313000.0,
        "Otherunder Preferred Stock Dividend": NaN,
        "Net Income": -14313000.0,
        "Net Income Including Noncontrolling Interests": -14313000.0,
        "Net Income Continuous Operations": -14313000.0,
        "Tax Provision": -5751000.0,
        "Pretax Income": -20064000.0,
        "Other Income Expense": -449000.0,
        "Special Income Charges": -449000.0,
        "Other Special Charges": -1225000.0,
        "Write Off": NaN,
        "Impairment Of Capital Assets": 0.0,
        "Restructuring And Mergern Acquisition": 1674000.0,
        "Net Non Operating Interest Income Expense": -19030000.0,
        "Interest Expense Non Operating": 19030000.0,
        "Interest Income Non Operating": NaN,
        "Operating Income": -585000.0,
        "Operating Expense": 120849000.0,
        "Research And Development": 13285000.0,
        "Selling General And Administration": 107564000.0,
        "Selling And Marketing Expense": 79676000.0,
        "General And Administrative Expense": 27888000.0,
        "Other Gand A": 27888000.0,
        "Gross Profit": 120264000.0,
        "Cost Of Revenue": 222832000.0,
        "Total Revenue": 343096000.0,
        "Operating Revenue": 343096000.0
    }
}