{
    "2023-06-30": {
        "Tax Effect Of Unusual Items": NaN,
        "Tax Rate For Calcs": NaN,
        "Normalized EBITDA": NaN,
        "Total Unusual Items": NaN,
        "Total Unusual Items Excluding Goodwill": NaN,
        "Net Income From Continuing Operation Net Minority Interest": NaN,
        "Reconciled Depreciation": NaN,
        "Reconciled Cost Of Revenue": NaN,
        "EBITDA": NaN,
        "EBIT": NaN,
        "Net Interest Income": NaN,
        "Interest Expense": NaN,
        "Interest Income": NaN,
        "Normalized Income": NaN,
        "Net Income From Continuing And Discontinued Operation": NaN,
        "Total Expenses": NaN,
        "Total Operating Income As Reported": NaN,
        "Diluted Average Shares": NaN,
        "Basic Average Shares": NaN,
        "Diluted EPS": NaN,
        "Basic EPS": NaN,
        "Diluted NI Availto Com Stockholders": NaN,
        "Net Income Common Stockholders": NaN,
        "Net Income": NaN,
        "Minority Interests": NaN,
        "Net Income Including Noncontrolling Interests": NaN,
        "Net Income Discontinuous Operations": NaN,
        "Net Income Continuous Operations": NaN,
        "Tax Provision": NaN,
        "Pretax Income": NaN,
        "Other Income Expense": NaN,
        "Other Non Operating Income Expenses": NaN,
        "Special Income Charges": NaN,
        "Gain On Sale Of Ppe": NaN,
        "Other Special Charges": -117000000.0,
        "Write Off": NaN,
        "Impairment Of Capital Assets": NaN,
        "Earnings From Equity Interest": NaN,
        "Gain On Sale Of Security": NaN,
        "Net Non Operating Interest Income Expense": NaN,
        "Total Other Finance Cost": NaN,
        "Interest Expense Non Operating": NaN,
        "Interest Income Non Operating": NaN,
        "Operating Income": NaN,
        "Operating Expense": NaN,
        "Other Operating Expenses": NaN,
        "Research And Development": NaN,
        "Selling General And Administration": NaN,
        "General And Administrative Expense": NaN,
        "Other Gand A": NaN,
        "Salaries And Wages": NaN,
        "Gross Profit": NaN,
        "Cost Of Revenue": NaN,
        "Total Revenue": NaN,
        "Operating Revenue": NaN
    },
    "2023-03-31": {
        "Tax Effect Of Unusual Items": NaN,
        "Tax Rate For Calcs": NaN,
        "Normalized EBITDA": NaN,
        "Total Unusual Items": NaN,
        "Total Unusual Items Excluding Goodwill": NaN,
        "Net Income From Continuing Operation Net Minority Interest": NaN,
        "Reconciled Depreciation": NaN,
        "Reconciled Cost Of Revenue": NaN,
        "EBITDA": NaN,
        "EBIT": NaN,
        "Net Interest Income": NaN,
        "Interest Expense": NaN,
        "Interest Income": NaN,
        "Normalized Income": NaN,
        "Net Income From Continuing And Discontinued Operation": NaN,
        "Total Expenses": NaN,
        "Total Operating Income As Reported": NaN,
        "Diluted Average Shares": NaN,
        "Basic Average Shares": NaN,
        "Diluted EPS": NaN,
        "Basic EPS": NaN,
        "Diluted NI Availto Com Stockholders": NaN,
        "Net Income Common Stockholders": NaN,
        "Net Income": NaN,
        "Minority Interests": NaN,
        "Net Income Including Noncontrolling Interests": NaN,
        "Net Income Discontinuous Operations": NaN,
        "Net Income Continuous Operations": NaN,
        "Tax Provision": NaN,
        "Pretax Income": NaN,
        "Other Income Expense": NaN,
        "Other Non Operating Income Expenses": NaN,
        "Special Income Charges": NaN,
        "Gain On Sale Of Ppe": NaN,
        "Other Special Charges": -102000000.0,
        "Write Off": NaN,
        "Impairment Of Capital Assets": NaN,
        "Earnings From Equity Interest": NaN,
        "Gain On Sale Of Security": NaN,
        "Net Non Operating Interest Income Expense": NaN,
        "Total Other Finance Cost": NaN,
        "Interest Expense Non Operating": NaN,
        "Interest Income Non Operating": NaN,
        "Operating Income": NaN,
        "Operating Expense": NaN,
        "Other Operating Expenses": NaN,
        "Research And Development": NaN,
        "Selling General And Administration": NaN,
        "General And Administrative Expense": NaN,
        "Other Gand A": NaN,
        "Salaries And Wages": NaN,
        "Gross Profit": NaN,
        "Cost Of Revenue": NaN,
        "Total Revenue": NaN,
        "Operating Revenue": NaN
    },
    "2022-12-31": {
        "Tax Effect Of Unusual Items": NaN,
        "Tax Rate For Calcs": NaN,
        "Normalized EBITDA": NaN,
        "Total Unusual Items": NaN,
        "Total Unusual Items Excluding Goodwill": NaN,
        "Net Income From Continuing Operation Net Minority Interest": NaN,
        "Reconciled Depreciation": NaN,
        "Reconciled Cost Of Revenue": NaN,
        "EBITDA": NaN,
        "EBIT": NaN,
        "Net Interest Income": NaN,
        "Interest Expense": NaN,
        "Interest Income": NaN,
        "Normalized Income": NaN,
        "Net Income From Continuing And Discontinued Operation": NaN,
        "Total Expenses": NaN,
        "Total Operating Income As Reported": NaN,
        "Diluted Average Shares": NaN,
        "Basic Average Shares": NaN,
        "Diluted EPS": NaN,
        "Basic EPS": NaN,
        "Diluted NI Availto Com Stockholders": NaN,
        "Net Income Common Stockholders": NaN,
        "Net Income": NaN,
        "Minority Interests": NaN,
        "Net Income Including Noncontrolling Interests": NaN,
        "Net Income Discontinuous Operations": NaN,
        "Net Income Continuous Operations": NaN,
        "Tax Provision": NaN,
        "Pretax Income": NaN,
        "Other Income Expense": NaN,
        "Other Non Operating Income Expenses": NaN,
        "Special Income Charges": NaN,
        "Gain On Sale Of Ppe": NaN,
        "Other Special Charges": -5000000.0,
        "Earnings From Equity Interest": NaN,
        "Gain On Sale Of Security": NaN,
        "Net Non Operating Interest Income Expense": NaN,
        "Total Other Finance Cost": NaN,
        "Interest Expense Non Operating": NaN,
        "Interest Income Non Operating": NaN,
        "Operating Income": NaN,
        "Operating Expense": NaN,
        "Other Operating Expenses": NaN,
        "Research And Development": NaN,
        "Selling General And Administration": NaN,
        "General And Administrative Expense": NaN,
        "Other Gand A": NaN,
        "Salaries And Wages": NaN,
        "Gross Profit": NaN,
        "Cost Of Revenue": NaN,
        "Total Revenue": NaN,
        "Operating Revenue": NaN
    },
    "2022-09-30": {
        "Tax Effect Of Unusual Items": NaN,
        "Tax Rate For Calcs": NaN,
        "Normalized EBITDA": NaN,
        "Total Unusual Items": NaN,
        "Total Unusual Items Excluding Goodwill": NaN,
        "Net Income From Continuing Operation Net Minority Interest": NaN,
        "Reconciled Depreciation": NaN,
        "Reconciled Cost Of Revenue": NaN,
        "EBITDA": NaN,
        "EBIT": NaN,
        "Net Interest Income": NaN,
        "Interest Expense": NaN,
        "Interest Income": NaN,
        "Normalized Income": NaN,
        "Net Income From Continuing And Discontinued Operation": NaN,
        "Total Expenses": NaN,
        "Total Operating Income As Reported": NaN,
        "Diluted Average Shares": NaN,
        "Basic Average Shares": NaN,
        "Diluted EPS": NaN,
        "Basic EPS": NaN,
        "Diluted NI Availto Com Stockholders": NaN,
        "Net Income Common Stockholders": NaN,
        "Net Income": NaN,
        "Minority Interests": NaN,
        "Net Income Including Noncontrolling Interests": NaN,
        "Net Income Discontinuous Operations": NaN,
        "Net Income Continuous Operations": NaN,
        "Tax Provision": NaN,
        "Pretax Income": NaN,
        "Other Income Expense": NaN,
        "Other Non Operating Income Expenses": NaN,
        "Special Income Charges": NaN,
        "Gain On Sale Of Ppe": NaN,
        "Other Special Charges": NaN,
        "Write Off": 1234000000.0,
        "Earnings From Equity Interest": NaN,
        "Gain On Sale Of Security": NaN,
        "Net Non Operating Interest Income Expense": NaN,
        "Total Other Finance Cost": NaN,
        "Interest Expense Non Operating": NaN,
        "Interest Income Non Operating": NaN,
        "Operating Income": NaN,
        "Operating Expense": NaN,
        "Other Operating Expenses": NaN,
        "Research And Development": NaN,
        "Selling General And Administration": NaN,
        "General And Administrative Expense": NaN,
        "Other Gand A": NaN,
        "Salaries And Wages": NaN,
        "Gross Profit": NaN,
        "Cost Of Revenue": NaN,
        "Total Revenue": NaN,
        "Operating Revenue": NaN
    },
    "2022-06-30": {
        "Tax Effect Of Unusual Items": -48840000.0,
        "Tax Rate For Calcs": 0.37,
        "Normalized EBITDA": 3247000000.0,
        "Total Unusual Items": -132000000.0,
        "Total Unusual Items Excluding Goodwill": -132000000.0,
        "Net Income From Continuing Operation Net Minority Interest": 1675000000.0,
        "Reconciled Depreciation": 452000000.0,
        "Reconciled Cost Of Revenue": 2499000000.0,
        "EBITDA": 3115000000.0,
        "EBIT": 2663000000.0,
        "Net Interest Income": -10000000.0,
        "Interest Expense": 0.0,
        "Interest Income": 6000000.0,
        "Normalized Income": 1758160000.0,
        "Net Income From Continuing And Discontinued Operation": 1675000000.0,
        "Total Expenses": 2968000000.0,
        "Total Operating Income As Reported": 2812000000.0,
        "Diluted Average Shares": 545900000.0,
        "Basic Average Shares": 536400000.0,
        "Diluted EPS": 3.07,
        "Basic EPS": 3.12,
        "Diluted NI Availto Com Stockholders": 1675000000.0,
        "Net Income Common Stockholders": 1675000000.0,
        "Net Income": 1675000000.0,
        "Minority Interests": -11000000.0,
        "Net Income Including Noncontrolling Interests": 1686000000.0,
        "Net Income Discontinuous Operations": NaN,
        "Net Income Continuous Operations": 1686000000.0,
        "Tax Provision": 977000000.0,
        "Pretax Income": 2663000000.0,
        "Other Income Expense": -146000000.0,
        "Other Non Operating Income Expenses": -11000000.0,
        "Special Income Charges": -123000000.0,
        "Gain On Sale Of Ppe": 2000000.0,
        "Other Special Charges": 125000000.0,
        "Write Off": NaN,
        "Impairment Of Capital Assets": NaN,
        "Earnings From Equity Interest": -3000000.0,
        "Gain On Sale Of Security": -9000000.0,
        "Net Non Operating Interest Income Expense": -10000000.0,
        "Total Other Finance Cost": 16000000.0,
        "Interest Expense Non Operating": 0.0,
        "Interest Income Non Operating": 6000000.0,
        "Operating Income": 2819000000.0,
        "Operating Expense": 469000000.0,
        "Other Operating Expenses": 363000000.0,
        "Research And Development": 34000000.0,
        "Selling General And Administration": 55000000.0,
        "General And Administrative Expense": 55000000.0,
        "Other Gand A": 50000000.0,
        "Salaries And Wages": 5000000.0,
        "Gross Profit": 3288000000.0,
        "Cost Of Revenue": 2499000000.0,
        "Total Revenue": 5787000000.0,
        "Operating Revenue": 5787000000.0
    },
    "2022-03-31": {
        "Diluted EPS": 2.27,
        "Total Revenue": NaN,
        "Gross Profit": NaN,
        "Operating Income": NaN,
        "EBIT": NaN,
        "Net Income": NaN
    },
    "2021-12-31": {
        "Diluted EPS": 2.2,
        "Total Revenue": NaN,
        "Gross Profit": NaN,
        "Operating Income": NaN,
        "EBIT": NaN,
        "Net Income": NaN
    },
    "2021-09-30": {
        "Diluted EPS": 1.2,
        "Total Revenue": NaN,
        "Gross Profit": NaN,
        "Operating Income": NaN,
        "EBIT": NaN,
        "Net Income": 648
    },
    "2021-06-30": {
        "Diluted EPS": 0.39,
        "Total Revenue": NaN,
        "Gross Profit": 561,
        "Operating Income": 439,
        "EBIT": 749,
        "Net Income": 212
    },
    "2021-03-31": {
        "Diluted EPS": 0.45,
        "Total Revenue": NaN,
        "Gross Profit": 517,
        "Operating Income": 476,
        "EBIT": 775,
        "Net Income": 241
    },
    "2020-12-31": {
        "Diluted EPS": -0.67,
        "Total Revenue": NaN,
        "Gross Profit": 380,
        "Operating Income": 69,
        "EBIT": 368,
        "Net Income": -351
    },
    "2020-09-30": {
        "Diluted EPS": 0.08,
        "Total Revenue": NaN,
        "Gross Profit": 218,
        "Operating Income": 83,
        "EBIT": 413,
        "Net Income": 46
    },
    "2020-06-30": {
        "Diluted EPS": -0.2,
        "Total Revenue": NaN,
        "Gross Profit": 100,
        "Operating Income": -124,
        "EBIT": 93,
        "Net Income": -108
    },
    "2020-03-31": {
        "Diluted EPS": -0.43,
        "Total Revenue": NaN,
        "Gross Profit": 297,
        "Operating Income": 221,
        "EBIT": 503,
        "Net Income": -233
    },
    "2019-12-31": {
        "Diluted EPS": -2.45,
        "Total Revenue": NaN,
        "Gross Profit": 351,
        "Operating Income": 149,
        "EBIT": 457,
        "Net Income": NaN
    },
    "2019-09-30": {
        "Diluted EPS": 0.5,
        "Total Revenue": NaN,
        "Gross Profit": 596,
        "Operating Income": 455,
        "EBIT": 793,
        "Net Income": 280
    },
    "2019-06-30": {
        "Diluted EPS": 0.31,
        "Total Revenue": NaN,
        "Gross Profit": 786,
        "Operating Income": 586,
        "EBIT": 880,
        "Net Income": 173
    },
    "2019-03-31": {
        "Diluted EPS": 0.83,
        "Total Revenue": NaN,
        "Gross Profit": 784,
        "Operating Income": 724,
        "EBIT": NaN,
        "Net Income": 474
    },
    "2018-12-31": {
        "Diluted EPS": 0.56,
        "Total Revenue": NaN,
        "Gross Profit": 755,
        "Operating Income": 634,
        "EBIT": 950,
        "Net Income": 325
    },
    "2018-09-30": {
        "Diluted EPS": 1.68,
        "Total Revenue": NaN,
        "Gross Profit": 772,
        "Operating Income": NaN,
        "EBIT": NaN,
        "Net Income": 980
    },
    "2018-06-30": {
        "Diluted EPS": 0.85,
        "Total Revenue": NaN,
        "Gross Profit": 962,
        "Operating Income": 832,
        "EBIT": NaN,
        "Net Income": 491
    },
    "2018-03-31": {
        "Diluted EPS": 1.03,
        "Total Revenue": NaN,
        "Gross Profit": NaN,
        "Operating Income": 968,
        "EBIT": NaN,
        "Net Income": 601
    },
    "2017-12-31": {
        "Diluted EPS": 1.03,
        "Total Revenue": NaN,
        "Gross Profit": NaN,
        "Operating Income": 849,
        "EBIT": NaN,
        "Net Income": 595
    },
    "2017-09-30": {
        "Diluted EPS": 0.81,
        "Total Revenue": NaN,
        "Gross Profit": 871,
        "Operating Income": 780,
        "EBIT": NaN,
        "Net Income": 479
    },
    "2017-06-30": {
        "Diluted EPS": 0.73,
        "Total Revenue": NaN,
        "Gross Profit": 793,
        "Operating Income": 723,
        "EBIT": 985,
        "Net Income": 429
    },
    "2017-03-31": {
        "Diluted EPS": 0.73,
        "Total Revenue": NaN,
        "Gross Profit": 897,
        "Operating Income": 865,
        "EBIT": NaN,
        "Net Income": 432
    },
    "2016-12-31": {
        "Diluted EPS": 0.9,
        "Total Revenue": NaN,
        "Gross Profit": NaN,
        "Operating Income": NaN,
        "EBIT": NaN,
        "Net Income": 526
    },
    "2016-09-30": {
        "Diluted EPS": 0.31,
        "Total Revenue": NaN,
        "Gross Profit": 347,
        "Operating Income": 252,
        "EBIT": 527,
        "Net Income": 180
    },
    "2016-06-30": {
        "Diluted EPS": 0.02,
        "Total Revenue": NaN,
        "Gross Profit": 164,
        "Operating Income": 113,
        "EBIT": 379,
        "Net Income": 12
    },
    "2016-03-31": {
        "Diluted EPS": 0.12,
        "Total Revenue": NaN,
        "Gross Profit": 113,
        "Operating Income": 86,
        "EBIT": 311,
        "Net Income": 69
    },
    "2015-12-31": {
        "Diluted EPS": -0.6,
        "Total Revenue": NaN,
        "Gross Profit": 206,
        "Operating Income": 101,
        "EBIT": 381,
        "Net Income": -344
    },
    "2015-09-30": {
        "Diluted EPS": -2.84,
        "Total Revenue": NaN,
        "Gross Profit": 257,
        "Operating Income": 69,
        "EBIT": 289,
        "Net Income": NaN
    },
    "2015-06-30": {
        "Diluted EPS": 0.09,
        "Total Revenue": NaN,
        "Gross Profit": 253,
        "Operating Income": 194,
        "EBIT": 492,
        "Net Income": 51
    },
    "2015-03-31": {
        "Diluted EPS": 0.1,
        "Total Revenue": NaN,
        "Gross Profit": 303,
        "Operating Income": 212,
        "EBIT": 484,
        "Net Income": 56
    },
    "2014-12-31": {
        "Diluted EPS": 0.18,
        "Total Revenue": NaN,
        "Gross Profit": 184,
        "Operating Income": 39,
        "EBIT": 335,
        "Net Income": 103
    },
    "2014-09-30": {
        "Diluted EPS": 0.12,
        "Total Revenue": NaN,
        "Gross Profit": 315,
        "Operating Income": 240,
        "EBIT": 552,
        "Net Income": 75
    },
    "2014-06-30": {
        "Diluted EPS": 0.13,
        "Total Revenue": NaN,
        "Gross Profit": 300,
        "Operating Income": 224,
        "EBIT": 537,
        "Net Income": 79
    },
    "2014-03-31": {
        "Diluted EPS": 0.11,
        "Total Revenue": NaN,
        "Gross Profit": 367,
        "Operating Income": 228,
        "EBIT": 525,
        "Net Income": 63
    },
    "2013-12-31": {
        "Diluted EPS": 0.37,
        "Total Revenue": NaN,
        "Gross Profit": 410,
        "Operating Income": 276,
        "EBIT": 604,
        "Net Income": 211
    },
    "2013-09-30": {
        "Diluted EPS": 0.44,
        "Total Revenue": NaN,
        "Gross Profit": 575,
        "Operating Income": 481,
        "EBIT": 782,
        "Net Income": 257
    },
    "2013-06-30": {
        "Diluted EPS": 0.24,
        "Total Revenue": NaN,
        "Gross Profit": 553,
        "Operating Income": 411,
        "EBIT": 689,
        "Net Income": 139
    },
    "2013-03-31": {
        "Diluted EPS": 0.54,
        "Total Revenue": NaN,
        "Gross Profit": 654,
        "Operating Income": 586,
        "EBIT": 877,
        "Net Income": 321
    },
    "2012-12-31": {
        "Diluted EPS": 0.25,
        "Total Revenue": NaN,
        "Gross Profit": 712,
        "Operating Income": 654,
        "EBIT": 894,
        "Net Income": 145
    },
    "2012-09-30": {
        "Diluted EPS": 0.31,
        "Total Revenue": NaN,
        "Gross Profit": 709,
        "Operating Income": 615,
        "EBIT": 861,
        "Net Income": 182
    },
    "2012-06-30": {
        "Diluted EPS": 0.45,
        "Total Revenue": NaN,
        "Gross Profit": 707,
        "Operating Income": 635,
        "EBIT": 887,
        "Net Income": 263
    },
    "2012-03-31": {
        "Diluted EPS": 0.37,
        "Total Revenue": NaN,
        "Gross Profit": 928,
        "Operating Income": 871,
        "EBIT": NaN,
        "Net Income": 219
    },
    "2011-12-31": {
        "Diluted EPS": 1.09,
        "Total Revenue": NaN,
        "Gross Profit": NaN,
        "Operating Income": NaN,
        "EBIT": NaN,
        "Net Income": 641
    },
    "2011-09-30": {
        "Diluted EPS": 1.35,
        "Total Revenue": NaN,
        "Gross Profit": NaN,
        "Operating Income": NaN,
        "EBIT": NaN,
        "Net Income": 803
    },
    "2011-06-30": {
        "Diluted EPS": 1.36,
        "Total Revenue": NaN,
        "Gross Profit": NaN,
        "Operating Income": NaN,
        "EBIT": NaN,
        "Net Income": 802
    },
    "2011-03-31": {
        "Diluted EPS": 0.81,
        "Total Revenue": NaN,
        "Gross Profit": 976,
        "Operating Income": 910,
        "EBIT": 910,
        "Net Income": 480
    },
    "2010-12-31": {
        "Diluted EPS": 0.62,
        "Total Revenue": NaN,
        "Gross Profit": NaN,
        "Operating Income": NaN,
        "EBIT": NaN,
        "Net Income": 365
    },
    "2010-09-30": {
        "Diluted EPS": 0.56,
        "Total Revenue": NaN,
        "Gross Profit": NaN,
        "Operating Income": 975,
        "EBIT": NaN,
        "Net Income": 331
    },
    "2010-06-30": {
        "Diluted EPS": 0.43,
        "Total Revenue": NaN,
        "Gross Profit": 944,
        "Operating Income": 675,
        "EBIT": 926,
        "Net Income": 251
    },
    "2010-03-31": {
        "Diluted EPS": 1.5,
        "Total Revenue": NaN,
        "Gross Profit": 852,
        "Operating Income": 539,
        "EBIT": 807,
        "Net Income": 892
    },
    "2009-12-31": {
        "Diluted EPS": 0.65,
        "Total Revenue": NaN,
        "Gross Profit": 994,
        "Operating Income": 713,
        "EBIT": NaN,
        "Net Income": 383
    },
    "2009-09-30": {
        "Diluted EPS": 1.0,
        "Total Revenue": NaN,
        "Gross Profit": 960,
        "Operating Income": 643,
        "EBIT": 914,
        "Net Income": 577
    },
    "2009-06-30": {
        "Diluted EPS": 1.0,
        "Total Revenue": NaN,
        "Gross Profit": 720,
        "Operating Income": 492,
        "EBIT": 671,
        "Net Income": 488
    },
    "2009-03-31": {
        "Diluted EPS": 0.4,
        "Total Revenue": NaN,
        "Gross Profit": 672,
        "Operating Income": 473,
        "EBIT": 633,
        "Net Income": 194
    },
    "2023-09-30": {
        "Tax Effect Of Unusual Items": NaN,
        "Tax Rate For Calcs": NaN,
        "Normalized EBITDA": NaN,
        "Total Unusual Items": NaN,
        "Total Unusual Items Excluding Goodwill": NaN,
        "Net Income From Continuing Operation Net Minority Interest": NaN,
        "Reconciled Depreciation": NaN,
        "Reconciled Cost Of Revenue": NaN,
        "EBITDA": NaN,
        "EBIT": NaN,
        "Net Interest Income": NaN,
        "Interest Expense": NaN,
        "Interest Income": NaN,
        "Normalized Income": NaN,
        "Net Income From Continuing And Discontinued Operation": NaN,
        "Total Expenses": NaN,
        "Total Operating Income As Reported": NaN,
        "Diluted Average Shares": NaN,
        "Basic Average Shares": NaN,
        "Diluted EPS": NaN,
        "Basic EPS": NaN,
        "Diluted NI Availto Com Stockholders": NaN,
        "Net Income Common Stockholders": NaN,
        "Net Income": NaN,
        "Minority Interests": NaN,
        "Net Income Including Noncontrolling Interests": NaN,
        "Net Income Discontinuous Operations": NaN,
        "Net Income Continuous Operations": NaN,
        "Tax Provision": NaN,
        "Pretax Income": NaN,
        "Other Income Expense": NaN,
        "Other Non Operating Income Expenses": NaN,
        "Special Income Charges": NaN,
        "Gain On Sale Of Ppe": NaN,
        "Other Special Charges": -2000000.0,
        "Write Off": 0.0,
        "Impairment Of Capital Assets": 84000000.0,
        "Earnings From Equity Interest": NaN,
        "Gain On Sale Of Security": NaN,
        "Net Non Operating Interest Income Expense": NaN,
        "Total Other Finance Cost": NaN,
        "Interest Expense Non Operating": NaN,
        "Interest Income Non Operating": NaN,
        "Operating Income": NaN,
        "Operating Expense": NaN,
        "Other Operating Expenses": NaN,
        "Depreciation Amortization Depletion Income Statement": NaN,
        "Depreciation And Amortization In Income Statement": NaN,
        "Depreciation Income Statement": NaN,
        "Research And Development": NaN,
        "Selling General And Administration": NaN,
        "General And Administrative Expense": NaN,
        "Other Gand A": NaN,
        "Salaries And Wages": NaN,
        "Gross Profit": NaN,
        "Cost Of Revenue": NaN,
        "Total Revenue": NaN,
        "Operating Revenue": NaN
    },
    "2023-12-31": {
        "Tax Effect Of Unusual Items": NaN,
        "Tax Rate For Calcs": NaN,
        "Normalized EBITDA": NaN,
        "Total Unusual Items": NaN,
        "Total Unusual Items Excluding Goodwill": NaN,
        "Net Income From Continuing Operation Net Minority Interest": NaN,
        "Reconciled Depreciation": NaN,
        "Reconciled Cost Of Revenue": NaN,
        "EBITDA": NaN,
        "EBIT": NaN,
        "Net Interest Income": NaN,
        "Interest Expense": NaN,
        "Interest Income": NaN,
        "Normalized Income": NaN,
        "Net Income From Continuing And Discontinued Operation": NaN,
        "Total Expenses": NaN,
        "Total Operating Income As Reported": NaN,
        "Diluted Average Shares": NaN,
        "Basic Average Shares": NaN,
        "Diluted EPS": NaN,
        "Basic EPS": NaN,
        "Diluted NI Availto Com Stockholders": NaN,
        "Net Income Common Stockholders": NaN,
        "Net Income": NaN,
        "Minority Interests": NaN,
        "Net Income Including Noncontrolling Interests": NaN,
        "Net Income Discontinuous Operations": NaN,
        "Net Income Continuous Operations": NaN,
        "Tax Provision": NaN,
        "Pretax Income": NaN,
        "Other Income Expense": NaN,
        "Other Non Operating Income Expenses": NaN,
        "Special Income Charges": NaN,
        "Gain On Sale Of Ppe": NaN,
        "Other Special Charges": 0.0,
        "Write Off": NaN,
        "Impairment Of Capital Assets": NaN,
        "Earnings From Equity Interest": NaN,
        "Gain On Sale Of Security": NaN,
        "Net Non Operating Interest Income Expense": NaN,
        "Total Other Finance Cost": NaN,
        "Interest Expense Non Operating": NaN,
        "Interest Income Non Operating": NaN,
        "Operating Income": NaN,
        "Operating Expense": NaN,
        "Other Operating Expenses": NaN,
        "Depreciation Amortization Depletion Income Statement": NaN,
        "Depreciation And Amortization In Income Statement": NaN,
        "Depreciation Income Statement": NaN,
        "Research And Development": NaN,
        "Selling General And Administration": NaN,
        "General And Administrative Expense": NaN,
        "Other Gand A": NaN,
        "Salaries And Wages": NaN,
        "Gross Profit": NaN,
        "Cost Of Revenue": NaN,
        "Total Revenue": NaN,
        "Operating Revenue": NaN
    },
    "2024-03-31": {
        "Tax Effect Of Unusual Items": NaN,
        "Tax Rate For Calcs": NaN,
        "Normalized EBITDA": NaN,
        "Total Unusual Items": NaN,
        "Total Unusual Items Excluding Goodwill": NaN,
        "Net Income From Continuing Operation Net Minority Interest": NaN,
        "Reconciled Depreciation": NaN,
        "Reconciled Cost Of Revenue": NaN,
        "EBITDA": NaN,
        "EBIT": NaN,
        "Net Interest Income": NaN,
        "Interest Expense": NaN,
        "Interest Income": NaN,
        "Normalized Income": NaN,
        "Net Income From Continuing And Discontinued Operation": NaN,
        "Total Expenses": NaN,
        "Total Operating Income As Reported": NaN,
        "Diluted Average Shares": NaN,
        "Basic Average Shares": NaN,
        "Diluted EPS": NaN,
        "Basic EPS": NaN,
        "Diluted NI Availto Com Stockholders": NaN,
        "Net Income Common Stockholders": NaN,
        "Net Income": NaN,
        "Minority Interests": NaN,
        "Net Income Including Noncontrolling Interests": NaN,
        "Net Income Discontinuous Operations": NaN,
        "Net Income Continuous Operations": NaN,
        "Tax Provision": NaN,
        "Pretax Income": NaN,
        "Other Income Expense": NaN,
        "Other Non Operating Income Expenses": NaN,
        "Special Income Charges": NaN,
        "Gain On Sale Of Ppe": NaN,
        "Other Special Charges": NaN,
        "Write Off": NaN,
        "Impairment Of Capital Assets": NaN,
        "Earnings From Equity Interest": NaN,
        "Gain On Sale Of Security": NaN,
        "Net Non Operating Interest Income Expense": NaN,
        "Total Other Finance Cost": NaN,
        "Interest Expense Non Operating": NaN,
        "Interest Income Non Operating": NaN,
        "Operating Income": NaN,
        "Operating Expense": NaN,
        "Other Operating Expenses": NaN,
        "Depreciation Amortization Depletion Income Statement": 12000000.0,
        "Depreciation And Amortization In Income Statement": 12000000.0,
        "Depreciation Income Statement": 12000000.0,
        "Research And Development": NaN,
        "Selling General And Administration": NaN,
        "General And Administrative Expense": NaN,
        "Other Gand A": NaN,
        "Salaries And Wages": NaN,
        "Gross Profit": NaN,
        "Cost Of Revenue": NaN,
        "Total Revenue": NaN,
        "Operating Revenue": NaN
    },
    "2024-06-30": {
        "Tax Effect Of Unusual Items": 16800000.0,
        "Tax Rate For Calcs": 0.15,
        "Normalized EBITDA": 468000000.0,
        "Total Unusual Items": 112000000.0,
        "Total Unusual Items Excluding Goodwill": 112000000.0,
        "Net Income From Continuing Operation Net Minority Interest": -111000000.0,
        "Reconciled Depreciation": 360000000.0,
        "Reconciled Cost Of Revenue": 1036000000.0,
        "EBITDA": 580000000.0,
        "EBIT": 220000000.0,
        "Net Interest Income": -200000000.0,
        "Interest Expense": 200000000.0,
        "Interest Income": 17000000.0,
        "Normalized Income": -206200000.0,
        "Net Income From Continuing And Discontinued Operation": 363000000.0,
        "Total Expenses": 1646000000.0,
        "Total Operating Income As Reported": 312000000.0,
        "Diluted Average Shares": 523800000.0,
        "Basic Average Shares": 518800000.0,
        "Diluted EPS": 0.69,
        "Basic EPS": 0.7,
        "Diluted NI Availto Com Stockholders": 363000000.0,
        "Net Income Common Stockholders": 363000000.0,
        "Net Income": 363000000.0,
        "Minority Interests": -22000000.0,
        "Net Income Including Noncontrolling Interests": 385000000.0,
        "Net Income Discontinuous Operations": 474000000.0,
        "Net Income Continuous Operations": -89000000.0,
        "Tax Provision": 109000000.0,
        "Pretax Income": 20000000.0,
        "Other Income Expense": 64000000.0,
        "Other Non Operating Income Expenses": -49000000.0,
        "Special Income Charges": -6000000.0,
        "Gain On Sale Of Ppe": 6000000.0,
        "Other Special Charges": NaN,
        "Write Off": NaN,
        "Impairment Of Capital Assets": 12000000.0,
        "Earnings From Equity Interest": 1000000.0,
        "Gain On Sale Of Security": 118000000.0,
        "Net Non Operating Interest Income Expense": -200000000.0,
        "Total Other Finance Cost": 17000000.0,
        "Interest Expense Non Operating": 200000000.0,
        "Interest Income Non Operating": 17000000.0,
        "Operating Income": 156000000.0,
        "Operating Expense": 262000000.0,
        "Other Operating Expenses": 118000000.0,
        "Depreciation Amortization Depletion Income Statement": 12000000.0,
        "Depreciation And Amortization In Income Statement": 12000000.0,
        "Depreciation Income Statement": 12000000.0,
        "Research And Development": 14000000.0,
        "Selling General And Administration": 101000000.0,
        "General And Administrative Expense": 101000000.0,
        "Other Gand A": 82000000.0,
        "Salaries And Wages": 19000000.0,
        "Gross Profit": 418000000.0,
        "Cost Of Revenue": 1384000000.0,
        "Total Revenue": 1802000000.0,
        "Operating Revenue": 1802000000.0
    },
    "2024-09-30": {
        "Tax Effect Of Unusual Items": -164400000.0,
        "Tax Rate For Calcs": 0.15,
        "Normalized EBITDA": 1025000000.0,
        "Total Unusual Items": -1096000000.0,
        "Total Unusual Items Excluding Goodwill": -1096000000.0,
        "Net Income From Continuing Operation Net Minority Interest": -753000000.0,
        "Reconciled Depreciation": 498000000.0,
        "Reconciled Cost Of Revenue": 2380000000.0,
        "EBITDA": -71000000.0,
        "EBIT": -569000000.0,
        "Net Interest Income": -124000000.0,
        "Interest Expense": 190000000.0,
        "Interest Income": 93000000.0,
        "Normalized Income": 178600000.0,
        "Net Income From Continuing And Discontinued Operation": -699000000.0,
        "Total Expenses": 2475000000.0,
        "Total Operating Income As Reported": -628000000.0,
        "Diluted Average Shares": 519800000.0,
        "Basic Average Shares": 517400000.0,
        "Diluted EPS": -1.35,
        "Basic EPS": -1.35,
        "Diluted NI Availto Com Stockholders": -699000000.0,
        "Net Income Common Stockholders": -699000000.0,
        "Net Income": -699000000.0,
        "Minority Interests": 93000000.0,
        "Net Income Including Noncontrolling Interests": -792000000.0,
        "Net Income Discontinuous Operations": 54000000.0,
        "Net Income Continuous Operations": -846000000.0,
        "Tax Provision": 87000000.0,
        "Pretax Income": -759000000.0,
        "Other Income Expense": -1018000000.0,
        "Other Non Operating Income Expenses": 76000000.0,
        "Special Income Charges": -1053000000.0,
        "Gain On Sale Of Ppe": 0.0,
        "Other Special Charges": NaN,
        "Write Off": 1053000000.0,
        "Impairment Of Capital Assets": 0.0,
        "Earnings From Equity Interest": 2000000.0,
        "Gain On Sale Of Security": -43000000.0,
        "Net Non Operating Interest Income Expense": -124000000.0,
        "Total Other Finance Cost": 27000000.0,
        "Interest Expense Non Operating": 190000000.0,
        "Interest Income Non Operating": 93000000.0,
        "Operating Income": 383000000.0,
        "Operating Expense": 95000000.0,
        "Other Operating Expenses": -30000000.0,
        "Depreciation Amortization Depletion Income Statement": NaN,
        "Depreciation And Amortization In Income Statement": NaN,
        "Depreciation Income Statement": NaN,
        "Research And Development": 6000000.0,
        "Selling General And Administration": 106000000.0,
        "General And Administrative Expense": 106000000.0,
        "Other Gand A": 72000000.0,
        "Salaries And Wages": 34000000.0,
        "Gross Profit": 478000000.0,
        "Cost Of Revenue": 2380000000.0,
        "Total Revenue": 2858000000.0,
        "Operating Revenue": 2858000000.0
    },
    "2024-12-31": {
        "Tax Effect Of Unusual Items": 26906250.0,
        "Tax Rate For Calcs": 0.046875,
        "Normalized EBITDA": 431000000.0,
        "Total Unusual Items": 574000000.0,
        "Total Unusual Items Excluding Goodwill": 574000000.0,
        "Net Income From Continuing Operation Net Minority Interest": 385000000.0,
        "Reconciled Depreciation": 523000000.0,
        "Reconciled Cost Of Revenue": 2244000000.0,
        "EBITDA": 1005000000.0,
        "EBIT": 482000000.0,
        "Net Interest Income": -335000000.0,
        "Interest Expense": 226000000.0,
        "Interest Income": -131000000.0,
        "Normalized Income": -162093750.0,
        "Net Income From Continuing And Discontinued Operation": 399000000.0,
        "Total Expenses": 2626000000.0,
        "Total Operating Income As Reported": 305000000.0,
        "Diluted Average Shares": 512400000.0,
        "Basic Average Shares": 510200000.0,
        "Diluted EPS": 0.78,
        "Basic EPS": 0.78,
        "Diluted NI Availto Com Stockholders": 399000000.0,
        "Net Income Common Stockholders": 399000000.0,
        "Net Income": 399000000.0,
        "Minority Interests": 141000000.0,
        "Net Income Including Noncontrolling Interests": 258000000.0,
        "Net Income Discontinuous Operations": 14000000.0,
        "Net Income Continuous Operations": 244000000.0,
        "Tax Provision": 12000000.0,
        "Pretax Income": 256000000.0,
        "Other Income Expense": 431000000.0,
        "Other Non Operating Income Expenses": -146000000.0,
        "Special Income Charges": 6000000.0,
        "Gain On Sale Of Ppe": 13000000.0,
        "Other Special Charges": NaN,
        "Write Off": 0.0,
        "Impairment Of Capital Assets": 7000000.0,
        "Earnings From Equity Interest": 3000000.0,
        "Gain On Sale Of Security": 568000000.0,
        "Net Non Operating Interest Income Expense": -335000000.0,
        "Total Other Finance Cost": -22000000.0,
        "Interest Expense Non Operating": 226000000.0,
        "Interest Income Non Operating": -131000000.0,
        "Operating Income": 160000000.0,
        "Operating Expense": 382000000.0,
        "Other Operating Expenses": 247000000.0,
        "Depreciation Amortization Depletion Income Statement": NaN,
        "Depreciation And Amortization In Income Statement": NaN,
        "Depreciation Income Statement": NaN,
        "Research And Development": 12000000.0,
        "Selling General And Administration": 64000000.0,
        "General And Administrative Expense": 64000000.0,
        "Other Gand A": 59000000.0,
        "Salaries And Wages": 5000000.0,
        "Gross Profit": 542000000.0,
        "Cost Of Revenue": 2244000000.0,
        "Total Revenue": 2786000000.0,
        "Operating Revenue": 2786000000.0
    },
    "2025-03-31": {
        "Tax Effect Of Unusual Items": 42622222.222222,
        "Tax Rate For Calcs": 0.304444,
        "Normalized EBITDA": 896000000.0,
        "Total Unusual Items": 140000000.0,
        "Total Unusual Items Excluding Goodwill": 140000000.0,
        "Net Income From Continuing Operation Net Minority Interest": 370000000.0,
        "Reconciled Depreciation": 412000000.0,
        "Reconciled Cost Of Revenue": 1360000000.0,
        "EBITDA": 1036000000.0,
        "EBIT": 624000000.0,
        "Net Interest Income": -92000000.0,
        "Interest Expense": 174000000.0,
        "Interest Income": 91000000.0,
        "Normalized Income": 272622222.222222,
        "Net Income From Continuing And Discontinued Operation": 370000000.0,
        "Total Expenses": 1965000000.0,
        "Total Operating Income As Reported": 501000000.0,
        "Diluted Average Shares": 505300000.0,
        "Basic Average Shares": 503300000.0,
        "Diluted EPS": 0.73,
        "Basic EPS": 0.74,
        "Diluted NI Availto Com Stockholders": 370000000.0,
        "Net Income Common Stockholders": 370000000.0,
        "Net Income": 370000000.0,
        "Minority Interests": 57000000.0,
        "Net Income Including Noncontrolling Interests": 313000000.0,
        "Net Income Discontinuous Operations": 0.0,
        "Net Income Continuous Operations": 313000000.0,
        "Tax Provision": 137000000.0,
        "Pretax Income": 450000000.0,
        "Other Income Expense": 217000000.0,
        "Other Non Operating Income Expenses": 75000000.0,
        "Special Income Charges": 5000000.0,
        "Gain On Sale Of Ppe": 5000000.0,
        "Other Special Charges": NaN,
        "Write Off": NaN,
        "Impairment Of Capital Assets": 0.0,
        "Earnings From Equity Interest": 2000000.0,
        "Gain On Sale Of Security": 135000000.0,
        "Net Non Operating Interest Income Expense": -92000000.0,
        "Total Other Finance Cost": 9000000.0,
        "Interest Expense Non Operating": 174000000.0,
        "Interest Income Non Operating": 91000000.0,
        "Operating Income": 325000000.0,
        "Operating Expense": 211000000.0,
        "Other Operating Expenses": 85000000.0,
        "Depreciation Amortization Depletion Income Statement": 18000000.0,
        "Depreciation And Amortization In Income Statement": 18000000.0,
        "Depreciation Income Statement": 18000000.0,
        "Research And Development": 10000000.0,
        "Selling General And Administration": 87000000.0,
        "General And Administrative Expense": 87000000.0,
        "Other Gand A": 75000000.0,
        "Salaries And Wages": 12000000.0,
        "Gross Profit": 536000000.0,
        "Cost Of Revenue": 1754000000.0,
        "Total Revenue": 2290000000.0,
        "Operating Revenue": 2290000000.0
    },
    "2025-06-30": {
        "Tax Effect Of Unusual Items": -2496000.0,
        "Tax Rate For Calcs": 0.192,
        "Normalized EBITDA": 702000000.0,
        "Total Unusual Items": -13000000.0,
        "Total Unusual Items Excluding Goodwill": -13000000.0,
        "Net Income From Continuing Operation Net Minority Interest": 206000000.0,
        "Reconciled Depreciation": 378000000.0,
        "Reconciled Cost Of Revenue": 1190000000.0,
        "EBITDA": 689000000.0,
        "EBIT": 311000000.0,
        "Net Interest Income": -128000000.0,
        "Interest Expense": 186000000.0,
        "Interest Income": 68000000.0,
        "Normalized Income": 216504000.0,
        "Net Income From Continuing And Discontinued Operation": 206000000.0,
        "Total Expenses": 1761000000.0,
        "Total Operating Income As Reported": 312000000.0,
        "Diluted Average Shares": 496800000.0,
        "Basic Average Shares": 495300000.0,
        "Diluted EPS": 0.41,
        "Basic EPS": 0.42,
        "Diluted NI Availto Com Stockholders": 206000000.0,
        "Net Income Common Stockholders": 206000000.0,
        "Net Income": 206000000.0,
        "Minority Interests": 105000000.0,
        "Net Income Including Noncontrolling Interests": 101000000.0,
        "Net Income Discontinuous Operations": 0.0,
        "Net Income Continuous Operations": 101000000.0,
        "Tax Provision": 24000000.0,
        "Pretax Income": 125000000.0,
        "Other Income Expense": -9000000.0,
        "Other Non Operating Income Expenses": 3000000.0,
        "Special Income Charges": 6000000.0,
        "Gain On Sale Of Ppe": 6000000.0,
        "Other Special Charges": NaN,
        "Write Off": NaN,
        "Impairment Of Capital Assets": 0.0,
        "Earnings From Equity Interest": 1000000.0,
        "Gain On Sale Of Security": -19000000.0,
        "Net Non Operating Interest Income Expense": -128000000.0,
        "Total Other Finance Cost": 10000000.0,
        "Interest Expense Non Operating": 186000000.0,
        "Interest Income Non Operating": 68000000.0,
        "Operating Income": 262000000.0,
        "Operating Expense": 209000000.0,
        "Other Operating Expenses": 93000000.0,
        "Depreciation Amortization Depletion Income Statement": 16000000.0,
        "Depreciation And Amortization In Income Statement": 16000000.0,
        "Depreciation Income Statement": 16000000.0,
        "Research And Development": 7000000.0,
        "Selling General And Administration": 81000000.0,
        "General And Administrative Expense": 81000000.0,
        "Other Gand A": 69000000.0,
        "Salaries And Wages": 12000000.0,
        "Gross Profit": 471000000.0,
        "Cost Of Revenue": 1552000000.0,
        "Total Revenue": 2023000000.0,
        "Operating Revenue": 2023000000.0
    }
}