{
    "2023-03-31": {
        "Tax Effect Of Unusual Items": NaN,
        "Tax Rate For Calcs": NaN,
        "Normalized EBITDA": NaN,
        "Total Unusual Items": NaN,
        "Total Unusual Items Excluding Goodwill": NaN,
        "Net Income From Continuing Operation Net Minority Interest": NaN,
        "Reconciled Depreciation": NaN,
        "Reconciled Cost Of Revenue": NaN,
        "EBITDA": NaN,
        "EBIT": NaN,
        "Net Interest Income": NaN,
        "Interest Expense": NaN,
        "Normalized Income": NaN,
        "Net Income From Continuing And Discontinued Operation": NaN,
        "Total Expenses": NaN,
        "Total Operating Income As Reported": NaN,
        "Diluted Average Shares": NaN,
        "Basic Average Shares": NaN,
        "Diluted EPS": NaN,
        "Basic EPS": NaN,
        "Diluted NI Availto Com Stockholders": NaN,
        "Net Income Common Stockholders": NaN,
        "Net Income": NaN,
        "Net Income Including Noncontrolling Interests": NaN,
        "Net Income Continuous Operations": NaN,
        "Pretax Income": NaN,
        "Other Income Expense": NaN,
        "Other Non Operating Income Expenses": NaN,
        "Special Income Charges": NaN,
        "Gain On Sale Of Business": 0.0,
        "Net Non Operating Interest Income Expense": NaN,
        "Interest Expense Non Operating": NaN,
        "Operating Income": NaN,
        "Operating Expense": NaN,
        "Research And Development": NaN,
        "Selling General And Administration": NaN,
        "Selling And Marketing Expense": NaN,
        "General And Administrative Expense": NaN,
        "Other Gand A": NaN,
        "Gross Profit": NaN,
        "Cost Of Revenue": NaN,
        "Total Revenue": NaN,
        "Operating Revenue": NaN
    },
    "2022-12-31": {
        "Tax Effect Of Unusual Items": NaN,
        "Tax Rate For Calcs": NaN,
        "Normalized EBITDA": NaN,
        "Total Unusual Items": NaN,
        "Total Unusual Items Excluding Goodwill": NaN,
        "Net Income From Continuing Operation Net Minority Interest": NaN,
        "Reconciled Depreciation": NaN,
        "Reconciled Cost Of Revenue": NaN,
        "EBITDA": NaN,
        "EBIT": NaN,
        "Net Interest Income": NaN,
        "Interest Expense": NaN,
        "Normalized Income": NaN,
        "Net Income From Continuing And Discontinued Operation": NaN,
        "Total Expenses": NaN,
        "Total Operating Income As Reported": NaN,
        "Diluted Average Shares": NaN,
        "Basic Average Shares": NaN,
        "Diluted EPS": NaN,
        "Basic EPS": NaN,
        "Diluted NI Availto Com Stockholders": NaN,
        "Net Income Common Stockholders": NaN,
        "Net Income": NaN,
        "Net Income Including Noncontrolling Interests": NaN,
        "Net Income Continuous Operations": NaN,
        "Pretax Income": NaN,
        "Other Income Expense": NaN,
        "Other Non Operating Income Expenses": NaN,
        "Special Income Charges": NaN,
        "Gain On Sale Of Business": NaN,
        "Other Special Charges": 0.0,
        "Net Non Operating Interest Income Expense": NaN,
        "Interest Expense Non Operating": NaN,
        "Operating Income": NaN,
        "Operating Expense": NaN,
        "Research And Development": NaN,
        "Selling General And Administration": NaN,
        "Selling And Marketing Expense": NaN,
        "General And Administrative Expense": NaN,
        "Other Gand A": NaN,
        "Gross Profit": NaN,
        "Cost Of Revenue": NaN,
        "Total Revenue": NaN,
        "Operating Revenue": NaN
    },
    "2022-09-30": {
        "Tax Effect Of Unusual Items": 0.0,
        "Tax Rate For Calcs": 0.0,
        "Normalized EBITDA": -9477000.0,
        "Total Unusual Items": 0.0,
        "Total Unusual Items Excluding Goodwill": 0.0,
        "Net Income From Continuing Operation Net Minority Interest": -10714000.0,
        "Reconciled Depreciation": 205000.0,
        "Reconciled Cost Of Revenue": 3840000.0,
        "EBITDA": -9477000.0,
        "EBIT": -9682000.0,
        "Net Interest Income": -1032000.0,
        "Interest Expense": 1032000.0,
        "Normalized Income": -10714000.0,
        "Net Income From Continuing And Discontinued Operation": -10714000.0,
        "Total Expenses": 20646000.0,
        "Total Operating Income As Reported": -9487000.0,
        "Diluted Average Shares": 16758573.0,
        "Basic Average Shares": 16758573.0,
        "Diluted EPS": -0.64,
        "Basic EPS": -0.64,
        "Diluted NI Availto Com Stockholders": -10714000.0,
        "Net Income Common Stockholders": -10714000.0,
        "Net Income": -10714000.0,
        "Net Income Including Noncontrolling Interests": -10714000.0,
        "Net Income Continuous Operations": -10714000.0,
        "Pretax Income": -10714000.0,
        "Other Income Expense": -195000.0,
        "Other Non Operating Income Expenses": -195000.0,
        "Special Income Charges": 0.0,
        "Other Special Charges": NaN,
        "Net Non Operating Interest Income Expense": -1032000.0,
        "Interest Expense Non Operating": 1032000.0,
        "Operating Income": -9487000.0,
        "Operating Expense": 16806000.0,
        "Research And Development": 2102000.0,
        "Selling General And Administration": 14704000.0,
        "Selling And Marketing Expense": 11172000.0,
        "General And Administrative Expense": 3532000.0,
        "Other Gand A": 3532000.0,
        "Gross Profit": 7319000.0,
        "Cost Of Revenue": 3840000.0,
        "Total Revenue": 11159000.0,
        "Operating Revenue": 11159000.0
    },
    "2022-06-30": {
        "Tax Effect Of Unusual Items": 0.0,
        "Tax Rate For Calcs": 0.0,
        "Normalized EBITDA": -10579000.0,
        "Total Unusual Items": -1228000.0,
        "Total Unusual Items Excluding Goodwill": -1228000.0,
        "Net Income From Continuing Operation Net Minority Interest": -12741000.0,
        "Reconciled Depreciation": 621000.0,
        "Reconciled Cost Of Revenue": 3856000.0,
        "EBITDA": -11807000.0,
        "EBIT": -11807000.0,
        "Net Interest Income": -934000.0,
        "Interest Expense": 934000.0,
        "Normalized Income": -11513000.0,
        "Net Income From Continuing And Discontinued Operation": -12741000.0,
        "Total Expenses": 20643000.0,
        "Total Operating Income As Reported": -10237000.0,
        "Diluted Average Shares": 14557453.0,
        "Basic Average Shares": 14557453.0,
        "Diluted EPS": -0.88,
        "Basic EPS": -0.88,
        "Diluted NI Availto Com Stockholders": -12741000.0,
        "Net Income Common Stockholders": -12741000.0,
        "Net Income": -12741000.0,
        "Net Income Including Noncontrolling Interests": -12741000.0,
        "Net Income Continuous Operations": -12741000.0,
        "Pretax Income": -12741000.0,
        "Other Income Expense": -1570000.0,
        "Other Non Operating Income Expenses": -342000.0,
        "Special Income Charges": -1228000.0,
        "Other Special Charges": 1228000.0,
        "Net Non Operating Interest Income Expense": -934000.0,
        "Interest Expense Non Operating": 934000.0,
        "Operating Income": -10237000.0,
        "Operating Expense": 16787000.0,
        "Research And Development": 2102000.0,
        "Selling General And Administration": 14685000.0,
        "Selling And Marketing Expense": 11055000.0,
        "General And Administrative Expense": 3630000.0,
        "Other Gand A": 3630000.0,
        "Gross Profit": 6550000.0,
        "Cost Of Revenue": 3856000.0,
        "Total Revenue": 10406000.0,
        "Operating Revenue": 10406000.0
    },
    "2022-03-31": {
        "Diluted EPS": -0.75,
        "Total Revenue": 8,
        "Gross Profit": 5,
        "Operating Income": -10,
        "EBIT": -10,
        "Net Income": -11
    },
    "2021-12-31": {
        "Diluted EPS": -0.6,
        "Total Revenue": 8,
        "Gross Profit": 6,
        "Operating Income": -8,
        "EBIT": -8,
        "Net Income": -9
    },
    "2021-09-30": {
        "Diluted EPS": -0.57,
        "Total Revenue": 8,
        "Gross Profit": 5,
        "Operating Income": -7,
        "EBIT": -7,
        "Net Income": -8
    },
    "2021-06-30": {
        "Diluted EPS": -0.57,
        "Total Revenue": 8,
        "Gross Profit": 5,
        "Operating Income": -7,
        "EBIT": -7,
        "Net Income": -8
    },
    "2021-03-31": {
        "Diluted EPS": -0.56,
        "Total Revenue": 6,
        "Gross Profit": 4,
        "Operating Income": -7,
        "EBIT": -7,
        "Net Income": -8
    },
    "2020-12-31": {
        "Diluted EPS": -0.54,
        "Total Revenue": 6,
        "Gross Profit": 4,
        "Operating Income": -7,
        "EBIT": -7,
        "Net Income": -8
    },
    "2020-09-30": {
        "Diluted EPS": -0.53,
        "Total Revenue": 5,
        "Gross Profit": 3,
        "Operating Income": -7,
        "EBIT": -7,
        "Net Income": -8
    },
    "2020-06-30": {
        "Diluted EPS": -0.53,
        "Total Revenue": 4,
        "Gross Profit": 2,
        "Operating Income": -5,
        "EBIT": -5,
        "Net Income": -6
    },
    "2020-03-31": {
        "Diluted EPS": -0.63,
        "Total Revenue": 4,
        "Gross Profit": 2,
        "Operating Income": -6,
        "EBIT": -6,
        "Net Income": -7
    },
    "2019-12-31": {
        "Diluted EPS": 59.54,
        "Total Revenue": 5,
        "Gross Profit": 3,
        "Operating Income": -6,
        "EBIT": -6,
        "Net Income": -7
    },
    "2019-09-30": {
        "Diluted EPS": -22.58,
        "Total Revenue": 4,
        "Gross Profit": 3,
        "Operating Income": -4,
        "EBIT": -4,
        "Net Income": -7
    },
    "2019-06-30": {
        "Diluted EPS": -27.06,
        "Total Revenue": 3,
        "Gross Profit": 2,
        "Operating Income": -4,
        "EBIT": -4,
        "Net Income": -8
    },
    "2019-03-31": {
        "Diluted EPS": -27.0,
        "Total Revenue": 3,
        "Gross Profit": 2,
        "Operating Income": -5,
        "EBIT": -5,
        "Net Income": -8
    },
    "2018-12-31": {
        "Diluted EPS": 0.0,
        "Total Revenue": NaN,
        "Gross Profit": NaN,
        "Operating Income": NaN,
        "EBIT": NaN,
        "Net Income": NaN
    },
    "2018-09-30": {
        "Diluted EPS": -15.84,
        "Total Revenue": 2,
        "Gross Profit": 1,
        "Operating Income": -3,
        "EBIT": -3,
        "Net Income": -5
    },
    "2017-12-31": {
        "Diluted EPS": 0.0,
        "Total Revenue": NaN,
        "Gross Profit": NaN,
        "Operating Income": NaN,
        "EBIT": NaN,
        "Net Income": NaN
    },
    "2023-06-30": {
        "Tax Effect Of Unusual Items": NaN,
        "Tax Rate For Calcs": NaN,
        "Normalized EBITDA": NaN,
        "Total Unusual Items": NaN,
        "Total Unusual Items Excluding Goodwill": NaN,
        "Net Income From Continuing Operation Net Minority Interest": NaN,
        "Reconciled Depreciation": NaN,
        "Reconciled Cost Of Revenue": NaN,
        "EBITDA": NaN,
        "EBIT": NaN,
        "Net Interest Income": NaN,
        "Interest Expense": NaN,
        "Normalized Income": NaN,
        "Net Income From Continuing And Discontinued Operation": NaN,
        "Total Expenses": NaN,
        "Total Operating Income As Reported": NaN,
        "Diluted Average Shares": NaN,
        "Basic Average Shares": NaN,
        "Diluted EPS": NaN,
        "Basic EPS": NaN,
        "Diluted NI Availto Com Stockholders": NaN,
        "Net Income Common Stockholders": NaN,
        "Net Income": NaN,
        "Net Income Including Noncontrolling Interests": NaN,
        "Net Income Continuous Operations": NaN,
        "Pretax Income": NaN,
        "Other Income Expense": NaN,
        "Other Non Operating Income Expenses": NaN,
        "Special Income Charges": NaN,
        "Gain On Sale Of Business": 0.0,
        "Net Non Operating Interest Income Expense": NaN,
        "Interest Expense Non Operating": NaN,
        "Operating Income": NaN,
        "Operating Expense": NaN,
        "Research And Development": NaN,
        "Selling General And Administration": NaN,
        "Selling And Marketing Expense": NaN,
        "General And Administrative Expense": NaN,
        "Other Gand A": NaN,
        "Gross Profit": NaN,
        "Cost Of Revenue": NaN,
        "Total Revenue": NaN,
        "Operating Revenue": NaN
    },
    "2023-09-30": {
        "Tax Effect Of Unusual Items": NaN,
        "Tax Rate For Calcs": NaN,
        "Normalized EBITDA": NaN,
        "Total Unusual Items": NaN,
        "Total Unusual Items Excluding Goodwill": NaN,
        "Net Income From Continuing Operation Net Minority Interest": NaN,
        "Reconciled Depreciation": NaN,
        "Reconciled Cost Of Revenue": NaN,
        "EBITDA": NaN,
        "EBIT": NaN,
        "Net Interest Income": NaN,
        "Interest Expense": NaN,
        "Normalized Income": NaN,
        "Net Income From Continuing And Discontinued Operation": NaN,
        "Total Expenses": NaN,
        "Total Operating Income As Reported": NaN,
        "Diluted Average Shares": 24483664.0,
        "Basic Average Shares": 24483664.0,
        "Diluted EPS": -0.45,
        "Basic EPS": -0.45,
        "Diluted NI Availto Com Stockholders": NaN,
        "Net Income Common Stockholders": NaN,
        "Net Income": NaN,
        "Net Income Including Noncontrolling Interests": NaN,
        "Net Income Continuous Operations": NaN,
        "Pretax Income": NaN,
        "Other Income Expense": NaN,
        "Other Non Operating Income Expenses": NaN,
        "Special Income Charges": NaN,
        "Gain On Sale Of Business": 0.0,
        "Net Non Operating Interest Income Expense": NaN,
        "Interest Expense Non Operating": NaN,
        "Operating Income": NaN,
        "Operating Expense": NaN,
        "Research And Development": NaN,
        "Selling General And Administration": NaN,
        "Selling And Marketing Expense": NaN,
        "General And Administrative Expense": NaN,
        "Other Gand A": NaN,
        "Gross Profit": NaN,
        "Cost Of Revenue": NaN,
        "Total Revenue": NaN,
        "Operating Revenue": NaN
    },
    "2023-12-31": {
        "Tax Effect Of Unusual Items": 0.0,
        "Tax Rate For Calcs": 0.0,
        "Normalized EBITDA": -11384000.0,
        "Total Unusual Items": 0.0,
        "Total Unusual Items Excluding Goodwill": 0.0,
        "Net Income From Continuing Operation Net Minority Interest": -12890000.0,
        "Reconciled Depreciation": 161000.0,
        "Reconciled Cost Of Revenue": 5374000.0,
        "EBITDA": -11384000.0,
        "EBIT": -11545000.0,
        "Net Interest Income": -1345000.0,
        "Interest Expense": 1345000.0,
        "Normalized Income": -12890000.0,
        "Net Income From Continuing And Discontinued Operation": -12890000.0,
        "Total Expenses": 29276000.0,
        "Total Operating Income As Reported": -12278000.0,
        "Diluted Average Shares": 24490066.0,
        "Basic Average Shares": 24490066.0,
        "Diluted EPS": -0.53,
        "Basic EPS": -0.53,
        "Diluted NI Availto Com Stockholders": -12890000.0,
        "Net Income Common Stockholders": -12890000.0,
        "Net Income": -12890000.0,
        "Net Income Including Noncontrolling Interests": -12890000.0,
        "Net Income Continuous Operations": -12890000.0,
        "Pretax Income": -12890000.0,
        "Other Income Expense": 733000.0,
        "Other Non Operating Income Expenses": 733000.0,
        "Special Income Charges": 0.0,
        "Gain On Sale Of Business": NaN,
        "Net Non Operating Interest Income Expense": -1345000.0,
        "Interest Expense Non Operating": 1345000.0,
        "Operating Income": -12278000.0,
        "Operating Expense": 23902000.0,
        "Research And Development": 2685000.0,
        "Selling General And Administration": 21217000.0,
        "Selling And Marketing Expense": 17164000.0,
        "General And Administrative Expense": 4053000.0,
        "Other Gand A": 4053000.0,
        "Gross Profit": 11624000.0,
        "Cost Of Revenue": 5374000.0,
        "Total Revenue": 16998000.0,
        "Operating Revenue": 16998000.0
    },
    "2024-03-31": {
        "Tax Effect Of Unusual Items": NaN,
        "Tax Rate For Calcs": NaN,
        "Normalized EBITDA": NaN,
        "Total Unusual Items": NaN,
        "Total Unusual Items Excluding Goodwill": NaN,
        "Net Income From Continuing Operation Net Minority Interest": NaN,
        "Reconciled Depreciation": NaN,
        "Reconciled Cost Of Revenue": NaN,
        "EBITDA": NaN,
        "EBIT": NaN,
        "Net Interest Income": NaN,
        "Interest Expense": NaN,
        "Normalized Income": NaN,
        "Net Income From Continuing And Discontinued Operation": NaN,
        "Total Expenses": NaN,
        "Total Operating Income As Reported": NaN,
        "Diluted Average Shares": NaN,
        "Basic Average Shares": NaN,
        "Diluted EPS": NaN,
        "Basic EPS": NaN,
        "Diluted NI Availto Com Stockholders": NaN,
        "Net Income Common Stockholders": NaN,
        "Net Income": NaN,
        "Net Income Including Noncontrolling Interests": NaN,
        "Net Income Continuous Operations": NaN,
        "Tax Provision": 0.0,
        "Pretax Income": NaN,
        "Other Income Expense": NaN,
        "Other Non Operating Income Expenses": NaN,
        "Special Income Charges": NaN,
        "Gain On Sale Of Business": NaN,
        "Net Non Operating Interest Income Expense": NaN,
        "Interest Expense Non Operating": NaN,
        "Operating Income": NaN,
        "Operating Expense": NaN,
        "Research And Development": NaN,
        "Selling General And Administration": NaN,
        "Selling And Marketing Expense": NaN,
        "General And Administrative Expense": NaN,
        "Other Gand A": NaN,
        "Gross Profit": NaN,
        "Cost Of Revenue": NaN,
        "Total Revenue": NaN,
        "Operating Revenue": NaN
    },
    "2024-06-30": {
        "Tax Effect Of Unusual Items": NaN,
        "Tax Rate For Calcs": NaN,
        "Normalized EBITDA": NaN,
        "Total Unusual Items": NaN,
        "Total Unusual Items Excluding Goodwill": NaN,
        "Net Income From Continuing Operation Net Minority Interest": NaN,
        "Reconciled Depreciation": NaN,
        "Reconciled Cost Of Revenue": NaN,
        "EBITDA": NaN,
        "EBIT": NaN,
        "Net Interest Income": NaN,
        "Interest Expense": NaN,
        "Normalized Income": NaN,
        "Net Income From Continuing And Discontinued Operation": NaN,
        "Total Expenses": NaN,
        "Total Operating Income As Reported": NaN,
        "Diluted Average Shares": NaN,
        "Basic Average Shares": NaN,
        "Diluted EPS": NaN,
        "Basic EPS": NaN,
        "Diluted NI Availto Com Stockholders": NaN,
        "Net Income Common Stockholders": NaN,
        "Net Income": NaN,
        "Net Income Including Noncontrolling Interests": NaN,
        "Net Income Continuous Operations": NaN,
        "Tax Provision": 0.0,
        "Pretax Income": NaN,
        "Other Income Expense": NaN,
        "Other Non Operating Income Expenses": NaN,
        "Special Income Charges": NaN,
        "Gain On Sale Of Business": NaN,
        "Net Non Operating Interest Income Expense": NaN,
        "Interest Expense Non Operating": NaN,
        "Operating Income": NaN,
        "Operating Expense": NaN,
        "Research And Development": NaN,
        "Selling General And Administration": NaN,
        "Selling And Marketing Expense": NaN,
        "General And Administrative Expense": NaN,
        "Other Gand A": NaN,
        "Gross Profit": NaN,
        "Cost Of Revenue": NaN,
        "Total Revenue": NaN,
        "Operating Revenue": NaN
    },
    "2024-09-30": {
        "Tax Effect Of Unusual Items": 0.0,
        "Tax Rate For Calcs": 0.0,
        "Normalized EBITDA": -8765000.0,
        "Total Unusual Items": 0.0,
        "Total Unusual Items Excluding Goodwill": 0.0,
        "Net Income From Continuing Operation Net Minority Interest": -10372000.0,
        "Reconciled Depreciation": 263000.0,
        "Reconciled Cost Of Revenue": 6099000.0,
        "EBITDA": -8765000.0,
        "EBIT": -9028000.0,
        "Net Interest Income": -1344000.0,
        "Interest Expense": 1344000.0,
        "Normalized Income": -10372000.0,
        "Net Income From Continuing And Discontinued Operation": -10372000.0,
        "Total Expenses": 28322000.0,
        "Total Operating Income As Reported": -9365000.0,
        "Diluted Average Shares": 24703578.0,
        "Basic Average Shares": 24703578.0,
        "Diluted EPS": -0.42,
        "Basic EPS": -0.42,
        "Diluted NI Availto Com Stockholders": -10372000.0,
        "Net Income Common Stockholders": -10372000.0,
        "Net Income": -10372000.0,
        "Net Income Including Noncontrolling Interests": -10372000.0,
        "Net Income Continuous Operations": -10372000.0,
        "Tax Provision": 0.0,
        "Pretax Income": -10372000.0,
        "Other Income Expense": 337000.0,
        "Other Non Operating Income Expenses": 337000.0,
        "Special Income Charges": 0.0,
        "Gain On Sale Of Business": 0.0,
        "Net Non Operating Interest Income Expense": -1344000.0,
        "Interest Expense Non Operating": 1344000.0,
        "Operating Income": -9365000.0,
        "Operating Expense": 22223000.0,
        "Research And Development": 2068000.0,
        "Selling General And Administration": 20155000.0,
        "Selling And Marketing Expense": 16472000.0,
        "General And Administrative Expense": 3683000.0,
        "Other Gand A": 3683000.0,
        "Gross Profit": 12858000.0,
        "Cost Of Revenue": 6099000.0,
        "Total Revenue": 18957000.0,
        "Operating Revenue": 18957000.0
    },
    "2024-12-31": {
        "Tax Effect Of Unusual Items": 0.0,
        "Tax Rate For Calcs": 0.0,
        "Normalized EBITDA": -7803000.0,
        "Total Unusual Items": 0.0,
        "Total Unusual Items Excluding Goodwill": 0.0,
        "Net Income From Continuing Operation Net Minority Interest": -9208000.0,
        "Reconciled Depreciation": 266000.0,
        "Reconciled Cost Of Revenue": 6428000.0,
        "EBITDA": -7803000.0,
        "EBIT": -8069000.0,
        "Net Interest Income": -1283000.0,
        "Interest Expense": 1283000.0,
        "Normalized Income": -9208000.0,
        "Net Income From Continuing And Discontinued Operation": -9208000.0,
        "Total Expenses": 26003000.0,
        "Total Operating Income As Reported": -8354000.0,
        "Diluted Average Shares": 40074672.0,
        "Basic Average Shares": 40074672.0,
        "Diluted EPS": -0.23,
        "Basic EPS": -0.23,
        "Diluted NI Availto Com Stockholders": -9208000.0,
        "Net Income Common Stockholders": -9208000.0,
        "Net Income": -9208000.0,
        "Net Income Including Noncontrolling Interests": -9208000.0,
        "Net Income Continuous Operations": -9208000.0,
        "Tax Provision": NaN,
        "Pretax Income": -9352000.0,
        "Other Income Expense": 285000.0,
        "Other Non Operating Income Expenses": 285000.0,
        "Special Income Charges": 0.0,
        "Gain On Sale Of Business": 0.0,
        "Net Non Operating Interest Income Expense": -1283000.0,
        "Interest Expense Non Operating": 1283000.0,
        "Operating Income": -8354000.0,
        "Operating Expense": 19575000.0,
        "Research And Development": 2029000.0,
        "Selling General And Administration": 17546000.0,
        "Selling And Marketing Expense": 13957000.0,
        "General And Administrative Expense": 3589000.0,
        "Other Gand A": 3589000.0,
        "Gross Profit": 11221000.0,
        "Cost Of Revenue": 6428000.0,
        "Total Revenue": 17649000.0,
        "Operating Revenue": 17649000.0
    },
    "2025-03-31": {
        "Tax Effect Of Unusual Items": 0.0,
        "Tax Rate For Calcs": 0.21,
        "Normalized EBITDA": -9726000.0,
        "Total Unusual Items": 0.0,
        "Total Unusual Items Excluding Goodwill": 0.0,
        "Net Income From Continuing Operation Net Minority Interest": -11264000.0,
        "Reconciled Depreciation": 267000.0,
        "Reconciled Cost Of Revenue": 6008000.0,
        "EBITDA": -9726000.0,
        "EBIT": -9993000.0,
        "Net Interest Income": -1219000.0,
        "Interest Expense": 1219000.0,
        "Normalized Income": -11264000.0,
        "Net Income From Continuing And Discontinued Operation": -11264000.0,
        "Total Expenses": 28992000.0,
        "Total Operating Income As Reported": -10472000.0,
        "Diluted Average Shares": 45267020.0,
        "Basic Average Shares": 45267020.0,
        "Diluted EPS": -0.25,
        "Basic EPS": -0.25,
        "Diluted NI Availto Com Stockholders": -11264000.0,
        "Net Income Common Stockholders": -11264000.0,
        "Net Income": -11264000.0,
        "Net Income Including Noncontrolling Interests": -11264000.0,
        "Net Income Continuous Operations": -11264000.0,
        "Tax Provision": 52000.0,
        "Pretax Income": -11212000.0,
        "Other Income Expense": 479000.0,
        "Other Non Operating Income Expenses": 479000.0,
        "Special Income Charges": 0.0,
        "Gain On Sale Of Business": 0.0,
        "Net Non Operating Interest Income Expense": -1219000.0,
        "Interest Expense Non Operating": 1219000.0,
        "Operating Income": -10472000.0,
        "Operating Expense": 22984000.0,
        "Research And Development": 2540000.0,
        "Selling General And Administration": 20444000.0,
        "Selling And Marketing Expense": 16608000.0,
        "General And Administrative Expense": 3836000.0,
        "Other Gand A": 3836000.0,
        "Gross Profit": 12512000.0,
        "Cost Of Revenue": 6008000.0,
        "Total Revenue": 18520000.0,
        "Operating Revenue": 18520000.0
    },
    "2025-06-30": {
        "Tax Effect Of Unusual Items": 0.0,
        "Tax Rate For Calcs": 0.21,
        "Normalized EBITDA": -8432000.0,
        "Total Unusual Items": 0.0,
        "Total Unusual Items Excluding Goodwill": 0.0,
        "Net Income From Continuing Operation Net Minority Interest": -9923000.0,
        "Reconciled Depreciation": 270000.0,
        "Reconciled Cost Of Revenue": 6092000.0,
        "EBITDA": -8432000.0,
        "EBIT": -8702000.0,
        "Net Interest Income": -1188000.0,
        "Interest Expense": 1188000.0,
        "Normalized Income": -9923000.0,
        "Net Income From Continuing And Discontinued Operation": -9923000.0,
        "Total Expenses": 29278000.0,
        "Total Operating Income As Reported": -9081000.0,
        "Diluted Average Shares": 45365325.0,
        "Basic Average Shares": 45365325.0,
        "Diluted EPS": -0.22,
        "Basic EPS": -0.22,
        "Diluted NI Availto Com Stockholders": -9923000.0,
        "Net Income Common Stockholders": -9923000.0,
        "Net Income": -9923000.0,
        "Net Income Including Noncontrolling Interests": -9923000.0,
        "Net Income Continuous Operations": -9923000.0,
        "Tax Provision": 33000.0,
        "Pretax Income": -9890000.0,
        "Other Income Expense": 379000.0,
        "Other Non Operating Income Expenses": 379000.0,
        "Special Income Charges": 0.0,
        "Gain On Sale Of Business": 0.0,
        "Net Non Operating Interest Income Expense": -1188000.0,
        "Interest Expense Non Operating": 1188000.0,
        "Operating Income": -9081000.0,
        "Operating Expense": 23186000.0,
        "Research And Development": 2203000.0,
        "Selling General And Administration": 20983000.0,
        "Selling And Marketing Expense": 16857000.0,
        "General And Administrative Expense": 4126000.0,
        "Other Gand A": 4126000.0,
        "Gross Profit": 14105000.0,
        "Cost Of Revenue": 6092000.0,
        "Total Revenue": 20197000.0,
        "Operating Revenue": 20197000.0
    },
    "2025-09-30": {
        "Tax Effect Of Unusual Items": 0.0,
        "Tax Rate For Calcs": 0.0,
        "Normalized EBITDA": -7154000.0,
        "Total Unusual Items": 0.0,
        "Total Unusual Items Excluding Goodwill": 0.0,
        "Net Income From Continuing Operation Net Minority Interest": -8603000.0,
        "Reconciled Depreciation": 248000.0,
        "Reconciled Cost Of Revenue": 6720000.0,
        "EBITDA": -7154000.0,
        "EBIT": -7402000.0,
        "Net Interest Income": -1201000.0,
        "Interest Expense": 1201000.0,
        "Normalized Income": -8603000.0,
        "Net Income From Continuing And Discontinued Operation": -8603000.0,
        "Total Expenses": 28243000.0,
        "Total Operating Income As Reported": -7554000.0,
        "Diluted Average Shares": 45421795.0,
        "Basic Average Shares": 45421795.0,
        "Diluted EPS": -0.19,
        "Basic EPS": -0.19,
        "Diluted NI Availto Com Stockholders": -8603000.0,
        "Net Income Common Stockholders": -8603000.0,
        "Net Income": -8603000.0,
        "Net Income Including Noncontrolling Interests": -8603000.0,
        "Net Income Continuous Operations": -8603000.0,
        "Tax Provision": 0.0,
        "Pretax Income": -8603000.0,
        "Other Income Expense": 152000.0,
        "Other Non Operating Income Expenses": 152000.0,
        "Special Income Charges": 0.0,
        "Gain On Sale Of Business": 0.0,
        "Net Non Operating Interest Income Expense": -1201000.0,
        "Interest Expense Non Operating": 1201000.0,
        "Operating Income": -7554000.0,
        "Operating Expense": 21523000.0,
        "Research And Development": 2348000.0,
        "Selling General And Administration": 19175000.0,
        "Selling And Marketing Expense": 15227000.0,
        "General And Administrative Expense": 3948000.0,
        "Other Gand A": 3948000.0,
        "Gross Profit": 13969000.0,
        "Cost Of Revenue": 6720000.0,
        "Total Revenue": 20689000.0,
        "Operating Revenue": 20689000.0
    }
}