{
    "2024-03-31": {
        "Tax Effect Of Unusual Items": NaN,
        "Tax Rate For Calcs": NaN,
        "Normalized EBITDA": NaN,
        "Total Unusual Items": NaN,
        "Total Unusual Items Excluding Goodwill": NaN,
        "Net Income From Continuing Operation Net Minority Interest": NaN,
        "Reconciled Depreciation": NaN,
        "Reconciled Cost Of Revenue": NaN,
        "EBITDA": NaN,
        "EBIT": NaN,
        "Net Interest Income": NaN,
        "Interest Expense": NaN,
        "Interest Income": NaN,
        "Normalized Income": NaN,
        "Net Income From Continuing And Discontinued Operation": NaN,
        "Total Expenses": NaN,
        "Total Operating Income As Reported": NaN,
        "Diluted Average Shares": NaN,
        "Basic Average Shares": NaN,
        "Diluted EPS": NaN,
        "Basic EPS": NaN,
        "Diluted NI Availto Com Stockholders": NaN,
        "Net Income Common Stockholders": NaN,
        "Otherunder Preferred Stock Dividend": 0.0,
        "Preferred Stock Dividends": 28313000.0,
        "Net Income": NaN,
        "Net Income Including Noncontrolling Interests": NaN,
        "Net Income Continuous Operations": NaN,
        "Earnings From Equity Interest Net Of Tax": NaN,
        "Tax Provision": NaN,
        "Pretax Income": NaN,
        "Other Income Expense": NaN,
        "Other Non Operating Income Expenses": NaN,
        "Special Income Charges": NaN,
        "Other Special Charges": NaN,
        "Net Non Operating Interest Income Expense": NaN,
        "Interest Expense Non Operating": NaN,
        "Interest Income Non Operating": NaN,
        "Operating Income": NaN,
        "Operating Expense": NaN,
        "Research And Development": NaN,
        "Selling General And Administration": NaN,
        "Gross Profit": NaN,
        "Cost Of Revenue": NaN,
        "Total Revenue": NaN,
        "Operating Revenue": NaN
    },
    "2023-12-31": {
        "Tax Effect Of Unusual Items": NaN,
        "Tax Rate For Calcs": NaN,
        "Normalized EBITDA": NaN,
        "Net Income From Continuing Operation Net Minority Interest": NaN,
        "Reconciled Depreciation": NaN,
        "Reconciled Cost Of Revenue": NaN,
        "EBITDA": NaN,
        "EBIT": NaN,
        "Net Interest Income": NaN,
        "Interest Expense": NaN,
        "Interest Income": NaN,
        "Normalized Income": NaN,
        "Net Income From Continuing And Discontinued Operation": NaN,
        "Total Expenses": NaN,
        "Total Operating Income As Reported": NaN,
        "Diluted Average Shares": NaN,
        "Basic Average Shares": NaN,
        "Diluted EPS": NaN,
        "Basic EPS": NaN,
        "Diluted NI Availto Com Stockholders": NaN,
        "Net Income Common Stockholders": NaN,
        "Otherunder Preferred Stock Dividend": 4338000.0,
        "Preferred Stock Dividends": 12569000.0,
        "Net Income": NaN,
        "Net Income Including Noncontrolling Interests": NaN,
        "Net Income Continuous Operations": NaN,
        "Earnings From Equity Interest Net Of Tax": NaN,
        "Tax Provision": NaN,
        "Pretax Income": NaN,
        "Other Income Expense": NaN,
        "Other Non Operating Income Expenses": NaN,
        "Net Non Operating Interest Income Expense": NaN,
        "Interest Expense Non Operating": NaN,
        "Interest Income Non Operating": NaN,
        "Operating Income": NaN,
        "Operating Expense": NaN,
        "Research And Development": NaN,
        "Selling General And Administration": NaN,
        "Gross Profit": NaN,
        "Cost Of Revenue": NaN,
        "Total Revenue": NaN,
        "Operating Revenue": NaN
    },
    "2023-03-31": {
        "Tax Effect Of Unusual Items": NaN,
        "Tax Rate For Calcs": NaN,
        "Normalized EBITDA": NaN,
        "Net Income From Continuing Operation Net Minority Interest": NaN,
        "Reconciled Depreciation": NaN,
        "Reconciled Cost Of Revenue": NaN,
        "EBITDA": NaN,
        "EBIT": NaN,
        "Net Interest Income": NaN,
        "Interest Expense": NaN,
        "Interest Income": NaN,
        "Normalized Income": NaN,
        "Net Income From Continuing And Discontinued Operation": NaN,
        "Total Expenses": NaN,
        "Total Operating Income As Reported": NaN,
        "Diluted Average Shares": NaN,
        "Basic Average Shares": NaN,
        "Diluted EPS": NaN,
        "Basic EPS": NaN,
        "Diluted NI Availto Com Stockholders": NaN,
        "Net Income Common Stockholders": NaN,
        "Otherunder Preferred Stock Dividend": 0.0,
        "Preferred Stock Dividends": NaN,
        "Net Income": NaN,
        "Net Income Including Noncontrolling Interests": NaN,
        "Net Income Continuous Operations": NaN,
        "Earnings From Equity Interest Net Of Tax": NaN,
        "Tax Provision": NaN,
        "Pretax Income": NaN,
        "Other Income Expense": NaN,
        "Other Non Operating Income Expenses": NaN,
        "Net Non Operating Interest Income Expense": NaN,
        "Interest Expense Non Operating": NaN,
        "Interest Income Non Operating": NaN,
        "Operating Income": NaN,
        "Operating Expense": NaN,
        "Research And Development": NaN,
        "Selling General And Administration": NaN,
        "Gross Profit": NaN,
        "Cost Of Revenue": NaN,
        "Total Revenue": NaN,
        "Operating Revenue": NaN
    },
    "2022-12-31": {
        "Tax Effect Of Unusual Items": NaN,
        "Tax Rate For Calcs": NaN,
        "Normalized EBITDA": NaN,
        "Net Income From Continuing Operation Net Minority Interest": NaN,
        "Reconciled Depreciation": NaN,
        "Reconciled Cost Of Revenue": NaN,
        "EBITDA": NaN,
        "EBIT": NaN,
        "Net Interest Income": NaN,
        "Interest Expense": NaN,
        "Interest Income": NaN,
        "Normalized Income": NaN,
        "Net Income From Continuing And Discontinued Operation": NaN,
        "Total Expenses": NaN,
        "Total Operating Income As Reported": NaN,
        "Diluted Average Shares": NaN,
        "Basic Average Shares": NaN,
        "Diluted EPS": NaN,
        "Basic EPS": NaN,
        "Diluted NI Availto Com Stockholders": NaN,
        "Net Income Common Stockholders": NaN,
        "Otherunder Preferred Stock Dividend": 0.0,
        "Preferred Stock Dividends": NaN,
        "Net Income": NaN,
        "Net Income Including Noncontrolling Interests": NaN,
        "Net Income Continuous Operations": NaN,
        "Earnings From Equity Interest Net Of Tax": NaN,
        "Tax Provision": NaN,
        "Pretax Income": NaN,
        "Other Income Expense": NaN,
        "Other Non Operating Income Expenses": NaN,
        "Net Non Operating Interest Income Expense": NaN,
        "Interest Expense Non Operating": NaN,
        "Interest Income Non Operating": NaN,
        "Operating Income": NaN,
        "Operating Expense": NaN,
        "Research And Development": NaN,
        "Selling General And Administration": NaN,
        "Gross Profit": NaN,
        "Cost Of Revenue": NaN,
        "Total Revenue": NaN,
        "Operating Revenue": NaN
    },
    "2024-06-30": {
        "Tax Effect Of Unusual Items": NaN,
        "Tax Rate For Calcs": NaN,
        "Normalized EBITDA": NaN,
        "Total Unusual Items": NaN,
        "Total Unusual Items Excluding Goodwill": NaN,
        "Net Income From Continuing Operation Net Minority Interest": NaN,
        "Reconciled Depreciation": NaN,
        "Reconciled Cost Of Revenue": NaN,
        "EBITDA": NaN,
        "EBIT": NaN,
        "Net Interest Income": NaN,
        "Interest Expense": NaN,
        "Interest Income": NaN,
        "Normalized Income": NaN,
        "Net Income From Continuing And Discontinued Operation": NaN,
        "Total Expenses": NaN,
        "Total Operating Income As Reported": NaN,
        "Diluted Average Shares": 82325000.0,
        "Basic Average Shares": 82325000.0,
        "Diluted EPS": -6.86,
        "Basic EPS": -6.86,
        "Diluted NI Availto Com Stockholders": NaN,
        "Net Income Common Stockholders": NaN,
        "Otherunder Preferred Stock Dividend": NaN,
        "Preferred Stock Dividends": 12208000.0,
        "Net Income": NaN,
        "Net Income Including Noncontrolling Interests": NaN,
        "Net Income Continuous Operations": NaN,
        "Earnings From Equity Interest Net Of Tax": NaN,
        "Tax Provision": NaN,
        "Pretax Income": NaN,
        "Other Income Expense": NaN,
        "Other Non Operating Income Expenses": NaN,
        "Special Income Charges": NaN,
        "Other Special Charges": NaN,
        "Net Non Operating Interest Income Expense": NaN,
        "Interest Expense Non Operating": NaN,
        "Interest Income Non Operating": NaN,
        "Operating Income": NaN,
        "Operating Expense": NaN,
        "Research And Development": NaN,
        "Selling General And Administration": NaN,
        "Gross Profit": NaN,
        "Cost Of Revenue": NaN,
        "Total Revenue": NaN,
        "Operating Revenue": NaN
    },
    "2023-09-30": {
        "Tax Effect Of Unusual Items": NaN,
        "Tax Rate For Calcs": NaN,
        "Normalized EBITDA": NaN,
        "Net Income From Continuing Operation Net Minority Interest": NaN,
        "Reconciled Depreciation": NaN,
        "Reconciled Cost Of Revenue": NaN,
        "EBITDA": NaN,
        "EBIT": NaN,
        "Net Interest Income": NaN,
        "Interest Expense": NaN,
        "Interest Income": NaN,
        "Normalized Income": NaN,
        "Net Income From Continuing And Discontinued Operation": NaN,
        "Total Expenses": NaN,
        "Total Operating Income As Reported": NaN,
        "Diluted Average Shares": 63430000.0,
        "Basic Average Shares": 63430000.0,
        "Diluted EPS": -1.030002,
        "Basic EPS": -1.030002,
        "Diluted NI Availto Com Stockholders": NaN,
        "Net Income Common Stockholders": NaN,
        "Otherunder Preferred Stock Dividend": NaN,
        "Preferred Stock Dividends": 11907000.0,
        "Net Income": NaN,
        "Net Income Including Noncontrolling Interests": NaN,
        "Net Income Continuous Operations": NaN,
        "Earnings From Equity Interest Net Of Tax": NaN,
        "Tax Provision": NaN,
        "Pretax Income": NaN,
        "Other Income Expense": NaN,
        "Other Non Operating Income Expenses": NaN,
        "Net Non Operating Interest Income Expense": NaN,
        "Interest Expense Non Operating": NaN,
        "Interest Income Non Operating": NaN,
        "Operating Income": NaN,
        "Operating Expense": NaN,
        "Research And Development": NaN,
        "Selling General And Administration": NaN,
        "Gross Profit": NaN,
        "Cost Of Revenue": NaN,
        "Total Revenue": NaN,
        "Operating Revenue": NaN
    },
    "2023-06-30": {
        "Tax Effect Of Unusual Items": NaN,
        "Tax Rate For Calcs": NaN,
        "Normalized EBITDA": NaN,
        "Net Income From Continuing Operation Net Minority Interest": NaN,
        "Reconciled Depreciation": NaN,
        "Reconciled Cost Of Revenue": NaN,
        "EBITDA": NaN,
        "EBIT": NaN,
        "Net Interest Income": NaN,
        "Interest Expense": NaN,
        "Interest Income": NaN,
        "Normalized Income": NaN,
        "Net Income From Continuing And Discontinued Operation": NaN,
        "Total Expenses": NaN,
        "Total Operating Income As Reported": NaN,
        "Diluted Average Shares": 63286000.0,
        "Basic Average Shares": 63286000.0,
        "Diluted EPS": -1.07,
        "Basic EPS": -1.07,
        "Diluted NI Availto Com Stockholders": NaN,
        "Net Income Common Stockholders": NaN,
        "Otherunder Preferred Stock Dividend": NaN,
        "Preferred Stock Dividends": NaN,
        "Net Income": NaN,
        "Net Income Including Noncontrolling Interests": NaN,
        "Net Income Continuous Operations": NaN,
        "Earnings From Equity Interest Net Of Tax": NaN,
        "Tax Provision": NaN,
        "Pretax Income": NaN,
        "Other Income Expense": NaN,
        "Other Non Operating Income Expenses": NaN,
        "Net Non Operating Interest Income Expense": NaN,
        "Interest Expense Non Operating": NaN,
        "Interest Income Non Operating": NaN,
        "Operating Income": NaN,
        "Operating Expense": NaN,
        "Research And Development": NaN,
        "Selling General And Administration": NaN,
        "Gross Profit": NaN,
        "Cost Of Revenue": NaN,
        "Total Revenue": NaN,
        "Operating Revenue": NaN
    },
    "2024-09-30": {
        "Tax Effect Of Unusual Items": 0.0,
        "Tax Rate For Calcs": 0.21,
        "Normalized EBITDA": -50909000.0,
        "Total Unusual Items": NaN,
        "Total Unusual Items Excluding Goodwill": NaN,
        "Net Income From Continuing Operation Net Minority Interest": -75840000.0,
        "Reconciled Depreciation": 9440000.0,
        "Reconciled Cost Of Revenue": 75090000.0,
        "EBITDA": -50909000.0,
        "EBIT": -60349000.0,
        "Net Interest Income": -8972000.0,
        "Interest Expense": 13761000.0,
        "Interest Income": 4789000.0,
        "Normalized Income": -75840000.0,
        "Net Income From Continuing And Discontinued Operation": -75840000.0,
        "Total Expenses": 234545000.0,
        "Total Operating Income As Reported": -53616000.0,
        "Diluted Average Shares": 165612000.0,
        "Basic Average Shares": 165612000.0,
        "Diluted EPS": -0.46,
        "Basic EPS": -0.46,
        "Diluted NI Availto Com Stockholders": -75840000.0,
        "Net Income Common Stockholders": -75840000.0,
        "Otherunder Preferred Stock Dividend": NaN,
        "Preferred Stock Dividends": NaN,
        "Net Income": -75840000.0,
        "Net Income Including Noncontrolling Interests": -75840000.0,
        "Net Income Continuous Operations": -75840000.0,
        "Earnings From Equity Interest Net Of Tax": -1692000.0,
        "Tax Provision": 38000.0,
        "Pretax Income": -74110000.0,
        "Other Income Expense": -11522000.0,
        "Other Non Operating Income Expenses": -11522000.0,
        "Special Income Charges": NaN,
        "Other Special Charges": NaN,
        "Net Non Operating Interest Income Expense": -8972000.0,
        "Interest Expense Non Operating": 13761000.0,
        "Interest Income Non Operating": 4789000.0,
        "Operating Income": -53616000.0,
        "Operating Expense": 159455000.0,
        "Research And Development": 58028000.0,
        "Selling General And Administration": 101427000.0,
        "Gross Profit": 105839000.0,
        "Cost Of Revenue": 75090000.0,
        "Total Revenue": 180929000.0,
        "Operating Revenue": 180929000.0
    },
    "2024-12-31": {
        "Tax Effect Of Unusual Items": 0.0,
        "Tax Rate For Calcs": 0.21,
        "Normalized EBITDA": 12460000.0,
        "Total Unusual Items": NaN,
        "Total Unusual Items Excluding Goodwill": NaN,
        "Net Income From Continuing Operation Net Minority Interest": -13014000.0,
        "Reconciled Depreciation": 9457000.0,
        "Reconciled Cost Of Revenue": 78616000.0,
        "EBITDA": 12460000.0,
        "EBIT": 3003000.0,
        "Net Interest Income": -9813000.0,
        "Interest Expense": 13359000.0,
        "Interest Income": 3546000.0,
        "Normalized Income": -13014000.0,
        "Net Income From Continuing And Discontinued Operation": -13014000.0,
        "Total Expenses": 251380000.0,
        "Total Operating Income As Reported": -50700000.0,
        "Diluted Average Shares": NaN,
        "Basic Average Shares": NaN,
        "Diluted EPS": NaN,
        "Basic EPS": NaN,
        "Diluted NI Availto Com Stockholders": -13014000.0,
        "Net Income Common Stockholders": -13014000.0,
        "Otherunder Preferred Stock Dividend": NaN,
        "Preferred Stock Dividends": 0.0,
        "Net Income": -13014000.0,
        "Net Income Including Noncontrolling Interests": -13014000.0,
        "Net Income Continuous Operations": -13014000.0,
        "Earnings From Equity Interest Net Of Tax": -2536000.0,
        "Tax Provision": 122000.0,
        "Pretax Income": -10356000.0,
        "Other Income Expense": 50157000.0,
        "Other Non Operating Income Expenses": 50157000.0,
        "Special Income Charges": NaN,
        "Other Special Charges": NaN,
        "Net Non Operating Interest Income Expense": -9813000.0,
        "Interest Expense Non Operating": 13359000.0,
        "Interest Income Non Operating": 3546000.0,
        "Operating Income": -50700000.0,
        "Operating Expense": 172764000.0,
        "Research And Development": 61476000.0,
        "Selling General And Administration": 111288000.0,
        "Gross Profit": 122064000.0,
        "Cost Of Revenue": 78616000.0,
        "Total Revenue": 200680000.0,
        "Operating Revenue": 200680000.0
    },
    "2025-03-31": {
        "Tax Effect Of Unusual Items": 0.0,
        "Tax Rate For Calcs": 0.21,
        "Normalized EBITDA": -73978000.0,
        "Total Unusual Items": NaN,
        "Total Unusual Items Excluding Goodwill": NaN,
        "Net Income From Continuing Operation Net Minority Interest": -68037000.0,
        "Reconciled Depreciation": 20353000.0,
        "Reconciled Cost Of Revenue": 100534000.0,
        "EBITDA": -73978000.0,
        "EBIT": -94331000.0,
        "Net Interest Income": -16190000.0,
        "Interest Expense": 18003000.0,
        "Interest Income": 1813000.0,
        "Normalized Income": -68037000.0,
        "Net Income From Continuing And Discontinued Operation": -68037000.0,
        "Total Expenses": 324426000.0,
        "Total Operating Income As Reported": -68689000.0,
        "Diluted Average Shares": 170506000.0,
        "Basic Average Shares": 170506000.0,
        "Diluted EPS": -0.4,
        "Basic EPS": -0.4,
        "Diluted NI Availto Com Stockholders": -68037000.0,
        "Net Income Common Stockholders": -68037000.0,
        "Otherunder Preferred Stock Dividend": NaN,
        "Preferred Stock Dividends": NaN,
        "Net Income": -68037000.0,
        "Net Income Including Noncontrolling Interests": -68037000.0,
        "Net Income Continuous Operations": -68037000.0,
        "Earnings From Equity Interest Net Of Tax": -1883000.0,
        "Tax Provision": -46180000.0,
        "Pretax Income": -112334000.0,
        "Other Income Expense": -27455000.0,
        "Other Non Operating Income Expenses": -27455000.0,
        "Special Income Charges": NaN,
        "Other Special Charges": NaN,
        "Net Non Operating Interest Income Expense": -16190000.0,
        "Interest Expense Non Operating": 18003000.0,
        "Interest Income Non Operating": 1813000.0,
        "Operating Income": -68689000.0,
        "Operating Expense": 223892000.0,
        "Research And Development": 69265000.0,
        "Selling General And Administration": 154627000.0,
        "Gross Profit": 155203000.0,
        "Cost Of Revenue": 100534000.0,
        "Total Revenue": 255737000.0,
        "Operating Revenue": 255737000.0
    },
    "2025-06-30": {
        "Tax Effect Of Unusual Items": 0.0,
        "Tax Rate For Calcs": 0.21,
        "Normalized EBITDA": 9080000.0,
        "Total Unusual Items": NaN,
        "Total Unusual Items Excluding Goodwill": NaN,
        "Net Income From Continuing Operation Net Minority Interest": -42843000.0,
        "Reconciled Depreciation": 28032000.0,
        "Reconciled Cost Of Revenue": 119596000.0,
        "EBITDA": 9080000.0,
        "EBIT": -18952000.0,
        "Net Interest Income": -20486000.0,
        "Interest Expense": 21579000.0,
        "Interest Income": 1093000.0,
        "Normalized Income": -42843000.0,
        "Net Income From Continuing And Discontinued Operation": -42843000.0,
        "Total Expenses": 376409000.0,
        "Total Operating Income As Reported": -61774000.0,
        "Diluted Average Shares": 173381000.0,
        "Basic Average Shares": 173381000.0,
        "Diluted EPS": -0.25,
        "Basic EPS": -0.25,
        "Diluted NI Availto Com Stockholders": -42843000.0,
        "Net Income Common Stockholders": -42843000.0,
        "Otherunder Preferred Stock Dividend": NaN,
        "Preferred Stock Dividends": NaN,
        "Net Income": -42843000.0,
        "Net Income Including Noncontrolling Interests": -42843000.0,
        "Net Income Continuous Operations": -42843000.0,
        "Earnings From Equity Interest Net Of Tax": -2100000.0,
        "Tax Provision": 212000.0,
        "Pretax Income": -40531000.0,
        "Other Income Expense": 41729000.0,
        "Other Non Operating Income Expenses": 41729000.0,
        "Special Income Charges": NaN,
        "Other Special Charges": NaN,
        "Net Non Operating Interest Income Expense": -20486000.0,
        "Interest Expense Non Operating": 21579000.0,
        "Interest Income Non Operating": 1093000.0,
        "Operating Income": -61774000.0,
        "Operating Expense": 256813000.0,
        "Research And Development": 76101000.0,
        "Selling General And Administration": 180712000.0,
        "Gross Profit": 195039000.0,
        "Cost Of Revenue": 119596000.0,
        "Total Revenue": 314635000.0,
        "Operating Revenue": 314635000.0
    },
    "2025-09-30": {
        "Tax Effect Of Unusual Items": -2527140.0,
        "Tax Rate For Calcs": 0.21,
        "Normalized EBITDA": -26760000.0,
        "Total Unusual Items": -12034000.0,
        "Total Unusual Items Excluding Goodwill": -12034000.0,
        "Net Income From Continuing Operation Net Minority Interest": -79982000.0,
        "Reconciled Depreciation": 27031000.0,
        "Reconciled Cost Of Revenue": 124264000.0,
        "EBITDA": -38794000.0,
        "EBIT": -65825000.0,
        "Net Interest Income": -10799000.0,
        "Interest Expense": 15399000.0,
        "Interest Income": 4600000.0,
        "Normalized Income": -70475140.0,
        "Net Income From Continuing And Discontinued Operation": -79982000.0,
        "Total Expenses": 395202000.0,
        "Total Operating Income As Reported": -60996000.0,
        "Diluted Average Shares": 174945000.0,
        "Basic Average Shares": 174945000.0,
        "Diluted EPS": -0.46,
        "Basic EPS": -0.46,
        "Diluted NI Availto Com Stockholders": -79982000.0,
        "Net Income Common Stockholders": -79982000.0,
        "Otherunder Preferred Stock Dividend": NaN,
        "Preferred Stock Dividends": NaN,
        "Net Income": -79982000.0,
        "Net Income Including Noncontrolling Interests": -79982000.0,
        "Net Income Continuous Operations": -79982000.0,
        "Earnings From Equity Interest Net Of Tax": 1518000.0,
        "Tax Provision": 276000.0,
        "Pretax Income": -81224000.0,
        "Other Income Expense": -9429000.0,
        "Other Non Operating Income Expenses": 2605000.0,
        "Special Income Charges": -12034000.0,
        "Other Special Charges": 12034000.0,
        "Net Non Operating Interest Income Expense": -10799000.0,
        "Interest Expense Non Operating": 15399000.0,
        "Interest Income Non Operating": 4600000.0,
        "Operating Income": -60996000.0,
        "Operating Expense": 270938000.0,
        "Research And Development": 83047000.0,
        "Selling General And Administration": 187891000.0,
        "Gross Profit": 209942000.0,
        "Cost Of Revenue": 124264000.0,
        "Total Revenue": 334206000.0,
        "Operating Revenue": 334206000.0
    }
}