{
    "2024-03-31": {
        "Tax Effect Of Unusual Items": NaN,
        "Tax Rate For Calcs": NaN,
        "Normalized EBITDA": NaN,
        "Total Unusual Items": 16167000.0,
        "Total Unusual Items Excluding Goodwill": 16167000.0,
        "Net Income From Continuing Operation Net Minority Interest": NaN,
        "Reconciled Cost Of Revenue": 134185000.0,
        "EBITDA": NaN,
        "EBIT": NaN,
        "Net Interest Income": -21897000.0,
        "Interest Expense": NaN,
        "Interest Income": NaN,
        "Normalized Income": NaN,
        "Net Income From Continuing And Discontinued Operation": NaN,
        "Total Expenses": 141511000.0,
        "Rent Expense Supplemental": NaN,
        "Total Operating Income As Reported": NaN,
        "Diluted Average Shares": 29505603.0,
        "Basic Average Shares": 29505603.0,
        "Diluted EPS": 1.6,
        "Basic EPS": 1.6,
        "Diluted NI Availto Com Stockholders": NaN,
        "Net Income Common Stockholders": NaN,
        "Otherunder Preferred Stock Dividend": NaN,
        "Preferred Stock Dividends": 6750000.0,
        "Net Income": NaN,
        "Minority Interests": NaN,
        "Net Income Including Noncontrolling Interests": NaN,
        "Net Income Continuous Operations": NaN,
        "Pretax Income": 54418000.0,
        "Other Income Expense": 16237000.0,
        "Other Non Operating Income Expenses": 70000.0,
        "Special Income Charges": 16167000.0,
        "Gain On Sale Of Ppe": NaN,
        "Gain On Sale Of Security": NaN,
        "Net Non Operating Interest Income Expense": -21897000.0,
        "Total Other Finance Cost": NaN,
        "Interest Expense Non Operating": NaN,
        "Interest Income Non Operating": NaN,
        "Operating Income": NaN,
        "Operating Expense": 7326000.0,
        "Selling General And Administration": 7326000.0,
        "General And Administrative Expense": 7326000.0,
        "Other Gand A": 7326000.0,
        "Gross Profit": 67404000.0,
        "Cost Of Revenue": 134185000.0,
        "Total Revenue": NaN,
        "Operating Revenue": NaN
    },
    "2023-12-31": {
        "Tax Effect Of Unusual Items": NaN,
        "Tax Rate For Calcs": NaN,
        "Normalized EBITDA": NaN,
        "Total Unusual Items": -25998000.0,
        "Total Unusual Items Excluding Goodwill": -25998000.0,
        "Net Income From Continuing Operation Net Minority Interest": NaN,
        "Reconciled Cost Of Revenue": 129594000.0,
        "EBITDA": NaN,
        "EBIT": NaN,
        "Net Interest Income": -23824000.0,
        "Interest Expense": NaN,
        "Interest Income": NaN,
        "Normalized Income": NaN,
        "Net Income From Continuing And Discontinued Operation": NaN,
        "Total Expenses": 137095000.0,
        "Rent Expense Supplemental": NaN,
        "Total Operating Income As Reported": NaN,
        "Diluted Average Shares": NaN,
        "Basic Average Shares": NaN,
        "Diluted EPS": NaN,
        "Basic EPS": NaN,
        "Diluted NI Availto Com Stockholders": NaN,
        "Net Income Common Stockholders": NaN,
        "Otherunder Preferred Stock Dividend": 0.0,
        "Preferred Stock Dividends": 6750000.0,
        "Net Income": NaN,
        "Minority Interests": NaN,
        "Net Income Including Noncontrolling Interests": NaN,
        "Net Income Continuous Operations": NaN,
        "Pretax Income": 33174000.0,
        "Other Income Expense": -26148000.0,
        "Other Non Operating Income Expenses": -150000.0,
        "Special Income Charges": -26367000.0,
        "Gain On Sale Of Ppe": NaN,
        "Gain On Sale Of Security": NaN,
        "Net Non Operating Interest Income Expense": -23824000.0,
        "Total Other Finance Cost": NaN,
        "Interest Expense Non Operating": NaN,
        "Interest Income Non Operating": NaN,
        "Operating Income": NaN,
        "Operating Expense": 7501000.0,
        "Selling General And Administration": 7501000.0,
        "General And Administrative Expense": 7501000.0,
        "Other Gand A": 7501000.0,
        "Gross Profit": 90647000.0,
        "Cost Of Revenue": 129594000.0,
        "Total Revenue": NaN,
        "Operating Revenue": NaN
    },
    "2023-09-30": {
        "Tax Effect Of Unusual Items": NaN,
        "Tax Rate For Calcs": NaN,
        "Normalized EBITDA": NaN,
        "Total Unusual Items": 0.0,
        "Total Unusual Items Excluding Goodwill": 0.0,
        "Net Income From Continuing Operation Net Minority Interest": NaN,
        "Reconciled Cost Of Revenue": 127307000.0,
        "EBITDA": NaN,
        "EBIT": NaN,
        "Net Interest Income": -20823000.0,
        "Interest Expense": NaN,
        "Interest Income": NaN,
        "Normalized Income": NaN,
        "Net Income From Continuing And Discontinued Operation": NaN,
        "Total Expenses": 133651000.0,
        "Rent Expense Supplemental": NaN,
        "Total Operating Income As Reported": NaN,
        "Diluted Average Shares": 29505603.0,
        "Basic Average Shares": 29505603.0,
        "Diluted EPS": 0.83,
        "Basic EPS": 0.83,
        "Diluted NI Availto Com Stockholders": NaN,
        "Net Income Common Stockholders": NaN,
        "Otherunder Preferred Stock Dividend": NaN,
        "Preferred Stock Dividends": 6750000.0,
        "Net Income": NaN,
        "Minority Interests": NaN,
        "Net Income Including Noncontrolling Interests": NaN,
        "Net Income Continuous Operations": NaN,
        "Pretax Income": 32339000.0,
        "Other Income Expense": 154000.0,
        "Other Non Operating Income Expenses": 154000.0,
        "Special Income Charges": 0.0,
        "Gain On Sale Of Ppe": NaN,
        "Gain On Sale Of Security": NaN,
        "Net Non Operating Interest Income Expense": -20823000.0,
        "Total Other Finance Cost": NaN,
        "Interest Expense Non Operating": NaN,
        "Interest Income Non Operating": NaN,
        "Operating Income": NaN,
        "Operating Expense": 6344000.0,
        "Selling General And Administration": 6344000.0,
        "General And Administrative Expense": 6344000.0,
        "Other Gand A": 6344000.0,
        "Gross Profit": 59352000.0,
        "Cost Of Revenue": 127307000.0,
        "Total Revenue": NaN,
        "Operating Revenue": NaN
    },
    "2023-06-30": {
        "Tax Effect Of Unusual Items": NaN,
        "Tax Rate For Calcs": NaN,
        "Normalized EBITDA": NaN,
        "Total Unusual Items": 1043000.0,
        "Total Unusual Items Excluding Goodwill": 1043000.0,
        "Net Income From Continuing Operation Net Minority Interest": NaN,
        "Reconciled Cost Of Revenue": 126556000.0,
        "EBITDA": NaN,
        "EBIT": NaN,
        "Net Interest Income": -21252000.0,
        "Interest Expense": NaN,
        "Interest Income": NaN,
        "Normalized Income": NaN,
        "Net Income From Continuing And Discontinued Operation": NaN,
        "Total Expenses": 138892000.0,
        "Rent Expense Supplemental": NaN,
        "Total Operating Income As Reported": NaN,
        "Diluted Average Shares": 29505603.0,
        "Basic Average Shares": 29505603.0,
        "Diluted EPS": 1.65,
        "Basic EPS": 1.65,
        "Diluted NI Availto Com Stockholders": NaN,
        "Average Dilution Earnings": 0.0,
        "Net Income Common Stockholders": NaN,
        "Otherunder Preferred Stock Dividend": 0.0,
        "Preferred Stock Dividends": 11929000.0,
        "Net Income": NaN,
        "Minority Interests": NaN,
        "Net Income Including Noncontrolling Interests": NaN,
        "Net Income Continuous Operations": NaN,
        "Pretax Income": 62112000.0,
        "Other Income Expense": 802000.0,
        "Other Non Operating Income Expenses": -241000.0,
        "Special Income Charges": 0.0,
        "Gain On Sale Of Ppe": NaN,
        "Gain On Sale Of Security": 1043000.0,
        "Net Non Operating Interest Income Expense": -21252000.0,
        "Total Other Finance Cost": -372000.0,
        "Interest Expense Non Operating": NaN,
        "Interest Income Non Operating": NaN,
        "Operating Income": NaN,
        "Operating Expense": 12336000.0,
        "Selling General And Administration": 12336000.0,
        "General And Administrative Expense": 12336000.0,
        "Other Gand A": 12336000.0,
        "Gross Profit": 94898000.0,
        "Cost Of Revenue": 126556000.0,
        "Total Revenue": NaN,
        "Operating Revenue": NaN
    },
    "2023-03-31": {
        "Tax Effect Of Unusual Items": NaN,
        "Tax Rate For Calcs": NaN,
        "Normalized EBITDA": NaN,
        "Total Unusual Items": NaN,
        "Total Unusual Items Excluding Goodwill": NaN,
        "Net Income From Continuing Operation Net Minority Interest": NaN,
        "Reconciled Cost Of Revenue": NaN,
        "EBITDA": NaN,
        "EBIT": NaN,
        "Net Interest Income": NaN,
        "Interest Expense": NaN,
        "Interest Income": NaN,
        "Normalized Income": NaN,
        "Net Income From Continuing And Discontinued Operation": NaN,
        "Total Expenses": NaN,
        "Rent Expense Supplemental": NaN,
        "Total Operating Income As Reported": NaN,
        "Diluted Average Shares": 29505603.0,
        "Basic Average Shares": 29505603.0,
        "Diluted EPS": 5.69,
        "Basic EPS": 5.69,
        "Diluted NI Availto Com Stockholders": NaN,
        "Average Dilution Earnings": NaN,
        "Net Income Common Stockholders": NaN,
        "Otherunder Preferred Stock Dividend": NaN,
        "Preferred Stock Dividends": NaN,
        "Net Income": NaN,
        "Minority Interests": NaN,
        "Net Income Including Noncontrolling Interests": NaN,
        "Net Income Continuous Operations": NaN,
        "Pretax Income": NaN,
        "Other Income Expense": NaN,
        "Other Non Operating Income Expenses": NaN,
        "Special Income Charges": NaN,
        "Gain On Sale Of Ppe": NaN,
        "Gain On Sale Of Security": NaN,
        "Net Non Operating Interest Income Expense": NaN,
        "Total Other Finance Cost": NaN,
        "Interest Expense Non Operating": NaN,
        "Interest Income Non Operating": NaN,
        "Operating Income": NaN,
        "Operating Expense": NaN,
        "Selling General And Administration": NaN,
        "General And Administrative Expense": NaN,
        "Other Gand A": NaN,
        "Gross Profit": NaN,
        "Cost Of Revenue": NaN,
        "Total Revenue": NaN,
        "Operating Revenue": NaN
    },
    "2022-12-31": {
        "Tax Effect Of Unusual Items": NaN,
        "Tax Rate For Calcs": NaN,
        "Normalized EBITDA": NaN,
        "Total Unusual Items": NaN,
        "Total Unusual Items Excluding Goodwill": NaN,
        "Net Income From Continuing Operation Net Minority Interest": NaN,
        "Reconciled Cost Of Revenue": NaN,
        "EBITDA": NaN,
        "EBIT": NaN,
        "Net Interest Income": NaN,
        "Interest Expense": NaN,
        "Interest Income": NaN,
        "Normalized Income": NaN,
        "Net Income From Continuing And Discontinued Operation": NaN,
        "Total Expenses": NaN,
        "Rent Expense Supplemental": NaN,
        "Total Operating Income As Reported": NaN,
        "Diluted Average Shares": NaN,
        "Basic Average Shares": NaN,
        "Diluted EPS": NaN,
        "Basic EPS": NaN,
        "Diluted NI Availto Com Stockholders": NaN,
        "Average Dilution Earnings": NaN,
        "Net Income Common Stockholders": NaN,
        "Otherunder Preferred Stock Dividend": 522000.0,
        "Preferred Stock Dividends": NaN,
        "Net Income": NaN,
        "Minority Interests": NaN,
        "Net Income Including Noncontrolling Interests": NaN,
        "Net Income Continuous Operations": NaN,
        "Pretax Income": NaN,
        "Other Income Expense": NaN,
        "Other Non Operating Income Expenses": NaN,
        "Special Income Charges": NaN,
        "Gain On Sale Of Ppe": NaN,
        "Gain On Sale Of Security": NaN,
        "Net Non Operating Interest Income Expense": NaN,
        "Total Other Finance Cost": NaN,
        "Interest Expense Non Operating": NaN,
        "Interest Income Non Operating": NaN,
        "Operating Income": NaN,
        "Operating Expense": NaN,
        "Selling General And Administration": NaN,
        "General And Administrative Expense": NaN,
        "Other Gand A": NaN,
        "Gross Profit": NaN,
        "Cost Of Revenue": NaN,
        "Total Revenue": NaN,
        "Operating Revenue": NaN
    },
    "2024-06-30": {
        "Tax Effect Of Unusual Items": NaN,
        "Tax Rate For Calcs": NaN,
        "Normalized EBITDA": NaN,
        "Total Unusual Items": 32309000.0,
        "Total Unusual Items Excluding Goodwill": 32309000.0,
        "Net Income From Continuing Operation Net Minority Interest": NaN,
        "Reconciled Cost Of Revenue": 135696000.0,
        "EBITDA": NaN,
        "EBIT": NaN,
        "Net Interest Income": -25180000.0,
        "Interest Expense": NaN,
        "Interest Income": NaN,
        "Normalized Income": NaN,
        "Net Income From Continuing And Discontinued Operation": NaN,
        "Total Expenses": 143600000.0,
        "Rent Expense Supplemental": NaN,
        "Total Operating Income As Reported": NaN,
        "Diluted Average Shares": 29505603.0,
        "Basic Average Shares": 29505603.0,
        "Diluted EPS": 2.36,
        "Basic EPS": 2.36,
        "Diluted NI Availto Com Stockholders": NaN,
        "Net Income Common Stockholders": NaN,
        "Otherunder Preferred Stock Dividend": NaN,
        "Preferred Stock Dividends": 6750000.0,
        "Net Income": NaN,
        "Minority Interests": NaN,
        "Net Income Including Noncontrolling Interests": NaN,
        "Net Income Continuous Operations": NaN,
        "Pretax Income": 77588000.0,
        "Other Income Expense": 32313000.0,
        "Other Non Operating Income Expenses": 4000.0,
        "Special Income Charges": 32495000.0,
        "Gain On Sale Of Ppe": NaN,
        "Gain On Sale Of Security": -186000.0,
        "Net Non Operating Interest Income Expense": -25180000.0,
        "Total Other Finance Cost": 232000.0,
        "Interest Expense Non Operating": NaN,
        "Interest Income Non Operating": NaN,
        "Operating Income": NaN,
        "Operating Expense": 7904000.0,
        "Selling General And Administration": 7904000.0,
        "General And Administrative Expense": 7904000.0,
        "Other Gand A": 7904000.0,
        "Gross Profit": 78359000.0,
        "Cost Of Revenue": 135696000.0,
        "Total Revenue": NaN,
        "Operating Revenue": NaN
    },
    "2024-09-30": {
        "Tax Effect Of Unusual Items": 0.0,
        "Tax Rate For Calcs": 0.22,
        "Normalized EBITDA": 60214000.0,
        "Total Unusual Items": 0.0,
        "Total Unusual Items Excluding Goodwill": 0.0,
        "Net Income From Continuing Operation Net Minority Interest": 26540000.0,
        "Reconciled Cost Of Revenue": 128985000.0,
        "EBITDA": 60214000.0,
        "EBIT": 60214000.0,
        "Net Interest Income": -28992000.0,
        "Interest Expense": 32209000.0,
        "Interest Income": 3217000.0,
        "Normalized Income": 26540000.0,
        "Net Income From Continuing And Discontinued Operation": 26540000.0,
        "Total Expenses": 143207000.0,
        "Rent Expense Supplemental": 3503000.0,
        "Total Operating Income As Reported": 56951000.0,
        "Diluted Average Shares": 29505603.0,
        "Basic Average Shares": 29505603.0,
        "Diluted EPS": 0.67,
        "Basic EPS": 0.67,
        "Diluted NI Availto Com Stockholders": 19790000.0,
        "Net Income Common Stockholders": 19790000.0,
        "Otherunder Preferred Stock Dividend": 0.0,
        "Preferred Stock Dividends": 6750000.0,
        "Net Income": 26540000.0,
        "Minority Interests": -1465000.0,
        "Net Income Including Noncontrolling Interests": 28005000.0,
        "Net Income Continuous Operations": 28005000.0,
        "Pretax Income": 28005000.0,
        "Other Income Expense": 46000.0,
        "Other Non Operating Income Expenses": 46000.0,
        "Special Income Charges": 0.0,
        "Gain On Sale Of Ppe": 0.0,
        "Gain On Sale Of Security": NaN,
        "Net Non Operating Interest Income Expense": -28992000.0,
        "Total Other Finance Cost": NaN,
        "Interest Expense Non Operating": 32209000.0,
        "Interest Income Non Operating": 3217000.0,
        "Operating Income": 56951000.0,
        "Operating Expense": 14222000.0,
        "Selling General And Administration": 14222000.0,
        "General And Administrative Expense": 14222000.0,
        "Other Gand A": 14222000.0,
        "Gross Profit": 71173000.0,
        "Cost Of Revenue": 128985000.0,
        "Total Revenue": 200158000.0,
        "Operating Revenue": 200158000.0
    },
    "2024-12-31": {
        "Tax Effect Of Unusual Items": 0.0,
        "Tax Rate For Calcs": 0.22,
        "Normalized EBITDA": 58786000.0,
        "Total Unusual Items": NaN,
        "Total Unusual Items Excluding Goodwill": NaN,
        "Net Income From Continuing Operation Net Minority Interest": 19272000.0,
        "Reconciled Cost Of Revenue": NaN,
        "EBITDA": 58786000.0,
        "EBIT": 58786000.0,
        "Net Interest Income": NaN,
        "Interest Expense": 25894000.0,
        "Interest Income": 3972000.0,
        "Normalized Income": 19272000.0,
        "Net Income From Continuing And Discontinued Operation": 19272000.0,
        "Total Expenses": NaN,
        "Rent Expense Supplemental": 3355000.0,
        "Total Operating Income As Reported": 42413000.0,
        "Diluted Average Shares": NaN,
        "Basic Average Shares": NaN,
        "Diluted EPS": NaN,
        "Basic EPS": NaN,
        "Diluted NI Availto Com Stockholders": 12044000.0,
        "Net Income Common Stockholders": 12044000.0,
        "Otherunder Preferred Stock Dividend": 478000.0,
        "Preferred Stock Dividends": NaN,
        "Net Income": 19272000.0,
        "Minority Interests": -2348000.0,
        "Net Income Including Noncontrolling Interests": 21620000.0,
        "Net Income Continuous Operations": 21620000.0,
        "Pretax Income": NaN,
        "Other Income Expense": NaN,
        "Other Non Operating Income Expenses": NaN,
        "Special Income Charges": NaN,
        "Gain On Sale Of Ppe": 0.0,
        "Gain On Sale Of Security": NaN,
        "Net Non Operating Interest Income Expense": NaN,
        "Total Other Finance Cost": NaN,
        "Interest Expense Non Operating": 25894000.0,
        "Interest Income Non Operating": 3972000.0,
        "Operating Income": -6249000.0,
        "Operating Expense": NaN,
        "Selling General And Administration": NaN,
        "General And Administrative Expense": NaN,
        "Other Gand A": NaN,
        "Gross Profit": NaN,
        "Cost Of Revenue": NaN,
        "Total Revenue": 188260000.0,
        "Operating Revenue": 188260000.0
    },
    "2025-03-31": {
        "Tax Effect Of Unusual Items": 781660.0,
        "Tax Rate For Calcs": 0.22,
        "Normalized EBITDA": 59351000.0,
        "Total Unusual Items": 3553000.0,
        "Total Unusual Items Excluding Goodwill": 3553000.0,
        "Net Income From Continuing Operation Net Minority Interest": 37711000.0,
        "Reconciled Cost Of Revenue": 130082000.0,
        "EBITDA": 62904000.0,
        "EBIT": 62904000.0,
        "Net Interest Income": -21695000.0,
        "Interest Expense": 24002000.0,
        "Interest Income": 2307000.0,
        "Normalized Income": 34939660.0,
        "Net Income From Continuing And Discontinued Operation": 37711000.0,
        "Total Expenses": 139988000.0,
        "Rent Expense Supplemental": 3282000.0,
        "Total Operating Income As Reported": 60616000.0,
        "Diluted Average Shares": 29661103.0,
        "Basic Average Shares": 29661103.0,
        "Diluted EPS": 1.04,
        "Basic EPS": 1.04,
        "Diluted NI Availto Com Stockholders": 30760000.0,
        "Net Income Common Stockholders": 30760000.0,
        "Otherunder Preferred Stock Dividend": 201000.0,
        "Preferred Stock Dividends": 6750000.0,
        "Net Income": 37711000.0,
        "Minority Interests": -1191000.0,
        "Net Income Including Noncontrolling Interests": 38902000.0,
        "Net Income Continuous Operations": 38902000.0,
        "Pretax Income": 38902000.0,
        "Other Income Expense": 3534000.0,
        "Other Non Operating Income Expenses": -19000.0,
        "Special Income Charges": 3553000.0,
        "Gain On Sale Of Ppe": 3553000.0,
        "Gain On Sale Of Security": NaN,
        "Net Non Operating Interest Income Expense": -21695000.0,
        "Total Other Finance Cost": NaN,
        "Interest Expense Non Operating": 24002000.0,
        "Interest Income Non Operating": 2307000.0,
        "Operating Income": 57063000.0,
        "Operating Expense": 9906000.0,
        "Selling General And Administration": 9906000.0,
        "General And Administrative Expense": 9906000.0,
        "Other Gand A": 9906000.0,
        "Gross Profit": 66969000.0,
        "Cost Of Revenue": 130082000.0,
        "Total Revenue": 197051000.0,
        "Operating Revenue": 197051000.0
    },
    "2025-06-30": {
        "Tax Effect Of Unusual Items": -321640.0,
        "Tax Rate For Calcs": 0.22,
        "Normalized EBITDA": 52697000.0,
        "Total Unusual Items": -1462000.0,
        "Total Unusual Items Excluding Goodwill": -1462000.0,
        "Net Income From Continuing Operation Net Minority Interest": 26833000.0,
        "Reconciled Cost Of Revenue": 130031000.0,
        "EBITDA": 51235000.0,
        "EBIT": 51235000.0,
        "Net Interest Income": -20285000.0,
        "Interest Expense": 22945000.0,
        "Interest Income": 3231000.0,
        "Normalized Income": 27973360.0,
        "Net Income From Continuing And Discontinued Operation": 26833000.0,
        "Total Expenses": 143268000.0,
        "Rent Expense Supplemental": 3321000.0,
        "Total Operating Income As Reported": 50041000.0,
        "Diluted Average Shares": 29661103.0,
        "Basic Average Shares": 29661103.0,
        "Diluted EPS": 0.67,
        "Basic EPS": 0.67,
        "Diluted NI Availto Com Stockholders": 19770000.0,
        "Net Income Common Stockholders": 19770000.0,
        "Otherunder Preferred Stock Dividend": 313000.0,
        "Preferred Stock Dividends": 6750000.0,
        "Net Income": 26833000.0,
        "Minority Interests": -1457000.0,
        "Net Income Including Noncontrolling Interests": 28290000.0,
        "Net Income Continuous Operations": 28290000.0,
        "Pretax Income": 28290000.0,
        "Other Income Expense": -1466000.0,
        "Other Non Operating Income Expenses": -4000.0,
        "Special Income Charges": 0.0,
        "Gain On Sale Of Ppe": 0.0,
        "Gain On Sale Of Security": -1462000.0,
        "Net Non Operating Interest Income Expense": -20285000.0,
        "Total Other Finance Cost": 571000.0,
        "Interest Expense Non Operating": 22945000.0,
        "Interest Income Non Operating": 3231000.0,
        "Operating Income": 50041000.0,
        "Operating Expense": 13237000.0,
        "Selling General And Administration": 13237000.0,
        "General And Administrative Expense": 13237000.0,
        "Other Gand A": 13237000.0,
        "Gross Profit": 63278000.0,
        "Cost Of Revenue": 130031000.0,
        "Total Revenue": 193309000.0,
        "Operating Revenue": 193309000.0
    },
    "2025-09-30": {
        "Tax Effect Of Unusual Items": 1958440.0,
        "Tax Rate For Calcs": 0.22,
        "Normalized EBITDA": 53679000.0,
        "Total Unusual Items": 8902000.0,
        "Total Unusual Items Excluding Goodwill": 8902000.0,
        "Net Income From Continuing Operation Net Minority Interest": 38341000.0,
        "Reconciled Cost Of Revenue": 125453000.0,
        "EBITDA": 62581000.0,
        "EBIT": 62581000.0,
        "Net Interest Income": -21583000.0,
        "Interest Expense": 23710000.0,
        "Interest Income": 2127000.0,
        "Normalized Income": 31397440.0,
        "Net Income From Continuing And Discontinued Operation": 38341000.0,
        "Total Expenses": 134673000.0,
        "Rent Expense Supplemental": 3382000.0,
        "Total Operating Income As Reported": 60457000.0,
        "Diluted Average Shares": 29816603.0,
        "Basic Average Shares": 29816603.0,
        "Diluted EPS": 1.05,
        "Basic EPS": 1.05,
        "Diluted NI Availto Com Stockholders": 31265000.0,
        "Net Income Common Stockholders": 31265000.0,
        "Otherunder Preferred Stock Dividend": 326000.0,
        "Preferred Stock Dividends": 6750000.0,
        "Net Income": 38341000.0,
        "Minority Interests": -530000.0,
        "Net Income Including Noncontrolling Interests": 38871000.0,
        "Net Income Continuous Operations": 38871000.0,
        "Pretax Income": 38871000.0,
        "Other Income Expense": 8899000.0,
        "Other Non Operating Income Expenses": -3000.0,
        "Special Income Charges": 8902000.0,
        "Gain On Sale Of Ppe": 8902000.0,
        "Gain On Sale Of Security": NaN,
        "Net Non Operating Interest Income Expense": -21583000.0,
        "Total Other Finance Cost": NaN,
        "Interest Expense Non Operating": 23710000.0,
        "Interest Income Non Operating": 2127000.0,
        "Operating Income": 51555000.0,
        "Operating Expense": 9220000.0,
        "Selling General And Administration": 9220000.0,
        "General And Administrative Expense": 9220000.0,
        "Other Gand A": 9220000.0,
        "Gross Profit": 60775000.0,
        "Cost Of Revenue": 125453000.0,
        "Total Revenue": 186228000.0,
        "Operating Revenue": 186228000.0
    }
}