{
    "2023-03-31": {
        "Tax Effect Of Unusual Items": NaN,
        "Tax Rate For Calcs": NaN,
        "Normalized EBITDA": NaN,
        "Net Income From Continuing Operation Net Minority Interest": NaN,
        "Reconciled Depreciation": NaN,
        "EBITDA": NaN,
        "EBIT": NaN,
        "Net Interest Income": NaN,
        "Interest Income": NaN,
        "Normalized Income": NaN,
        "Net Income From Continuing And Discontinued Operation": NaN,
        "Total Expenses": NaN,
        "Total Operating Income As Reported": NaN,
        "Diluted Average Shares": 69778420.0,
        "Basic Average Shares": 69778420.0,
        "Diluted EPS": -0.31,
        "Basic EPS": -0.31,
        "Diluted NI Availto Com Stockholders": NaN,
        "Net Income Common Stockholders": NaN,
        "Net Income": NaN,
        "Net Income Including Noncontrolling Interests": NaN,
        "Net Income Continuous Operations": NaN,
        "Tax Provision": NaN,
        "Pretax Income": NaN,
        "Other Income Expense": NaN,
        "Other Non Operating Income Expenses": NaN,
        "Net Non Operating Interest Income Expense": NaN,
        "Interest Income Non Operating": NaN,
        "Operating Income": NaN,
        "Operating Expense": NaN,
        "Research And Development": NaN,
        "Selling General And Administration": NaN,
        "General And Administrative Expense": NaN,
        "Other Gand A": NaN,
        "Total Revenue": NaN,
        "Operating Revenue": NaN
    },
    "2022-12-31": {
        "Tax Effect Of Unusual Items": NaN,
        "Tax Rate For Calcs": NaN,
        "Normalized EBITDA": NaN,
        "Net Income From Continuing Operation Net Minority Interest": NaN,
        "Reconciled Depreciation": NaN,
        "EBITDA": NaN,
        "EBIT": NaN,
        "Net Interest Income": NaN,
        "Interest Income": NaN,
        "Normalized Income": NaN,
        "Net Income From Continuing And Discontinued Operation": NaN,
        "Total Expenses": NaN,
        "Total Operating Income As Reported": NaN,
        "Diluted Average Shares": 54696352.0,
        "Basic Average Shares": 54696352.0,
        "Diluted EPS": -0.29,
        "Basic EPS": -0.29,
        "Diluted NI Availto Com Stockholders": NaN,
        "Net Income Common Stockholders": NaN,
        "Net Income": NaN,
        "Net Income Including Noncontrolling Interests": NaN,
        "Net Income Continuous Operations": NaN,
        "Tax Provision": NaN,
        "Pretax Income": NaN,
        "Other Income Expense": NaN,
        "Other Non Operating Income Expenses": NaN,
        "Net Non Operating Interest Income Expense": NaN,
        "Interest Income Non Operating": NaN,
        "Operating Income": NaN,
        "Operating Expense": NaN,
        "Research And Development": NaN,
        "Selling General And Administration": NaN,
        "General And Administrative Expense": NaN,
        "Other Gand A": NaN,
        "Total Revenue": NaN,
        "Operating Revenue": NaN
    },
    "2022-09-30": {
        "Tax Effect Of Unusual Items": 0.0,
        "Tax Rate For Calcs": 0.4,
        "Normalized EBITDA": -17040000.0,
        "Net Income From Continuing Operation Net Minority Interest": -16820000.0,
        "Reconciled Depreciation": 252000.0,
        "EBITDA": -17040000.0,
        "EBIT": -17292000.0,
        "Net Interest Income": 499000.0,
        "Interest Income": 499000.0,
        "Normalized Income": -16820000.0,
        "Net Income From Continuing And Discontinued Operation": -16820000.0,
        "Total Expenses": 17292000.0,
        "Total Operating Income As Reported": -17292000.0,
        "Diluted Average Shares": 38511655.0,
        "Basic Average Shares": 38511655.0,
        "Diluted EPS": -0.44,
        "Basic EPS": -0.44,
        "Diluted NI Availto Com Stockholders": -16820000.0,
        "Net Income Common Stockholders": -16820000.0,
        "Net Income": -16820000.0,
        "Net Income Including Noncontrolling Interests": -16820000.0,
        "Net Income Continuous Operations": -16820000.0,
        "Tax Provision": 13000.0,
        "Pretax Income": -16807000.0,
        "Other Income Expense": -14000.0,
        "Other Non Operating Income Expenses": -14000.0,
        "Net Non Operating Interest Income Expense": 499000.0,
        "Interest Income Non Operating": 499000.0,
        "Operating Income": -17292000.0,
        "Operating Expense": 17292000.0,
        "Research And Development": 12161000.0,
        "Selling General And Administration": 5131000.0,
        "General And Administrative Expense": 5131000.0,
        "Other Gand A": 5131000.0,
        "Total Revenue": 0.0,
        "Operating Revenue": 0.0
    },
    "2022-06-30": {
        "Tax Effect Of Unusual Items": 0.0,
        "Tax Rate For Calcs": 0.4,
        "Normalized EBITDA": -13815000.0,
        "Net Income From Continuing Operation Net Minority Interest": -13930000.0,
        "Reconciled Depreciation": 269000.0,
        "EBITDA": -13815000.0,
        "EBIT": -14084000.0,
        "Net Interest Income": 214000.0,
        "Interest Income": 214000.0,
        "Normalized Income": -13930000.0,
        "Net Income From Continuing And Discontinued Operation": -13930000.0,
        "Total Expenses": 14084000.0,
        "Total Operating Income As Reported": -14084000.0,
        "Diluted Average Shares": 25304290.0,
        "Basic Average Shares": 25304290.0,
        "Diluted EPS": -0.55,
        "Basic EPS": -0.55,
        "Diluted NI Availto Com Stockholders": -13930000.0,
        "Net Income Common Stockholders": -13930000.0,
        "Net Income": -13930000.0,
        "Net Income Including Noncontrolling Interests": -13930000.0,
        "Net Income Continuous Operations": -13930000.0,
        "Tax Provision": 6000.0,
        "Pretax Income": -13924000.0,
        "Other Income Expense": -54000.0,
        "Other Non Operating Income Expenses": -54000.0,
        "Net Non Operating Interest Income Expense": 214000.0,
        "Interest Income Non Operating": 214000.0,
        "Operating Income": -14084000.0,
        "Operating Expense": 14084000.0,
        "Research And Development": 8662000.0,
        "Selling General And Administration": 5422000.0,
        "General And Administrative Expense": 5422000.0,
        "Other Gand A": 5422000.0,
        "Total Revenue": 0.0,
        "Operating Revenue": 0.0
    },
    "2022-03-31": {
        "Diluted EPS": -0.55,
        "Total Revenue": NaN,
        "Gross Profit": NaN,
        "Operating Income": -14,
        "EBIT": -13,
        "Net Income": -14
    },
    "2021-12-31": {
        "Diluted EPS": -0.43,
        "Total Revenue": NaN,
        "Gross Profit": NaN,
        "Operating Income": -15,
        "EBIT": -15,
        "Net Income": -14
    },
    "2021-09-30": {
        "Diluted EPS": -0.47,
        "Total Revenue": NaN,
        "Gross Profit": NaN,
        "Operating Income": -12,
        "EBIT": -11,
        "Net Income": -12
    },
    "2021-06-30": {
        "Diluted EPS": -0.43,
        "Total Revenue": NaN,
        "Gross Profit": NaN,
        "Operating Income": -11,
        "EBIT": -11,
        "Net Income": -11
    },
    "2021-03-31": {
        "Diluted EPS": -0.88,
        "Total Revenue": NaN,
        "Gross Profit": NaN,
        "Operating Income": -13,
        "EBIT": -13,
        "Net Income": -13
    },
    "2020-12-31": {
        "Diluted EPS": -3.65,
        "Total Revenue": NaN,
        "Gross Profit": NaN,
        "Operating Income": -9,
        "EBIT": -9,
        "Net Income": -10
    },
    "2020-09-30": {
        "Diluted EPS": -37.82,
        "Total Revenue": NaN,
        "Gross Profit": NaN,
        "Operating Income": -9,
        "EBIT": -9,
        "Net Income": -11
    },
    "2020-06-30": {
        "Diluted EPS": -33.09,
        "Total Revenue": NaN,
        "Gross Profit": NaN,
        "Operating Income": -10,
        "EBIT": -10,
        "Net Income": -10
    },
    "2020-03-31": {
        "Diluted EPS": -41.69,
        "Total Revenue": NaN,
        "Gross Profit": NaN,
        "Operating Income": -9,
        "EBIT": -9,
        "Net Income": -9
    },
    "2019-12-31": {
        "Diluted EPS": 0.0,
        "Total Revenue": NaN,
        "Gross Profit": NaN,
        "Operating Income": NaN,
        "EBIT": NaN,
        "Net Income": NaN
    },
    "2023-06-30": {
        "Tax Effect Of Unusual Items": NaN,
        "Tax Rate For Calcs": NaN,
        "Normalized EBITDA": NaN,
        "Net Income From Continuing Operation Net Minority Interest": NaN,
        "Reconciled Depreciation": NaN,
        "EBITDA": NaN,
        "EBIT": NaN,
        "Net Interest Income": NaN,
        "Interest Income": NaN,
        "Normalized Income": NaN,
        "Net Income From Continuing And Discontinued Operation": NaN,
        "Total Expenses": NaN,
        "Total Operating Income As Reported": NaN,
        "Diluted Average Shares": 71364110.0,
        "Basic Average Shares": 71364110.0,
        "Diluted EPS": -0.25,
        "Basic EPS": -0.25,
        "Diluted NI Availto Com Stockholders": NaN,
        "Net Income Common Stockholders": NaN,
        "Net Income": NaN,
        "Net Income Including Noncontrolling Interests": NaN,
        "Net Income Continuous Operations": NaN,
        "Tax Provision": NaN,
        "Pretax Income": NaN,
        "Other Income Expense": NaN,
        "Other Non Operating Income Expenses": NaN,
        "Net Non Operating Interest Income Expense": NaN,
        "Interest Income Non Operating": NaN,
        "Operating Income": NaN,
        "Operating Expense": NaN,
        "Research And Development": NaN,
        "Selling General And Administration": NaN,
        "General And Administrative Expense": NaN,
        "Other Gand A": NaN,
        "Total Revenue": NaN,
        "Operating Revenue": NaN
    },
    "2023-09-30": {
        "Tax Effect Of Unusual Items": NaN,
        "Tax Rate For Calcs": NaN,
        "Normalized EBITDA": NaN,
        "Net Income From Continuing Operation Net Minority Interest": NaN,
        "Reconciled Depreciation": NaN,
        "EBITDA": NaN,
        "EBIT": NaN,
        "Net Interest Income": NaN,
        "Interest Income": NaN,
        "Normalized Income": NaN,
        "Net Income From Continuing And Discontinued Operation": NaN,
        "Total Expenses": NaN,
        "Total Operating Income As Reported": NaN,
        "Diluted Average Shares": 71530180.0,
        "Basic Average Shares": 71530180.0,
        "Diluted EPS": -0.42,
        "Basic EPS": -0.42,
        "Diluted NI Availto Com Stockholders": NaN,
        "Net Income Common Stockholders": NaN,
        "Net Income": NaN,
        "Net Income Including Noncontrolling Interests": NaN,
        "Net Income Continuous Operations": NaN,
        "Tax Provision": NaN,
        "Pretax Income": NaN,
        "Other Income Expense": NaN,
        "Other Non Operating Income Expenses": NaN,
        "Net Non Operating Interest Income Expense": NaN,
        "Interest Income Non Operating": NaN,
        "Operating Income": NaN,
        "Operating Expense": NaN,
        "Research And Development": NaN,
        "Selling General And Administration": NaN,
        "General And Administrative Expense": NaN,
        "Other Gand A": NaN,
        "Total Revenue": NaN,
        "Operating Revenue": NaN
    },
    "2023-12-31": {
        "Tax Effect Of Unusual Items": 0.0,
        "Tax Rate For Calcs": 0.21,
        "Normalized EBITDA": -23838000.0,
        "Net Income From Continuing Operation Net Minority Interest": -21019000.0,
        "Reconciled Depreciation": 220000.0,
        "EBITDA": -23838000.0,
        "EBIT": -24058000.0,
        "Net Interest Income": 3333000.0,
        "Interest Income": 3333000.0,
        "Normalized Income": -21019000.0,
        "Net Income From Continuing And Discontinued Operation": -21019000.0,
        "Total Expenses": 24058000.0,
        "Total Operating Income As Reported": -24058000.0,
        "Diluted Average Shares": NaN,
        "Basic Average Shares": NaN,
        "Diluted EPS": NaN,
        "Basic EPS": NaN,
        "Diluted NI Availto Com Stockholders": -21019000.0,
        "Net Income Common Stockholders": -21019000.0,
        "Net Income": -21019000.0,
        "Net Income Including Noncontrolling Interests": -21019000.0,
        "Net Income Continuous Operations": -21019000.0,
        "Tax Provision": 49000.0,
        "Pretax Income": -20970000.0,
        "Other Income Expense": -245000.0,
        "Other Non Operating Income Expenses": -245000.0,
        "Net Non Operating Interest Income Expense": 3333000.0,
        "Interest Income Non Operating": 3333000.0,
        "Operating Income": -24058000.0,
        "Operating Expense": 24058000.0,
        "Research And Development": 17459000.0,
        "Selling General And Administration": 6599000.0,
        "General And Administrative Expense": 6599000.0,
        "Other Gand A": 6599000.0,
        "Total Revenue": 0.0,
        "Operating Revenue": 0.0
    },
    "2024-03-31": {
        "Tax Effect Of Unusual Items": 0.0,
        "Tax Rate For Calcs": 0.21,
        "Normalized EBITDA": -25210000.0,
        "Net Income From Continuing Operation Net Minority Interest": -22373000.0,
        "Reconciled Depreciation": 236000.0,
        "EBITDA": -25210000.0,
        "EBIT": -25446000.0,
        "Net Interest Income": 3182000.0,
        "Interest Income": 3182000.0,
        "Normalized Income": -22373000.0,
        "Net Income From Continuing And Discontinued Operation": -22373000.0,
        "Total Expenses": 25446000.0,
        "Total Operating Income As Reported": -25446000.0,
        "Diluted Average Shares": 74399378.0,
        "Basic Average Shares": 74399378.0,
        "Diluted EPS": -0.3,
        "Basic EPS": -0.3,
        "Diluted NI Availto Com Stockholders": -22373000.0,
        "Net Income Common Stockholders": -22373000.0,
        "Net Income": -22373000.0,
        "Net Income Including Noncontrolling Interests": -22373000.0,
        "Net Income Continuous Operations": -22373000.0,
        "Tax Provision": 97000.0,
        "Pretax Income": -22276000.0,
        "Other Income Expense": -12000.0,
        "Other Non Operating Income Expenses": -12000.0,
        "Net Non Operating Interest Income Expense": 3182000.0,
        "Interest Income Non Operating": 3182000.0,
        "Operating Income": -25446000.0,
        "Operating Expense": 25446000.0,
        "Research And Development": 18587000.0,
        "Selling General And Administration": 6859000.0,
        "General And Administrative Expense": 6859000.0,
        "Other Gand A": 6859000.0,
        "Total Revenue": 0.0,
        "Operating Revenue": 0.0
    },
    "2024-06-30": {
        "Tax Effect Of Unusual Items": 0.0,
        "Tax Rate For Calcs": 0.21,
        "Normalized EBITDA": -25297000.0,
        "Net Income From Continuing Operation Net Minority Interest": -22736000.0,
        "Reconciled Depreciation": 240000.0,
        "EBITDA": -25297000.0,
        "EBIT": -25537000.0,
        "Net Interest Income": 2876000.0,
        "Interest Income": 2876000.0,
        "Normalized Income": -22736000.0,
        "Net Income From Continuing And Discontinued Operation": -22736000.0,
        "Total Expenses": 25537000.0,
        "Total Operating Income As Reported": -25537000.0,
        "Diluted Average Shares": 74459774.0,
        "Basic Average Shares": 74459774.0,
        "Diluted EPS": -0.31,
        "Basic EPS": -0.31,
        "Diluted NI Availto Com Stockholders": -22736000.0,
        "Net Income Common Stockholders": -22736000.0,
        "Net Income": -22736000.0,
        "Net Income Including Noncontrolling Interests": -22736000.0,
        "Net Income Continuous Operations": -22736000.0,
        "Tax Provision": 61000.0,
        "Pretax Income": -22675000.0,
        "Other Income Expense": -14000.0,
        "Other Non Operating Income Expenses": -14000.0,
        "Net Non Operating Interest Income Expense": 2876000.0,
        "Interest Income Non Operating": 2876000.0,
        "Operating Income": -25537000.0,
        "Operating Expense": 25537000.0,
        "Research And Development": 18352000.0,
        "Selling General And Administration": 7185000.0,
        "General And Administrative Expense": 7185000.0,
        "Other Gand A": 7185000.0,
        "Total Revenue": 0.0,
        "Operating Revenue": 0.0
    },
    "2024-09-30": {
        "Tax Effect Of Unusual Items": 0.0,
        "Tax Rate For Calcs": 0.21,
        "Normalized EBITDA": -24733000.0,
        "Net Income From Continuing Operation Net Minority Interest": -21945000.0,
        "Reconciled Depreciation": 206000.0,
        "EBITDA": -24733000.0,
        "EBIT": -24939000.0,
        "Net Interest Income": 3088000.0,
        "Interest Income": 3088000.0,
        "Normalized Income": -21945000.0,
        "Net Income From Continuing And Discontinued Operation": -21945000.0,
        "Total Expenses": 24939000.0,
        "Total Operating Income As Reported": -24939000.0,
        "Diluted Average Shares": 77819658.0,
        "Basic Average Shares": 77819658.0,
        "Diluted EPS": -0.28,
        "Basic EPS": -0.28,
        "Diluted NI Availto Com Stockholders": -21945000.0,
        "Net Income Common Stockholders": -21945000.0,
        "Net Income": -21945000.0,
        "Net Income Including Noncontrolling Interests": -21945000.0,
        "Net Income Continuous Operations": -21945000.0,
        "Tax Provision": 62000.0,
        "Pretax Income": -21883000.0,
        "Other Income Expense": -32000.0,
        "Other Non Operating Income Expenses": -32000.0,
        "Net Non Operating Interest Income Expense": 3088000.0,
        "Interest Income Non Operating": 3088000.0,
        "Operating Income": -24939000.0,
        "Operating Expense": 24939000.0,
        "Research And Development": 15169000.0,
        "Selling General And Administration": 9770000.0,
        "General And Administrative Expense": 9770000.0,
        "Other Gand A": 9770000.0,
        "Total Revenue": 0.0,
        "Operating Revenue": 0.0
    },
    "2024-12-31": {
        "Tax Effect Of Unusual Items": 0.0,
        "Tax Rate For Calcs": 0.21,
        "Normalized EBITDA": -25735000.0,
        "Net Income From Continuing Operation Net Minority Interest": -21799000.0,
        "Reconciled Depreciation": 214000.0,
        "EBITDA": -25735000.0,
        "EBIT": -25949000.0,
        "Net Interest Income": 4143000.0,
        "Interest Income": 4143000.0,
        "Normalized Income": -21799000.0,
        "Net Income From Continuing And Discontinued Operation": -21799000.0,
        "Total Expenses": 25949000.0,
        "Total Operating Income As Reported": -25949000.0,
        "Diluted Average Shares": 91240700.0,
        "Basic Average Shares": 91240700.0,
        "Diluted EPS": -0.24,
        "Basic EPS": -0.24,
        "Diluted NI Availto Com Stockholders": -21799000.0,
        "Net Income Common Stockholders": -21799000.0,
        "Net Income": -21799000.0,
        "Net Income Including Noncontrolling Interests": -21799000.0,
        "Net Income Continuous Operations": -21799000.0,
        "Tax Provision": 40000.0,
        "Pretax Income": -21759000.0,
        "Other Income Expense": 47000.0,
        "Other Non Operating Income Expenses": 47000.0,
        "Net Non Operating Interest Income Expense": 4143000.0,
        "Interest Income Non Operating": 4143000.0,
        "Operating Income": -25949000.0,
        "Operating Expense": 25949000.0,
        "Research And Development": 18004000.0,
        "Selling General And Administration": 7945000.0,
        "General And Administrative Expense": 7945000.0,
        "Other Gand A": 7945000.0,
        "Total Revenue": 0.0,
        "Operating Revenue": 0.0
    },
    "2025-03-31": {
        "Tax Effect Of Unusual Items": 0.0,
        "Tax Rate For Calcs": 0.21,
        "Normalized EBITDA": -27258000.0,
        "Net Income From Continuing Operation Net Minority Interest": -23908000.0,
        "Reconciled Depreciation": 169000.0,
        "EBITDA": -27258000.0,
        "EBIT": -27427000.0,
        "Net Interest Income": 3643000.0,
        "Interest Income": 3643000.0,
        "Normalized Income": -23908000.0,
        "Net Income From Continuing And Discontinued Operation": -23908000.0,
        "Total Expenses": 27427000.0,
        "Total Operating Income As Reported": -27427000.0,
        "Diluted Average Shares": 91473948.0,
        "Basic Average Shares": 91473948.0,
        "Diluted EPS": -0.26,
        "Basic EPS": -0.26,
        "Diluted NI Availto Com Stockholders": -23908000.0,
        "Net Income Common Stockholders": -23908000.0,
        "Net Income": -23908000.0,
        "Net Income Including Noncontrolling Interests": -23908000.0,
        "Net Income Continuous Operations": -23908000.0,
        "Tax Provision": 88000.0,
        "Pretax Income": -23820000.0,
        "Other Income Expense": -36000.0,
        "Other Non Operating Income Expenses": -36000.0,
        "Net Non Operating Interest Income Expense": 3643000.0,
        "Interest Income Non Operating": 3643000.0,
        "Operating Income": -27427000.0,
        "Operating Expense": 27427000.0,
        "Research And Development": 18720000.0,
        "Selling General And Administration": 8707000.0,
        "General And Administrative Expense": 8707000.0,
        "Other Gand A": 8707000.0,
        "Total Revenue": 0.0,
        "Operating Revenue": 0.0
    },
    "2025-06-30": {
        "Tax Effect Of Unusual Items": 0.0,
        "Tax Rate For Calcs": 0.21,
        "Normalized EBITDA": -27275000.0,
        "Net Income From Continuing Operation Net Minority Interest": -24093000.0,
        "Reconciled Depreciation": 108000.0,
        "EBITDA": -27275000.0,
        "EBIT": -27383000.0,
        "Net Interest Income": 3350000.0,
        "Interest Income": 3350000.0,
        "Normalized Income": -24093000.0,
        "Net Income From Continuing And Discontinued Operation": -24093000.0,
        "Total Expenses": 27383000.0,
        "Total Operating Income As Reported": -27383000.0,
        "Diluted Average Shares": 91575039.0,
        "Basic Average Shares": 91575039.0,
        "Diluted EPS": -0.26,
        "Basic EPS": -0.26,
        "Diluted NI Availto Com Stockholders": -24093000.0,
        "Net Income Common Stockholders": -24093000.0,
        "Net Income": -24093000.0,
        "Net Income Including Noncontrolling Interests": -24093000.0,
        "Net Income Continuous Operations": -24093000.0,
        "Tax Provision": 64000.0,
        "Pretax Income": -24029000.0,
        "Other Income Expense": 4000.0,
        "Other Non Operating Income Expenses": 4000.0,
        "Net Non Operating Interest Income Expense": 3350000.0,
        "Interest Income Non Operating": 3350000.0,
        "Operating Income": -27383000.0,
        "Operating Expense": 27383000.0,
        "Research And Development": 20353000.0,
        "Selling General And Administration": 7030000.0,
        "General And Administrative Expense": 7030000.0,
        "Other Gand A": 7030000.0,
        "Total Revenue": 0.0,
        "Operating Revenue": 0.0
    },
    "2025-09-30": {
        "Tax Effect Of Unusual Items": 0.0,
        "Tax Rate For Calcs": 0.21,
        "Normalized EBITDA": -27605000.0,
        "Net Income From Continuing Operation Net Minority Interest": -24635000.0,
        "Reconciled Depreciation": 111000.0,
        "EBITDA": -27605000.0,
        "EBIT": -27716000.0,
        "Net Interest Income": 3141000.0,
        "Interest Income": 3141000.0,
        "Normalized Income": -24635000.0,
        "Net Income From Continuing And Discontinued Operation": -24635000.0,
        "Total Expenses": 27716000.0,
        "Total Operating Income As Reported": -27716000.0,
        "Diluted Average Shares": 91701529.0,
        "Basic Average Shares": 91701529.0,
        "Diluted EPS": -0.27,
        "Basic EPS": -0.27,
        "Diluted NI Availto Com Stockholders": -24635000.0,
        "Net Income Common Stockholders": -24635000.0,
        "Net Income": -24635000.0,
        "Net Income Including Noncontrolling Interests": -24635000.0,
        "Net Income Continuous Operations": -24635000.0,
        "Tax Provision": 46000.0,
        "Pretax Income": -24589000.0,
        "Other Income Expense": -14000.0,
        "Other Non Operating Income Expenses": -14000.0,
        "Net Non Operating Interest Income Expense": 3141000.0,
        "Interest Income Non Operating": 3141000.0,
        "Operating Income": -27716000.0,
        "Operating Expense": 27716000.0,
        "Research And Development": 19917000.0,
        "Selling General And Administration": 7799000.0,
        "General And Administrative Expense": 7799000.0,
        "Other Gand A": 7799000.0,
        "Total Revenue": 0.0,
        "Operating Revenue": 0.0
    }
}