{
    "2023-03-31": {
        "Tax Effect Of Unusual Items": NaN,
        "Tax Rate For Calcs": NaN,
        "Normalized EBITDA": NaN,
        "Total Unusual Items": NaN,
        "Total Unusual Items Excluding Goodwill": NaN,
        "Net Income From Continuing Operation Net Minority Interest": NaN,
        "Reconciled Depreciation": NaN,
        "Reconciled Cost Of Revenue": NaN,
        "EBITDA": NaN,
        "EBIT": NaN,
        "Net Interest Income": NaN,
        "Interest Expense": NaN,
        "Normalized Income": NaN,
        "Net Income From Continuing And Discontinued Operation": NaN,
        "Total Expenses": NaN,
        "Total Operating Income As Reported": NaN,
        "Diluted Average Shares": NaN,
        "Basic Average Shares": NaN,
        "Diluted EPS": NaN,
        "Basic EPS": NaN,
        "Diluted NI Availto Com Stockholders": NaN,
        "Net Income Common Stockholders": NaN,
        "Net Income": NaN,
        "Minority Interests": NaN,
        "Net Income Including Noncontrolling Interests": NaN,
        "Net Income Continuous Operations": NaN,
        "Earnings From Equity Interest Net Of Tax": NaN,
        "Tax Provision": NaN,
        "Pretax Income": NaN,
        "Other Income Expense": NaN,
        "Other Non Operating Income Expenses": NaN,
        "Special Income Charges": NaN,
        "Other Special Charges": NaN,
        "Impairment Of Capital Assets": NaN,
        "Restructuring And Mergern Acquisition": NaN,
        "Net Non Operating Interest Income Expense": NaN,
        "Interest Expense Non Operating": NaN,
        "Operating Income": NaN,
        "Operating Expense": NaN,
        "Other Operating Expenses": -2000000.0,
        "Research And Development": NaN,
        "Selling General And Administration": NaN,
        "Selling And Marketing Expense": NaN,
        "General And Administrative Expense": NaN,
        "Other Gand A": NaN,
        "Gross Profit": NaN,
        "Cost Of Revenue": NaN,
        "Total Revenue": NaN,
        "Operating Revenue": NaN
    },
    "2022-12-31": {
        "Tax Effect Of Unusual Items": NaN,
        "Tax Rate For Calcs": NaN,
        "Normalized EBITDA": NaN,
        "Total Unusual Items": NaN,
        "Total Unusual Items Excluding Goodwill": NaN,
        "Net Income From Continuing Operation Net Minority Interest": NaN,
        "Reconciled Depreciation": NaN,
        "Reconciled Cost Of Revenue": NaN,
        "EBITDA": NaN,
        "EBIT": NaN,
        "Net Interest Income": NaN,
        "Interest Expense": NaN,
        "Normalized Income": NaN,
        "Net Income From Continuing And Discontinued Operation": NaN,
        "Total Expenses": NaN,
        "Total Operating Income As Reported": NaN,
        "Diluted Average Shares": NaN,
        "Basic Average Shares": NaN,
        "Diluted EPS": NaN,
        "Basic EPS": NaN,
        "Diluted NI Availto Com Stockholders": NaN,
        "Net Income Common Stockholders": NaN,
        "Net Income": NaN,
        "Minority Interests": NaN,
        "Net Income Including Noncontrolling Interests": NaN,
        "Net Income Continuous Operations": NaN,
        "Earnings From Equity Interest Net Of Tax": 1000000.0,
        "Tax Provision": NaN,
        "Pretax Income": NaN,
        "Other Income Expense": NaN,
        "Other Non Operating Income Expenses": NaN,
        "Special Income Charges": NaN,
        "Other Special Charges": NaN,
        "Impairment Of Capital Assets": NaN,
        "Restructuring And Mergern Acquisition": NaN,
        "Net Non Operating Interest Income Expense": NaN,
        "Interest Expense Non Operating": NaN,
        "Operating Income": NaN,
        "Operating Expense": NaN,
        "Other Operating Expenses": NaN,
        "Research And Development": NaN,
        "Selling General And Administration": NaN,
        "Selling And Marketing Expense": NaN,
        "General And Administrative Expense": NaN,
        "Other Gand A": NaN,
        "Gross Profit": NaN,
        "Cost Of Revenue": NaN,
        "Total Revenue": NaN,
        "Operating Revenue": NaN
    },
    "2022-09-30": {
        "Tax Effect Of Unusual Items": NaN,
        "Tax Rate For Calcs": NaN,
        "Normalized EBITDA": NaN,
        "Total Unusual Items": NaN,
        "Total Unusual Items Excluding Goodwill": NaN,
        "Net Income From Continuing Operation Net Minority Interest": NaN,
        "Reconciled Depreciation": NaN,
        "Reconciled Cost Of Revenue": NaN,
        "EBITDA": NaN,
        "EBIT": NaN,
        "Net Interest Income": NaN,
        "Interest Expense": NaN,
        "Normalized Income": NaN,
        "Net Income From Continuing And Discontinued Operation": NaN,
        "Total Expenses": NaN,
        "Total Operating Income As Reported": NaN,
        "Diluted Average Shares": NaN,
        "Basic Average Shares": NaN,
        "Diluted EPS": NaN,
        "Basic EPS": NaN,
        "Diluted NI Availto Com Stockholders": NaN,
        "Net Income Common Stockholders": NaN,
        "Net Income": NaN,
        "Minority Interests": NaN,
        "Net Income Including Noncontrolling Interests": NaN,
        "Net Income Continuous Operations": NaN,
        "Earnings From Equity Interest Net Of Tax": -1000000.0,
        "Tax Provision": NaN,
        "Pretax Income": NaN,
        "Other Income Expense": NaN,
        "Other Non Operating Income Expenses": NaN,
        "Special Income Charges": NaN,
        "Other Special Charges": NaN,
        "Impairment Of Capital Assets": NaN,
        "Restructuring And Mergern Acquisition": NaN,
        "Net Non Operating Interest Income Expense": NaN,
        "Interest Expense Non Operating": NaN,
        "Operating Income": NaN,
        "Operating Expense": NaN,
        "Other Operating Expenses": -2000000.0,
        "Research And Development": NaN,
        "Selling General And Administration": NaN,
        "Selling And Marketing Expense": NaN,
        "General And Administrative Expense": NaN,
        "Other Gand A": NaN,
        "Gross Profit": NaN,
        "Cost Of Revenue": NaN,
        "Total Revenue": NaN,
        "Operating Revenue": NaN
    },
    "2022-06-30": {
        "Tax Effect Of Unusual Items": -657200000.0,
        "Tax Rate For Calcs": 0.4,
        "Normalized EBITDA": 1052000000.0,
        "Total Unusual Items": -1643000000.0,
        "Total Unusual Items Excluding Goodwill": -1643000000.0,
        "Net Income From Continuing Operation Net Minority Interest": -232000000.0,
        "Reconciled Depreciation": 358000000.0,
        "Reconciled Cost Of Revenue": 1992000000.0,
        "EBITDA": -591000000.0,
        "EBIT": -949000000.0,
        "Net Interest Income": -211000000.0,
        "Interest Expense": 211000000.0,
        "Normalized Income": 753800000.0,
        "Net Income From Continuing And Discontinued Operation": -232000000.0,
        "Total Expenses": 3127000000.0,
        "Total Operating Income As Reported": -949000000.0,
        "Diluted Average Shares": 1110000000.0,
        "Basic Average Shares": 1110000000.0,
        "Diluted EPS": -0.21,
        "Basic EPS": -0.21,
        "Diluted NI Availto Com Stockholders": -232000000.0,
        "Net Income Common Stockholders": -232000000.0,
        "Net Income": -232000000.0,
        "Minority Interests": 27000000.0,
        "Net Income Including Noncontrolling Interests": -259000000.0,
        "Net Income Continuous Operations": -260000000.0,
        "Earnings From Equity Interest Net Of Tax": 0.0,
        "Tax Provision": -900000000.0,
        "Pretax Income": -1160000000.0,
        "Other Income Expense": -1609000000.0,
        "Other Non Operating Income Expenses": 34000000.0,
        "Special Income Charges": -1643000000.0,
        "Other Special Charges": 729000000.0,
        "Write Off": NaN,
        "Impairment Of Capital Assets": 914000000.0,
        "Restructuring And Mergern Acquisition": 96000000.0,
        "Net Non Operating Interest Income Expense": -211000000.0,
        "Interest Expense Non Operating": 211000000.0,
        "Operating Income": 659000000.0,
        "Operating Expense": 1135000000.0,
        "Research And Development": 228000000.0,
        "Selling General And Administration": 907000000.0,
        "Selling And Marketing Expense": 594000000.0,
        "General And Administrative Expense": 313000000.0,
        "Other Gand A": 313000000.0,
        "Gross Profit": 1794000000.0,
        "Cost Of Revenue": 1992000000.0,
        "Total Revenue": 3786000000.0,
        "Operating Revenue": 3786000000.0
    },
    "2023-06-30": {
        "Tax Effect Of Unusual Items": NaN,
        "Tax Rate For Calcs": NaN,
        "Normalized EBITDA": NaN,
        "Total Unusual Items": NaN,
        "Total Unusual Items Excluding Goodwill": NaN,
        "Net Income From Continuing Operation Net Minority Interest": NaN,
        "Reconciled Depreciation": NaN,
        "Reconciled Cost Of Revenue": NaN,
        "EBITDA": NaN,
        "EBIT": NaN,
        "Net Interest Income": NaN,
        "Interest Expense": NaN,
        "Normalized Income": NaN,
        "Net Income From Continuing And Discontinued Operation": NaN,
        "Total Expenses": NaN,
        "Total Operating Income As Reported": NaN,
        "Diluted Average Shares": NaN,
        "Basic Average Shares": NaN,
        "Diluted EPS": NaN,
        "Basic EPS": NaN,
        "Diluted NI Availto Com Stockholders": NaN,
        "Net Income Common Stockholders": NaN,
        "Net Income": NaN,
        "Minority Interests": NaN,
        "Net Income Including Noncontrolling Interests": NaN,
        "Net Income Continuous Operations": NaN,
        "Earnings From Equity Interest Net Of Tax": NaN,
        "Tax Provision": NaN,
        "Pretax Income": NaN,
        "Other Income Expense": NaN,
        "Other Non Operating Income Expenses": NaN,
        "Special Income Charges": NaN,
        "Other Special Charges": NaN,
        "Impairment Of Capital Assets": NaN,
        "Restructuring And Mergern Acquisition": NaN,
        "Net Non Operating Interest Income Expense": NaN,
        "Interest Expense Non Operating": NaN,
        "Operating Income": NaN,
        "Operating Expense": NaN,
        "Other Operating Expenses": -33000000.0,
        "Research And Development": NaN,
        "Selling General And Administration": NaN,
        "Selling And Marketing Expense": NaN,
        "General And Administrative Expense": NaN,
        "Other Gand A": NaN,
        "Gross Profit": NaN,
        "Cost Of Revenue": NaN,
        "Total Revenue": NaN,
        "Operating Revenue": NaN
    },
    "2022-03-31": {
        "Diluted EPS": -0.86,
        "Total Revenue": NaN,
        "Gross Profit": NaN,
        "Operating Income": -714,
        "EBIT": -391,
        "Net Income": -955
    },
    "2021-12-31": {
        "Diluted EPS": -0.14,
        "Total Revenue": NaN,
        "Gross Profit": NaN,
        "Operating Income": 55,
        "EBIT": 375,
        "Net Income": -159
    },
    "2021-09-30": {
        "Diluted EPS": 0.26,
        "Total Revenue": NaN,
        "Gross Profit": NaN,
        "Operating Income": 644,
        "EBIT": 973,
        "Net Income": 292
    },
    "2021-06-30": {
        "Diluted EPS": 0.19,
        "Total Revenue": NaN,
        "Gross Profit": NaN,
        "Operating Income": 582,
        "EBIT": 887,
        "Net Income": 207
    },
    "2021-03-31": {
        "Diluted EPS": 0.07,
        "Total Revenue": NaN,
        "Gross Profit": NaN,
        "Operating Income": 434,
        "EBIT": 810,
        "Net Income": 77
    },
    "2020-12-31": {
        "Diluted EPS": 0.14,
        "Total Revenue": NaN,
        "Gross Profit": NaN,
        "Operating Income": NaN,
        "EBIT": NaN,
        "Net Income": 150
    },
    "2020-09-30": {
        "Diluted EPS": -3.97,
        "Total Revenue": NaN,
        "Gross Profit": NaN,
        "Operating Income": 286,
        "EBIT": 667,
        "Net Income": NaN
    },
    "2020-06-30": {
        "Diluted EPS": 0.13,
        "Total Revenue": NaN,
        "Gross Profit": NaN,
        "Operating Income": 172,
        "EBIT": 554,
        "Net Income": 140
    },
    "2020-03-31": {
        "Diluted EPS": 0.06,
        "Total Revenue": NaN,
        "Gross Profit": NaN,
        "Operating Income": 193,
        "EBIT": 592,
        "Net Income": 69
    },
    "2019-12-31": {
        "Diluted EPS": 0.11,
        "Total Revenue": NaN,
        "Gross Profit": NaN,
        "Operating Income": 148,
        "EBIT": 564,
        "Net Income": 109
    },
    "2019-09-30": {
        "Diluted EPS": -0.29,
        "Total Revenue": NaN,
        "Gross Profit": NaN,
        "Operating Income": -82,
        "EBIT": 331,
        "Net Income": -314
    },
    "2019-06-30": {
        "Diluted EPS": -0.63,
        "Total Revenue": NaN,
        "Gross Profit": NaN,
        "Operating Income": -644,
        "EBIT": -194,
        "Net Income": -689
    },
    "2019-03-31": {
        "Diluted EPS": -0.1,
        "Total Revenue": NaN,
        "Gross Profit": NaN,
        "Operating Income": 134,
        "EBIT": 577,
        "Net Income": -105
    },
    "2018-12-31": {
        "Diluted EPS": -2.87,
        "Total Revenue": NaN,
        "Gross Profit": NaN,
        "Operating Income": -257,
        "EBIT": 125,
        "Net Income": NaN
    },
    "2018-09-30": {
        "Diluted EPS": -0.27,
        "Total Revenue": NaN,
        "Gross Profit": NaN,
        "Operating Income": 16,
        "EBIT": 490,
        "Net Income": -273
    },
    "2018-06-30": {
        "Diluted EPS": -0.24,
        "Total Revenue": NaN,
        "Gross Profit": NaN,
        "Operating Income": 106,
        "EBIT": 585,
        "Net Income": -241
    },
    "2018-03-31": {
        "Diluted EPS": 1.03,
        "Total Revenue": NaN,
        "Gross Profit": NaN,
        "Operating Income": NaN,
        "EBIT": NaN,
        "Net Income": NaN
    },
    "2017-12-31": {
        "Diluted EPS": -11.41,
        "Total Revenue": NaN,
        "Gross Profit": NaN,
        "Operating Income": NaN,
        "EBIT": NaN,
        "Net Income": NaN
    },
    "2017-09-30": {
        "Diluted EPS": 0.52,
        "Total Revenue": NaN,
        "Gross Profit": NaN,
        "Operating Income": 378,
        "EBIT": 905,
        "Net Income": 530
    },
    "2017-06-30": {
        "Diluted EPS": -5.94,
        "Total Revenue": NaN,
        "Gross Profit": NaN,
        "Operating Income": NaN,
        "EBIT": NaN,
        "Net Income": NaN
    },
    "2017-03-31": {
        "Diluted EPS": 0.57,
        "Total Revenue": NaN,
        "Gross Profit": NaN,
        "Operating Income": 895,
        "EBIT": NaN,
        "Net Income": 580
    },
    "2016-12-31": {
        "Diluted EPS": -1.1,
        "Total Revenue": NaN,
        "Gross Profit": NaN,
        "Operating Income": -558,
        "EBIT": -226,
        "Net Income": NaN
    },
    "2016-09-30": {
        "Diluted EPS": 0.35,
        "Total Revenue": NaN,
        "Gross Profit": NaN,
        "Operating Income": 355,
        "EBIT": 932,
        "Net Income": 348
    },
    "2016-06-30": {
        "Diluted EPS": 0.2,
        "Total Revenue": NaN,
        "Gross Profit": NaN,
        "Operating Income": NaN,
        "EBIT": NaN,
        "Net Income": 188
    },
    "2016-03-31": {
        "Diluted EPS": 0.62,
        "Total Revenue": NaN,
        "Gross Profit": NaN,
        "Operating Income": NaN,
        "EBIT": NaN,
        "Net Income": 570
    },
    "2015-12-31": {
        "Diluted EPS": 0.55,
        "Total Revenue": NaN,
        "Gross Profit": NaN,
        "Operating Income": -37,
        "EBIT": 298,
        "Net Income": 485
    },
    "2015-09-30": {
        "Diluted EPS": 0.12,
        "Total Revenue": NaN,
        "Gross Profit": NaN,
        "Operating Income": NaN,
        "EBIT": NaN,
        "Net Income": 103
    },
    "2015-06-30": {
        "Diluted EPS": 0.63,
        "Total Revenue": NaN,
        "Gross Profit": NaN,
        "Operating Income": 947,
        "EBIT": NaN,
        "Net Income": 539
    },
    "2015-03-31": {
        "Diluted EPS": 0.52,
        "Total Revenue": NaN,
        "Gross Profit": NaN,
        "Operating Income": NaN,
        "EBIT": NaN,
        "Net Income": 446
    },
    "2014-12-31": {
        "Diluted EPS": 0.8,
        "Total Revenue": NaN,
        "Gross Profit": NaN,
        "Operating Income": NaN,
        "EBIT": NaN,
        "Net Income": 687
    },
    "2014-09-30": {
        "Diluted EPS": 1.02,
        "Total Revenue": NaN,
        "Gross Profit": NaN,
        "Operating Income": NaN,
        "EBIT": NaN,
        "Net Income": 876
    },
    "2014-06-30": {
        "Diluted EPS": 0.87,
        "Total Revenue": NaN,
        "Gross Profit": NaN,
        "Operating Income": NaN,
        "EBIT": NaN,
        "Net Income": 748
    },
    "2014-03-31": {
        "Diluted EPS": 0.87,
        "Total Revenue": NaN,
        "Gross Profit": NaN,
        "Operating Income": NaN,
        "EBIT": NaN,
        "Net Income": 744
    },
    "2013-12-31": {
        "Diluted EPS": 0.44,
        "Total Revenue": NaN,
        "Gross Profit": NaN,
        "Operating Income": NaN,
        "EBIT": NaN,
        "Net Income": 380
    },
    "2013-09-30": {
        "Diluted EPS": 0.84,
        "Total Revenue": NaN,
        "Gross Profit": NaN,
        "Operating Income": 967,
        "EBIT": NaN,
        "Net Income": 711
    },
    "2013-06-30": {
        "Diluted EPS": -0.53,
        "Total Revenue": NaN,
        "Gross Profit": NaN,
        "Operating Income": -482,
        "EBIT": -82,
        "Net Income": -452
    },
    "2013-03-31": {
        "Diluted EPS": 0.74,
        "Total Revenue": NaN,
        "Gross Profit": NaN,
        "Operating Income": 932,
        "EBIT": NaN,
        "Net Income": 630
    },
    "2012-12-31": {
        "Diluted EPS": 0.38,
        "Total Revenue": NaN,
        "Gross Profit": NaN,
        "Operating Income": NaN,
        "EBIT": NaN,
        "Net Income": 320
    },
    "2012-09-30": {
        "Diluted EPS": -0.09,
        "Total Revenue": NaN,
        "Gross Profit": NaN,
        "Operating Income": -60,
        "EBIT": 352,
        "Net Income": -79
    },
    "2012-06-30": {
        "Diluted EPS": 0.99,
        "Total Revenue": NaN,
        "Gross Profit": NaN,
        "Operating Income": NaN,
        "EBIT": NaN,
        "Net Income": 863
    },
    "2012-03-31": {
        "Diluted EPS": 0.97,
        "Total Revenue": NaN,
        "Gross Profit": NaN,
        "Operating Income": 928,
        "EBIT": NaN,
        "Net Income": 859
    },
    "2011-12-31": {
        "Diluted EPS": 0.58,
        "Total Revenue": NaN,
        "Gross Profit": NaN,
        "Operating Income": NaN,
        "EBIT": NaN,
        "Net Income": 506
    },
    "2011-09-30": {
        "Diluted EPS": 1.03,
        "Total Revenue": NaN,
        "Gross Profit": NaN,
        "Operating Income": NaN,
        "EBIT": NaN,
        "Net Income": 916
    },
    "2011-06-30": {
        "Diluted EPS": 0.64,
        "Total Revenue": NaN,
        "Gross Profit": NaN,
        "Operating Income": 597,
        "EBIT": 821,
        "Net Income": 576
    },
    "2011-03-31": {
        "Diluted EPS": 0.84,
        "Total Revenue": NaN,
        "Gross Profit": NaN,
        "Operating Income": 867,
        "EBIT": NaN,
        "Net Income": 761
    },
    "2010-12-31": {
        "Diluted EPS": 0.85,
        "Total Revenue": NaN,
        "Gross Profit": NaN,
        "Operating Income": 765,
        "EBIT": NaN,
        "Net Income": 771
    },
    "2010-09-30": {
        "Diluted EPS": 1.15,
        "Total Revenue": NaN,
        "Gross Profit": NaN,
        "Operating Income": NaN,
        "EBIT": NaN,
        "Net Income": NaN
    },
    "2010-06-30": {
        "Diluted EPS": 0.88,
        "Total Revenue": NaN,
        "Gross Profit": NaN,
        "Operating Income": NaN,
        "EBIT": NaN,
        "Net Income": 797
    },
    "2010-03-31": {
        "Diluted EPS": 0.79,
        "Total Revenue": NaN,
        "Gross Profit": NaN,
        "Operating Income": 834,
        "EBIT": NaN,
        "Net Income": 713
    },
    "2009-12-31": {
        "Diluted EPS": 0.42,
        "Total Revenue": NaN,
        "Gross Profit": NaN,
        "Operating Income": 272,
        "EBIT": 512,
        "Net Income": 379
    },
    "2009-09-30": {
        "Diluted EPS": 0.72,
        "Total Revenue": NaN,
        "Gross Profit": NaN,
        "Operating Income": 850,
        "EBIT": NaN,
        "Net Income": 649
    },
    "2009-06-30": {
        "Diluted EPS": 0.58,
        "Total Revenue": NaN,
        "Gross Profit": NaN,
        "Operating Income": 754,
        "EBIT": NaN,
        "Net Income": 521
    },
    "2009-03-31": {
        "Diluted EPS": 0.51,
        "Total Revenue": NaN,
        "Gross Profit": NaN,
        "Operating Income": 552,
        "EBIT": 709,
        "Net Income": 451
    },
    "2023-09-30": {
        "Tax Effect Of Unusual Items": NaN,
        "Tax Rate For Calcs": NaN,
        "Normalized EBITDA": NaN,
        "Total Unusual Items": NaN,
        "Total Unusual Items Excluding Goodwill": NaN,
        "Net Income From Continuing Operation Net Minority Interest": NaN,
        "Reconciled Depreciation": NaN,
        "Reconciled Cost Of Revenue": NaN,
        "EBITDA": NaN,
        "EBIT": NaN,
        "Net Interest Income": NaN,
        "Interest Expense": NaN,
        "Normalized Income": NaN,
        "Net Income From Continuing And Discontinued Operation": NaN,
        "Total Expenses": NaN,
        "Total Operating Income As Reported": NaN,
        "Diluted Average Shares": NaN,
        "Basic Average Shares": NaN,
        "Diluted EPS": NaN,
        "Basic EPS": NaN,
        "Diluted NI Availto Com Stockholders": NaN,
        "Net Income Common Stockholders": NaN,
        "Net Income": NaN,
        "Minority Interests": NaN,
        "Net Income Including Noncontrolling Interests": NaN,
        "Net Income Continuous Operations": NaN,
        "Earnings From Equity Interest Net Of Tax": NaN,
        "Tax Provision": NaN,
        "Pretax Income": NaN,
        "Other Income Expense": NaN,
        "Other Non Operating Income Expenses": NaN,
        "Special Income Charges": NaN,
        "Other Special Charges": NaN,
        "Impairment Of Capital Assets": NaN,
        "Restructuring And Mergern Acquisition": NaN,
        "Net Non Operating Interest Income Expense": NaN,
        "Interest Expense Non Operating": NaN,
        "Operating Income": NaN,
        "Operating Expense": NaN,
        "Other Operating Expenses": -9000000.0,
        "Research And Development": NaN,
        "Selling General And Administration": NaN,
        "Selling And Marketing Expense": NaN,
        "General And Administrative Expense": NaN,
        "Other Gand A": NaN,
        "Gross Profit": NaN,
        "Cost Of Revenue": NaN,
        "Total Revenue": NaN,
        "Operating Revenue": NaN
    },
    "2023-12-31": {
        "Tax Effect Of Unusual Items": NaN,
        "Tax Rate For Calcs": NaN,
        "Normalized EBITDA": NaN,
        "Total Unusual Items": NaN,
        "Total Unusual Items Excluding Goodwill": NaN,
        "Net Income From Continuing Operation Net Minority Interest": NaN,
        "Reconciled Depreciation": NaN,
        "Reconciled Cost Of Revenue": NaN,
        "EBITDA": NaN,
        "EBIT": NaN,
        "Net Interest Income": NaN,
        "Interest Expense": NaN,
        "Normalized Income": NaN,
        "Net Income From Continuing And Discontinued Operation": NaN,
        "Total Expenses": NaN,
        "Total Operating Income As Reported": NaN,
        "Diluted Average Shares": NaN,
        "Basic Average Shares": NaN,
        "Diluted EPS": NaN,
        "Basic EPS": NaN,
        "Diluted NI Availto Com Stockholders": NaN,
        "Net Income Common Stockholders": NaN,
        "Net Income": NaN,
        "Minority Interests": NaN,
        "Net Income Including Noncontrolling Interests": NaN,
        "Net Income Continuous Operations": NaN,
        "Earnings From Equity Interest Net Of Tax": 1000000.0,
        "Tax Provision": NaN,
        "Pretax Income": NaN,
        "Other Income Expense": NaN,
        "Other Non Operating Income Expenses": NaN,
        "Special Income Charges": NaN,
        "Other Special Charges": NaN,
        "Impairment Of Capital Assets": NaN,
        "Restructuring And Mergern Acquisition": NaN,
        "Net Non Operating Interest Income Expense": NaN,
        "Interest Expense Non Operating": NaN,
        "Operating Income": NaN,
        "Operating Expense": NaN,
        "Other Operating Expenses": NaN,
        "Research And Development": NaN,
        "Selling General And Administration": NaN,
        "Selling And Marketing Expense": NaN,
        "General And Administrative Expense": NaN,
        "Other Gand A": NaN,
        "Gross Profit": NaN,
        "Cost Of Revenue": NaN,
        "Total Revenue": NaN,
        "Operating Revenue": NaN
    },
    "2024-03-31": {
        "Tax Effect Of Unusual Items": NaN,
        "Tax Rate For Calcs": NaN,
        "Normalized EBITDA": NaN,
        "Total Unusual Items": NaN,
        "Total Unusual Items Excluding Goodwill": NaN,
        "Net Income From Continuing Operation Net Minority Interest": NaN,
        "Reconciled Depreciation": NaN,
        "Reconciled Cost Of Revenue": NaN,
        "EBITDA": NaN,
        "EBIT": NaN,
        "Net Interest Income": NaN,
        "Interest Expense": NaN,
        "Normalized Income": NaN,
        "Net Income From Continuing And Discontinued Operation": NaN,
        "Total Expenses": NaN,
        "Total Operating Income As Reported": NaN,
        "Diluted Average Shares": NaN,
        "Basic Average Shares": NaN,
        "Diluted EPS": NaN,
        "Basic EPS": NaN,
        "Diluted NI Availto Com Stockholders": NaN,
        "Net Income Common Stockholders": NaN,
        "Net Income": NaN,
        "Minority Interests": NaN,
        "Net Income Including Noncontrolling Interests": NaN,
        "Net Income Continuous Operations": NaN,
        "Earnings From Equity Interest Net Of Tax": NaN,
        "Tax Provision": NaN,
        "Pretax Income": NaN,
        "Other Income Expense": NaN,
        "Other Non Operating Income Expenses": NaN,
        "Special Income Charges": NaN,
        "Other Special Charges": NaN,
        "Impairment Of Capital Assets": NaN,
        "Restructuring And Mergern Acquisition": NaN,
        "Net Non Operating Interest Income Expense": NaN,
        "Total Other Finance Cost": NaN,
        "Interest Expense Non Operating": NaN,
        "Operating Income": NaN,
        "Operating Expense": NaN,
        "Other Operating Expenses": 1000000.0,
        "Research And Development": NaN,
        "Selling General And Administration": NaN,
        "Selling And Marketing Expense": NaN,
        "General And Administrative Expense": NaN,
        "Other Gand A": NaN,
        "Gross Profit": NaN,
        "Cost Of Revenue": NaN,
        "Total Revenue": NaN,
        "Operating Revenue": NaN
    },
    "2024-06-30": {
        "Tax Effect Of Unusual Items": NaN,
        "Tax Rate For Calcs": NaN,
        "Normalized EBITDA": NaN,
        "Total Unusual Items": NaN,
        "Total Unusual Items Excluding Goodwill": NaN,
        "Net Income From Continuing Operation Net Minority Interest": NaN,
        "Reconciled Depreciation": NaN,
        "Reconciled Cost Of Revenue": NaN,
        "EBITDA": NaN,
        "EBIT": NaN,
        "Net Interest Income": NaN,
        "Interest Expense": NaN,
        "Normalized Income": NaN,
        "Net Income From Continuing And Discontinued Operation": NaN,
        "Total Expenses": NaN,
        "Total Operating Income As Reported": NaN,
        "Diluted Average Shares": NaN,
        "Basic Average Shares": NaN,
        "Diluted EPS": NaN,
        "Basic EPS": NaN,
        "Diluted NI Availto Com Stockholders": NaN,
        "Net Income Common Stockholders": NaN,
        "Net Income": NaN,
        "Minority Interests": NaN,
        "Net Income Including Noncontrolling Interests": NaN,
        "Net Income Continuous Operations": NaN,
        "Earnings From Equity Interest Net Of Tax": NaN,
        "Tax Provision": NaN,
        "Pretax Income": NaN,
        "Other Income Expense": NaN,
        "Other Non Operating Income Expenses": NaN,
        "Special Income Charges": NaN,
        "Other Special Charges": NaN,
        "Impairment Of Capital Assets": NaN,
        "Restructuring And Mergern Acquisition": NaN,
        "Net Non Operating Interest Income Expense": NaN,
        "Total Other Finance Cost": 8000000.0,
        "Interest Expense Non Operating": NaN,
        "Operating Income": NaN,
        "Operating Expense": NaN,
        "Other Operating Expenses": NaN,
        "Research And Development": NaN,
        "Selling General And Administration": NaN,
        "Selling And Marketing Expense": NaN,
        "General And Administrative Expense": NaN,
        "Other Gand A": NaN,
        "Gross Profit": NaN,
        "Cost Of Revenue": NaN,
        "Total Revenue": NaN,
        "Operating Revenue": NaN
    },
    "2024-09-30": {
        "Tax Effect Of Unusual Items": NaN,
        "Tax Rate For Calcs": NaN,
        "Normalized EBITDA": NaN,
        "Total Unusual Items": NaN,
        "Total Unusual Items Excluding Goodwill": NaN,
        "Net Income From Continuing Operation Net Minority Interest": NaN,
        "Reconciled Depreciation": NaN,
        "Reconciled Cost Of Revenue": NaN,
        "EBITDA": NaN,
        "EBIT": NaN,
        "Net Interest Income": NaN,
        "Interest Expense": NaN,
        "Normalized Income": NaN,
        "Net Income From Continuing And Discontinued Operation": NaN,
        "Total Expenses": NaN,
        "Total Operating Income As Reported": NaN,
        "Diluted Average Shares": NaN,
        "Basic Average Shares": NaN,
        "Diluted EPS": NaN,
        "Basic EPS": NaN,
        "Diluted NI Availto Com Stockholders": NaN,
        "Net Income Common Stockholders": NaN,
        "Net Income": NaN,
        "Minority Interests": -47000000.0,
        "Net Income Including Noncontrolling Interests": NaN,
        "Net Income Continuous Operations": NaN,
        "Earnings From Equity Interest Net Of Tax": 3000000.0,
        "Tax Provision": NaN,
        "Pretax Income": NaN,
        "Other Income Expense": NaN,
        "Other Non Operating Income Expenses": NaN,
        "Special Income Charges": NaN,
        "Other Special Charges": NaN,
        "Impairment Of Capital Assets": NaN,
        "Restructuring And Mergern Acquisition": NaN,
        "Net Non Operating Interest Income Expense": NaN,
        "Total Other Finance Cost": NaN,
        "Interest Expense Non Operating": NaN,
        "Operating Income": NaN,
        "Operating Expense": NaN,
        "Other Operating Expenses": NaN,
        "Research And Development": NaN,
        "Selling General And Administration": NaN,
        "Selling And Marketing Expense": NaN,
        "General And Administrative Expense": NaN,
        "Other Gand A": NaN,
        "Gross Profit": NaN,
        "Cost Of Revenue": NaN,
        "Total Revenue": NaN,
        "Operating Revenue": NaN
    },
    "2024-12-31": {
        "Tax Effect Of Unusual Items": -196190000.0,
        "Tax Rate For Calcs": 0.23,
        "Normalized EBITDA": 1114000000.0,
        "Total Unusual Items": -853000000.0,
        "Total Unusual Items Excluding Goodwill": -853000000.0,
        "Net Income From Continuing Operation Net Minority Interest": -217000000.0,
        "Reconciled Depreciation": 269000000.0,
        "Reconciled Cost Of Revenue": 2109000000.0,
        "EBITDA": 261000000.0,
        "EBIT": -8000000.0,
        "Net Interest Income": -287000000.0,
        "Interest Expense": 239000000.0,
        "Normalized Income": 439810000.0,
        "Net Income From Continuing And Discontinued Operation": -217000000.0,
        "Total Expenses": 3308000000.0,
        "Total Operating Income As Reported": -29000000.0,
        "Diluted Average Shares": 1133000000.0,
        "Basic Average Shares": 1133000000.0,
        "Diluted EPS": -0.19,
        "Basic EPS": -0.19,
        "Diluted NI Availto Com Stockholders": -217000000.0,
        "Net Income Common Stockholders": -217000000.0,
        "Net Income": -217000000.0,
        "Minority Interests": 58000000.0,
        "Net Income Including Noncontrolling Interests": -275000000.0,
        "Net Income Continuous Operations": -275000000.0,
        "Earnings From Equity Interest Net Of Tax": 0.0,
        "Tax Provision": 28000000.0,
        "Pretax Income": -247000000.0,
        "Other Income Expense": -882000000.0,
        "Other Non Operating Income Expenses": -29000000.0,
        "Special Income Charges": -922000000.0,
        "Other Special Charges": 122000000.0,
        "Impairment Of Capital Assets": 797000000.0,
        "Restructuring And Mergern Acquisition": 20000000.0,
        "Net Non Operating Interest Income Expense": -287000000.0,
        "Total Other Finance Cost": NaN,
        "Interest Expense Non Operating": 239000000.0,
        "Operating Income": 922000000.0,
        "Operating Expense": 1199000000.0,
        "Other Operating Expenses": NaN,
        "Research And Development": 247000000.0,
        "Selling General And Administration": 952000000.0,
        "Selling And Marketing Expense": 650000000.0,
        "General And Administrative Expense": 302000000.0,
        "Other Gand A": 302000000.0,
        "Gross Profit": 2121000000.0,
        "Cost Of Revenue": 2109000000.0,
        "Total Revenue": 4229000000.0,
        "Operating Revenue": 4194000000.0
    },
    "2025-03-31": {
        "Tax Effect Of Unusual Items": -32900000.0,
        "Tax Rate For Calcs": 0.175,
        "Normalized EBITDA": 951000000.0,
        "Total Unusual Items": -188000000.0,
        "Total Unusual Items Excluding Goodwill": -188000000.0,
        "Net Income From Continuing Operation Net Minority Interest": 214000000.0,
        "Reconciled Depreciation": 244000000.0,
        "Reconciled Cost Of Revenue": 2014000000.0,
        "EBITDA": 763000000.0,
        "EBIT": 519000000.0,
        "Net Interest Income": -225000000.0,
        "Interest Expense": 225000000.0,
        "Normalized Income": 369100000.0,
        "Net Income From Continuing And Discontinued Operation": 214000000.0,
        "Total Expenses": 3185000000.0,
        "Total Operating Income As Reported": 519000000.0,
        "Diluted Average Shares": 1159000000.0,
        "Basic Average Shares": 1138000000.0,
        "Diluted EPS": 0.18,
        "Basic EPS": 0.19,
        "Diluted NI Availto Com Stockholders": 214000000.0,
        "Net Income Common Stockholders": 214000000.0,
        "Net Income": 214000000.0,
        "Minority Interests": -6000000.0,
        "Net Income Including Noncontrolling Interests": 220000000.0,
        "Net Income Continuous Operations": 220000000.0,
        "Earnings From Equity Interest Net Of Tax": NaN,
        "Tax Provision": 74000000.0,
        "Pretax Income": 294000000.0,
        "Other Income Expense": -186000000.0,
        "Other Non Operating Income Expenses": 2000000.0,
        "Special Income Charges": -188000000.0,
        "Other Special Charges": 86000000.0,
        "Impairment Of Capital Assets": 77000000.0,
        "Restructuring And Mergern Acquisition": 25000000.0,
        "Net Non Operating Interest Income Expense": -225000000.0,
        "Total Other Finance Cost": NaN,
        "Interest Expense Non Operating": 225000000.0,
        "Operating Income": 706000000.0,
        "Operating Expense": 1171000000.0,
        "Other Operating Expenses": 5000000.0,
        "Research And Development": 247000000.0,
        "Selling General And Administration": 919000000.0,
        "Selling And Marketing Expense": 622000000.0,
        "General And Administrative Expense": 297000000.0,
        "Other Gand A": 297000000.0,
        "Gross Profit": 1877000000.0,
        "Cost Of Revenue": 2014000000.0,
        "Total Revenue": 3891000000.0,
        "Operating Revenue": 3815000000.0
    },
    "2025-06-30": {
        "Tax Effect Of Unusual Items": -100970000.0,
        "Tax Rate For Calcs": 0.23,
        "Normalized EBITDA": 1096000000.0,
        "Total Unusual Items": -439000000.0,
        "Total Unusual Items Excluding Goodwill": -439000000.0,
        "Net Income From Continuing Operation Net Minority Interest": 282000000.0,
        "Reconciled Depreciation": 251000000.0,
        "Reconciled Cost Of Revenue": 2074000000.0,
        "EBITDA": 657000000.0,
        "EBIT": 406000000.0,
        "Net Interest Income": -252000000.0,
        "Interest Expense": 203000000.0,
        "Normalized Income": 620030000.0,
        "Net Income From Continuing And Discontinued Operation": 282000000.0,
        "Total Expenses": 3277000000.0,
        "Total Operating Income As Reported": 455000000.0,
        "Diluted Average Shares": 1161000000.0,
        "Basic Average Shares": 1147000000.0,
        "Diluted EPS": 0.24,
        "Basic EPS": 0.25,
        "Diluted NI Availto Com Stockholders": 282000000.0,
        "Net Income Common Stockholders": 282000000.0,
        "Net Income": 282000000.0,
        "Minority Interests": NaN,
        "Net Income Including Noncontrolling Interests": 283000000.0,
        "Net Income Continuous Operations": 282000000.0,
        "Earnings From Equity Interest Net Of Tax": 1000000.0,
        "Tax Provision": -78000000.0,
        "Pretax Income": 203000000.0,
        "Other Income Expense": -444000000.0,
        "Other Non Operating Income Expenses": -5000000.0,
        "Special Income Charges": -439000000.0,
        "Other Special Charges": 166000000.0,
        "Impairment Of Capital Assets": 100000000.0,
        "Restructuring And Mergern Acquisition": 173000000.0,
        "Net Non Operating Interest Income Expense": -252000000.0,
        "Total Other Finance Cost": 49000000.0,
        "Interest Expense Non Operating": 203000000.0,
        "Operating Income": 899000000.0,
        "Operating Expense": 1203000000.0,
        "Other Operating Expenses": NaN,
        "Research And Development": 244000000.0,
        "Selling General And Administration": 959000000.0,
        "Selling And Marketing Expense": 654000000.0,
        "General And Administrative Expense": 305000000.0,
        "Other Gand A": 305000000.0,
        "Gross Profit": 2102000000.0,
        "Cost Of Revenue": 2074000000.0,
        "Total Revenue": 4176000000.0,
        "Operating Revenue": 4059000000.0
    },
    "2025-09-30": {
        "Tax Effect Of Unusual Items": -60953560.371517,
        "Tax Rate For Calcs": 0.331269,
        "Normalized EBITDA": 1288000000.0,
        "Total Unusual Items": -184000000.0,
        "Total Unusual Items Excluding Goodwill": -184000000.0,
        "Net Income From Continuing Operation Net Minority Interest": 433000000.0,
        "Reconciled Depreciation": 249000000.0,
        "Reconciled Cost Of Revenue": 2176000000.0,
        "EBITDA": 1104000000.0,
        "EBIT": 855000000.0,
        "Net Interest Income": -237000000.0,
        "Interest Expense": 209000000.0,
        "Normalized Income": 556046439.628483,
        "Net Income From Continuing And Discontinued Operation": 433000000.0,
        "Total Expenses": 3405000000.0,
        "Total Operating Income As Reported": 882000000.0,
        "Diluted Average Shares": 1164000000.0,
        "Basic Average Shares": 1147000000.0,
        "Diluted EPS": 0.37,
        "Basic EPS": 0.38,
        "Diluted NI Availto Com Stockholders": 433000000.0,
        "Net Income Common Stockholders": 433000000.0,
        "Net Income": 433000000.0,
        "Minority Interests": -1000000.0,
        "Net Income Including Noncontrolling Interests": 434000000.0,
        "Net Income Continuous Operations": 434000000.0,
        "Earnings From Equity Interest Net Of Tax": 2000000.0,
        "Tax Provision": 214000000.0,
        "Pretax Income": 646000000.0,
        "Other Income Expense": -194000000.0,
        "Other Non Operating Income Expenses": -10000000.0,
        "Special Income Charges": -184000000.0,
        "Other Special Charges": 60000000.0,
        "Impairment Of Capital Assets": 79000000.0,
        "Restructuring And Mergern Acquisition": 45000000.0,
        "Net Non Operating Interest Income Expense": -237000000.0,
        "Total Other Finance Cost": 28000000.0,
        "Interest Expense Non Operating": 209000000.0,
        "Operating Income": 1075000000.0,
        "Operating Expense": 1229000000.0,
        "Other Operating Expenses": NaN,
        "Research And Development": 256000000.0,
        "Selling General And Administration": 973000000.0,
        "Selling And Marketing Expense": 656000000.0,
        "General And Administrative Expense": 317000000.0,
        "Other Gand A": 317000000.0,
        "Gross Profit": 2304000000.0,
        "Cost Of Revenue": 2176000000.0,
        "Total Revenue": 4480000000.0,
        "Operating Revenue": 4359000000.0
    },
    "2025-12-31": {
        "Tax Effect Of Unusual Items": -214820000.0,
        "Tax Rate For Calcs": 0.23,
        "Normalized EBITDA": 1566000000.0,
        "Total Unusual Items": -934000000.0,
        "Total Unusual Items Excluding Goodwill": -934000000.0,
        "Net Income From Continuing Operation Net Minority Interest": 480000000.0,
        "Reconciled Depreciation": 260000000.0,
        "Reconciled Cost Of Revenue": 2056000000.0,
        "EBITDA": 632000000.0,
        "EBIT": 372000000.0,
        "Net Interest Income": -271000000.0,
        "Interest Expense": 292000000.0,
        "Normalized Income": 1199180000.0,
        "Net Income From Continuing And Discontinued Operation": 480000000.0,
        "Total Expenses": 3443000000.0,
        "Total Operating Income As Reported": 300000000.0,
        "Diluted Average Shares": 1173000000.0,
        "Basic Average Shares": 1149000000.0,
        "Diluted EPS": 0.41,
        "Basic EPS": 0.42,
        "Diluted NI Availto Com Stockholders": 480000000.0,
        "Net Income Common Stockholders": 480000000.0,
        "Net Income": 480000000.0,
        "Minority Interests": 0.0,
        "Net Income Including Noncontrolling Interests": 481000000.0,
        "Net Income Continuous Operations": 481000000.0,
        "Earnings From Equity Interest Net Of Tax": 11000000.0,
        "Tax Provision": -390000000.0,
        "Pretax Income": 80000000.0,
        "Other Income Expense": -916000000.0,
        "Other Non Operating Income Expenses": 18000000.0,
        "Special Income Charges": -985000000.0,
        "Other Special Charges": 155000000.0,
        "Impairment Of Capital Assets": 773000000.0,
        "Restructuring And Mergern Acquisition": 37000000.0,
        "Net Non Operating Interest Income Expense": -271000000.0,
        "Total Other Finance Cost": -21000000.0,
        "Interest Expense Non Operating": 292000000.0,
        "Operating Income": 1269000000.0,
        "Operating Expense": 1387000000.0,
        "Other Operating Expenses": NaN,
        "Research And Development": 267000000.0,
        "Selling General And Administration": 1120000000.0,
        "Selling And Marketing Expense": 753000000.0,
        "General And Administrative Expense": 367000000.0,
        "Other Gand A": 367000000.0,
        "Gross Profit": 2656000000.0,
        "Cost Of Revenue": 2056000000.0,
        "Total Revenue": 4711000000.0,
        "Operating Revenue": 4602000000.0
    }
}