{
    "2023-06-30": {
        "Tax Effect Of Unusual Items": NaN,
        "Tax Rate For Calcs": NaN,
        "Normalized EBITDA": NaN,
        "Total Unusual Items": NaN,
        "Total Unusual Items Excluding Goodwill": NaN,
        "Net Income From Continuing Operation Net Minority Interest": NaN,
        "Reconciled Depreciation": NaN,
        "Reconciled Cost Of Revenue": NaN,
        "EBITDA": NaN,
        "EBIT": NaN,
        "Net Interest Income": NaN,
        "Interest Expense": NaN,
        "Interest Income": NaN,
        "Normalized Income": NaN,
        "Net Income From Continuing And Discontinued Operation": NaN,
        "Total Expenses": NaN,
        "Total Operating Income As Reported": NaN,
        "Diluted Average Shares": 87124817.0,
        "Basic Average Shares": 86135039.0,
        "Diluted EPS": 1.47,
        "Basic EPS": 1.49,
        "Diluted NI Availto Com Stockholders": NaN,
        "Net Income Common Stockholders": NaN,
        "Net Income": NaN,
        "Net Income Including Noncontrolling Interests": NaN,
        "Net Income Continuous Operations": NaN,
        "Tax Provision": NaN,
        "Pretax Income": NaN,
        "Other Income Expense": NaN,
        "Special Income Charges": NaN,
        "Gain On Sale Of Ppe": NaN,
        "Gain On Sale Of Business": NaN,
        "Restructuring And Mergern Acquisition": NaN,
        "Gain On Sale Of Security": NaN,
        "Net Non Operating Interest Income Expense": NaN,
        "Total Other Finance Cost": NaN,
        "Interest Expense Non Operating": NaN,
        "Interest Income Non Operating": NaN,
        "Operating Income": NaN,
        "Operating Expense": NaN,
        "Other Operating Expenses": NaN,
        "Gross Profit": NaN,
        "Cost Of Revenue": NaN,
        "Total Revenue": NaN,
        "Operating Revenue": NaN
    },
    "2023-03-31": {
        "Tax Effect Of Unusual Items": NaN,
        "Tax Rate For Calcs": NaN,
        "Normalized EBITDA": NaN,
        "Total Unusual Items": 15568000.0,
        "Total Unusual Items Excluding Goodwill": 15568000.0,
        "Net Income From Continuing Operation Net Minority Interest": NaN,
        "Reconciled Depreciation": 104055000.0,
        "Reconciled Cost Of Revenue": 1586607000.0,
        "EBITDA": NaN,
        "EBIT": NaN,
        "Net Interest Income": -17427000.0,
        "Interest Expense": 15692000.0,
        "Interest Income": 1362000.0,
        "Normalized Income": NaN,
        "Net Income From Continuing And Discontinued Operation": NaN,
        "Total Expenses": 1699045000.0,
        "Total Operating Income As Reported": NaN,
        "Diluted Average Shares": 87914259.0,
        "Basic Average Shares": 86581729.0,
        "Diluted EPS": 1.27,
        "Basic EPS": 1.29,
        "Diluted NI Availto Com Stockholders": NaN,
        "Net Income Common Stockholders": NaN,
        "Net Income": NaN,
        "Net Income Including Noncontrolling Interests": NaN,
        "Net Income Continuous Operations": NaN,
        "Tax Provision": 37355000.0,
        "Pretax Income": 149273000.0,
        "Other Income Expense": 15568000.0,
        "Special Income Charges": 15220000.0,
        "Gain On Sale Of Ppe": 15270000.0,
        "Gain On Sale Of Business": NaN,
        "Restructuring And Mergern Acquisition": 50000.0,
        "Gain On Sale Of Security": 348000.0,
        "Net Non Operating Interest Income Expense": -17427000.0,
        "Total Other Finance Cost": 3097000.0,
        "Interest Expense Non Operating": 15692000.0,
        "Interest Income Non Operating": 1362000.0,
        "Operating Income": NaN,
        "Operating Expense": 112438000.0,
        "Other Operating Expenses": 112438000.0,
        "Gross Profit": 263570000.0,
        "Cost Of Revenue": 1586607000.0,
        "Total Revenue": NaN,
        "Operating Revenue": NaN
    },
    "2022-12-31": {
        "Tax Effect Of Unusual Items": NaN,
        "Tax Rate For Calcs": NaN,
        "Normalized EBITDA": NaN,
        "Total Unusual Items": NaN,
        "Total Unusual Items Excluding Goodwill": NaN,
        "Net Income From Continuing Operation Net Minority Interest": NaN,
        "Reconciled Depreciation": NaN,
        "Reconciled Cost Of Revenue": NaN,
        "EBITDA": NaN,
        "EBIT": NaN,
        "Net Interest Income": NaN,
        "Interest Expense": NaN,
        "Interest Income": NaN,
        "Normalized Income": NaN,
        "Net Income From Continuing And Discontinued Operation": NaN,
        "Total Expenses": NaN,
        "Total Operating Income As Reported": NaN,
        "Diluted Average Shares": NaN,
        "Basic Average Shares": NaN,
        "Diluted EPS": NaN,
        "Basic EPS": NaN,
        "Diluted NI Availto Com Stockholders": NaN,
        "Net Income Common Stockholders": NaN,
        "Net Income": NaN,
        "Net Income Including Noncontrolling Interests": NaN,
        "Net Income Continuous Operations": NaN,
        "Tax Provision": NaN,
        "Pretax Income": NaN,
        "Other Income Expense": NaN,
        "Special Income Charges": NaN,
        "Gain On Sale Of Ppe": NaN,
        "Gain On Sale Of Business": -2069000.0,
        "Restructuring And Mergern Acquisition": NaN,
        "Gain On Sale Of Security": NaN,
        "Net Non Operating Interest Income Expense": NaN,
        "Total Other Finance Cost": NaN,
        "Interest Expense Non Operating": NaN,
        "Interest Income Non Operating": NaN,
        "Operating Income": NaN,
        "Operating Expense": NaN,
        "Other Operating Expenses": NaN,
        "Gross Profit": NaN,
        "Cost Of Revenue": NaN,
        "Total Revenue": NaN,
        "Operating Revenue": NaN
    },
    "2022-09-30": {
        "Tax Effect Of Unusual Items": NaN,
        "Tax Rate For Calcs": NaN,
        "Normalized EBITDA": NaN,
        "Total Unusual Items": NaN,
        "Total Unusual Items Excluding Goodwill": NaN,
        "Net Income From Continuing Operation Net Minority Interest": NaN,
        "Reconciled Depreciation": NaN,
        "Reconciled Cost Of Revenue": NaN,
        "EBITDA": NaN,
        "EBIT": NaN,
        "Net Interest Income": NaN,
        "Interest Expense": NaN,
        "Interest Income": NaN,
        "Normalized Income": NaN,
        "Net Income From Continuing And Discontinued Operation": NaN,
        "Total Expenses": NaN,
        "Total Operating Income As Reported": NaN,
        "Diluted Average Shares": 90033710.0,
        "Basic Average Shares": 88226360.0,
        "Diluted EPS": 2.72,
        "Basic EPS": 2.78,
        "Diluted NI Availto Com Stockholders": NaN,
        "Net Income Common Stockholders": NaN,
        "Net Income": NaN,
        "Net Income Including Noncontrolling Interests": NaN,
        "Net Income Continuous Operations": NaN,
        "Tax Provision": NaN,
        "Pretax Income": NaN,
        "Other Income Expense": NaN,
        "Special Income Charges": NaN,
        "Gain On Sale Of Ppe": NaN,
        "Gain On Sale Of Business": 75722000.0,
        "Restructuring And Mergern Acquisition": NaN,
        "Gain On Sale Of Security": NaN,
        "Net Non Operating Interest Income Expense": NaN,
        "Total Other Finance Cost": NaN,
        "Interest Expense Non Operating": NaN,
        "Interest Income Non Operating": NaN,
        "Operating Income": NaN,
        "Operating Expense": NaN,
        "Other Operating Expenses": NaN,
        "Gross Profit": NaN,
        "Cost Of Revenue": NaN,
        "Total Revenue": NaN,
        "Operating Revenue": NaN
    },
    "2022-06-30": {
        "Tax Effect Of Unusual Items": 21386957.0,
        "Tax Rate For Calcs": 0.251,
        "Normalized EBITDA": 413439000.0,
        "Total Unusual Items": 85207000.0,
        "Total Unusual Items Excluding Goodwill": 85207000.0,
        "Net Income From Continuing Operation Net Minority Interest": 276825000.0,
        "Reconciled Depreciation": 111805000.0,
        "Reconciled Cost Of Revenue": 1989699000.0,
        "EBITDA": 498646000.0,
        "EBIT": 386841000.0,
        "Net Interest Income": -21570000.0,
        "Interest Expense": 17408000.0,
        "Interest Income": 60000.0,
        "Normalized Income": 213004957.0,
        "Net Income From Continuing And Discontinued Operation": 276825000.0,
        "Total Expenses": 2116521000.0,
        "Total Operating Income As Reported": 390970000.0,
        "Diluted Average Shares": 92343315.0,
        "Basic Average Shares": 90646525.0,
        "Diluted EPS": 3.0,
        "Basic EPS": 3.05,
        "Diluted NI Availto Com Stockholders": 276825000.0,
        "Net Income Common Stockholders": 276825000.0,
        "Net Income": 276825000.0,
        "Net Income Including Noncontrolling Interests": 276825000.0,
        "Net Income Continuous Operations": 276825000.0,
        "Tax Provision": 92608000.0,
        "Pretax Income": 369433000.0,
        "Other Income Expense": 85207000.0,
        "Special Income Charges": 85102000.0,
        "Gain On Sale Of Ppe": 85174000.0,
        "Gain On Sale Of Business": NaN,
        "Restructuring And Mergern Acquisition": 72000.0,
        "Gain On Sale Of Security": 105000.0,
        "Net Non Operating Interest Income Expense": -21570000.0,
        "Total Other Finance Cost": 4222000.0,
        "Interest Expense Non Operating": 17408000.0,
        "Interest Income Non Operating": 60000.0,
        "Operating Income": 305796000.0,
        "Operating Expense": 126822000.0,
        "Other Operating Expenses": 126822000.0,
        "Gross Profit": 432618000.0,
        "Cost Of Revenue": 1989699000.0,
        "Total Revenue": 2422317000.0,
        "Operating Revenue": 2422317000.0
    },
    "2022-03-31": {
        "Diluted EPS": 1.57,
        "Total Revenue": NaN,
        "Gross Profit": NaN,
        "Operating Income": 220,
        "EBIT": 330,
        "Net Income": 148
    },
    "2021-12-31": {
        "Diluted EPS": 1.51,
        "Total Revenue": NaN,
        "Gross Profit": NaN,
        "Operating Income": 215,
        "EBIT": 325,
        "Net Income": 144
    },
    "2021-09-30": {
        "Diluted EPS": 1.38,
        "Total Revenue": NaN,
        "Gross Profit": NaN,
        "Operating Income": 192,
        "EBIT": 298,
        "Net Income": 132
    },
    "2021-06-30": {
        "Diluted EPS": 4.32,
        "Total Revenue": NaN,
        "Gross Profit": 874,
        "Operating Income": 471,
        "EBIT": 569,
        "Net Income": 412
    },
    "2021-03-31": {
        "Diluted EPS": 0.7,
        "Total Revenue": NaN,
        "Gross Profit": 483,
        "Operating Income": 102,
        "EBIT": 180,
        "Net Income": 67
    },
    "2020-12-31": {
        "Diluted EPS": 0.91,
        "Total Revenue": NaN,
        "Gross Profit": 485,
        "Operating Income": 117,
        "EBIT": 196,
        "Net Income": 86
    },
    "2020-09-30": {
        "Diluted EPS": 0.9,
        "Total Revenue": 936,
        "Gross Profit": 440,
        "Operating Income": 117,
        "EBIT": 191,
        "Net Income": 83
    },
    "2020-06-30": {
        "Diluted EPS": 0.57,
        "Total Revenue": 798,
        "Gross Profit": 385,
        "Operating Income": 95,
        "EBIT": 168,
        "Net Income": 50
    },
    "2020-03-31": {
        "Diluted EPS": 0.65,
        "Total Revenue": 925,
        "Gross Profit": 419,
        "Operating Income": 87,
        "EBIT": 161,
        "Net Income": 56
    },
    "2019-12-31": {
        "Diluted EPS": 0.0,
        "Total Revenue": NaN,
        "Gross Profit": NaN,
        "Operating Income": NaN,
        "EBIT": NaN,
        "Net Income": NaN
    },
    "2023-09-30": {
        "Tax Effect Of Unusual Items": NaN,
        "Tax Rate For Calcs": NaN,
        "Normalized EBITDA": NaN,
        "Total Unusual Items": NaN,
        "Total Unusual Items Excluding Goodwill": NaN,
        "Net Income From Continuing Operation Net Minority Interest": NaN,
        "Reconciled Depreciation": NaN,
        "Reconciled Cost Of Revenue": NaN,
        "EBITDA": NaN,
        "EBIT": NaN,
        "Net Interest Income": NaN,
        "Interest Expense": NaN,
        "Interest Income": NaN,
        "Normalized Income": NaN,
        "Net Income From Continuing And Discontinued Operation": NaN,
        "Total Expenses": NaN,
        "Total Operating Income As Reported": NaN,
        "Diluted Average Shares": 86851619.0,
        "Basic Average Shares": 85849435.0,
        "Diluted EPS": 1.54,
        "Basic EPS": 1.55,
        "Diluted NI Availto Com Stockholders": NaN,
        "Net Income Common Stockholders": NaN,
        "Net Income": NaN,
        "Net Income Including Noncontrolling Interests": NaN,
        "Net Income Continuous Operations": NaN,
        "Tax Provision": NaN,
        "Pretax Income": NaN,
        "Other Income Expense": NaN,
        "Special Income Charges": NaN,
        "Gain On Sale Of Ppe": NaN,
        "Gain On Sale Of Business": -3011000.0,
        "Restructuring And Mergern Acquisition": NaN,
        "Gain On Sale Of Security": NaN,
        "Net Non Operating Interest Income Expense": NaN,
        "Total Other Finance Cost": NaN,
        "Interest Expense Non Operating": NaN,
        "Interest Income Non Operating": NaN,
        "Operating Income": NaN,
        "Operating Expense": NaN,
        "Other Operating Expenses": NaN,
        "Gross Profit": NaN,
        "Cost Of Revenue": NaN,
        "Total Revenue": NaN,
        "Operating Revenue": NaN
    },
    "2023-12-31": {
        "Tax Effect Of Unusual Items": NaN,
        "Tax Rate For Calcs": NaN,
        "Normalized EBITDA": NaN,
        "Total Unusual Items": NaN,
        "Total Unusual Items Excluding Goodwill": NaN,
        "Net Income From Continuing Operation Net Minority Interest": NaN,
        "Reconciled Depreciation": NaN,
        "Reconciled Cost Of Revenue": NaN,
        "EBITDA": NaN,
        "EBIT": NaN,
        "Net Interest Income": NaN,
        "Interest Expense": NaN,
        "Interest Income": NaN,
        "Normalized Income": NaN,
        "Net Income From Continuing And Discontinued Operation": NaN,
        "Total Expenses": NaN,
        "Total Operating Income As Reported": NaN,
        "Diluted Average Shares": NaN,
        "Basic Average Shares": NaN,
        "Diluted EPS": NaN,
        "Basic EPS": NaN,
        "Diluted NI Availto Com Stockholders": NaN,
        "Net Income Common Stockholders": NaN,
        "Net Income": NaN,
        "Net Income Including Noncontrolling Interests": NaN,
        "Net Income Continuous Operations": NaN,
        "Tax Provision": NaN,
        "Pretax Income": NaN,
        "Other Income Expense": NaN,
        "Special Income Charges": NaN,
        "Gain On Sale Of Ppe": NaN,
        "Gain On Sale Of Business": 0.0,
        "Restructuring And Mergern Acquisition": NaN,
        "Gain On Sale Of Security": NaN,
        "Net Non Operating Interest Income Expense": NaN,
        "Total Other Finance Cost": NaN,
        "Interest Expense Non Operating": NaN,
        "Interest Income Non Operating": NaN,
        "Operating Income": NaN,
        "Operating Expense": NaN,
        "Other Operating Expenses": NaN,
        "Gross Profit": NaN,
        "Cost Of Revenue": NaN,
        "Total Revenue": NaN,
        "Operating Revenue": NaN
    },
    "2024-03-31": {
        "Tax Effect Of Unusual Items": NaN,
        "Tax Rate For Calcs": NaN,
        "Normalized EBITDA": NaN,
        "Total Unusual Items": NaN,
        "Total Unusual Items Excluding Goodwill": NaN,
        "Net Income From Continuing Operation Net Minority Interest": NaN,
        "Reconciled Depreciation": NaN,
        "Reconciled Cost Of Revenue": NaN,
        "EBITDA": NaN,
        "EBIT": NaN,
        "Net Interest Income": NaN,
        "Interest Expense": NaN,
        "Interest Income": NaN,
        "Normalized Income": NaN,
        "Net Income From Continuing And Discontinued Operation": NaN,
        "Total Expenses": NaN,
        "Total Operating Income As Reported": NaN,
        "Diluted Average Shares": 85348043.0,
        "Basic Average Shares": 84475177.0,
        "Diluted EPS": 1.09,
        "Basic EPS": 1.1,
        "Diluted NI Availto Com Stockholders": NaN,
        "Net Income Common Stockholders": NaN,
        "Net Income": NaN,
        "Net Income Including Noncontrolling Interests": NaN,
        "Net Income Continuous Operations": NaN,
        "Tax Provision": NaN,
        "Pretax Income": NaN,
        "Other Income Expense": NaN,
        "Special Income Charges": NaN,
        "Gain On Sale Of Ppe": NaN,
        "Gain On Sale Of Business": NaN,
        "Restructuring And Mergern Acquisition": NaN,
        "Gain On Sale Of Security": NaN,
        "Net Non Operating Interest Income Expense": NaN,
        "Total Other Finance Cost": NaN,
        "Interest Expense Non Operating": NaN,
        "Interest Income Non Operating": NaN,
        "Operating Income": NaN,
        "Operating Expense": NaN,
        "Other Operating Expenses": NaN,
        "Gross Profit": NaN,
        "Cost Of Revenue": NaN,
        "Total Revenue": NaN,
        "Operating Revenue": NaN
    },
    "2024-06-30": {
        "Tax Effect Of Unusual Items": NaN,
        "Tax Rate For Calcs": NaN,
        "Normalized EBITDA": NaN,
        "Total Unusual Items": NaN,
        "Total Unusual Items Excluding Goodwill": NaN,
        "Net Income From Continuing Operation Net Minority Interest": NaN,
        "Reconciled Depreciation": NaN,
        "Reconciled Cost Of Revenue": NaN,
        "EBITDA": NaN,
        "EBIT": NaN,
        "Net Interest Income": NaN,
        "Interest Expense": NaN,
        "Interest Income": NaN,
        "Normalized Income": NaN,
        "Net Income From Continuing And Discontinued Operation": NaN,
        "Total Expenses": NaN,
        "Total Operating Income As Reported": NaN,
        "Diluted Average Shares": 85124441.0,
        "Basic Average Shares": 84499519.0,
        "Diluted EPS": 1.36,
        "Basic EPS": 1.37,
        "Diluted NI Availto Com Stockholders": NaN,
        "Net Income Common Stockholders": NaN,
        "Net Income": NaN,
        "Net Income Including Noncontrolling Interests": NaN,
        "Net Income Continuous Operations": NaN,
        "Tax Provision": NaN,
        "Pretax Income": NaN,
        "Other Income Expense": NaN,
        "Special Income Charges": NaN,
        "Gain On Sale Of Ppe": NaN,
        "Gain On Sale Of Business": NaN,
        "Restructuring And Mergern Acquisition": NaN,
        "Gain On Sale Of Security": NaN,
        "Net Non Operating Interest Income Expense": NaN,
        "Total Other Finance Cost": NaN,
        "Interest Expense Non Operating": NaN,
        "Interest Income Non Operating": NaN,
        "Operating Income": NaN,
        "Operating Expense": NaN,
        "Other Operating Expenses": NaN,
        "Gross Profit": NaN,
        "Cost Of Revenue": NaN,
        "Total Revenue": NaN,
        "Operating Revenue": NaN
    },
    "2024-09-30": {
        "Tax Effect Of Unusual Items": 1942056.0,
        "Tax Rate For Calcs": 0.216,
        "Normalized EBITDA": 350255000.0,
        "Total Unusual Items": 8991000.0,
        "Total Unusual Items Excluding Goodwill": 8991000.0,
        "Net Income From Continuing Operation Net Minority Interest": 127989000.0,
        "Reconciled Depreciation": 153727000.0,
        "Reconciled Cost Of Revenue": 1883423000.0,
        "EBITDA": 359246000.0,
        "EBIT": 205519000.0,
        "Net Interest Income": -45816000.0,
        "Interest Expense": 42233000.0,
        "Interest Income": 727000.0,
        "Normalized Income": 120940056.0,
        "Net Income From Continuing And Discontinued Operation": 127989000.0,
        "Total Expenses": 1984472000.0,
        "Total Operating Income As Reported": 203294000.0,
        "Diluted Average Shares": 85122718.0,
        "Basic Average Shares": 84608553.0,
        "Diluted EPS": 1.5,
        "Basic EPS": 1.51,
        "Diluted NI Availto Com Stockholders": 127989000.0,
        "Net Income Common Stockholders": 127989000.0,
        "Net Income": 127989000.0,
        "Net Income Including Noncontrolling Interests": 127989000.0,
        "Net Income Continuous Operations": 127989000.0,
        "Tax Provision": 35297000.0,
        "Pretax Income": 163286000.0,
        "Other Income Expense": 8991000.0,
        "Special Income Charges": 9287000.0,
        "Gain On Sale Of Ppe": 3183000.0,
        "Gain On Sale Of Business": 0.0,
        "Restructuring And Mergern Acquisition": -6104000.0,
        "Gain On Sale Of Security": -296000.0,
        "Net Non Operating Interest Income Expense": -45816000.0,
        "Total Other Finance Cost": 4310000.0,
        "Interest Expense Non Operating": 42233000.0,
        "Interest Income Non Operating": 727000.0,
        "Operating Income": 200111000.0,
        "Operating Expense": 101049000.0,
        "Other Operating Expenses": 101049000.0,
        "Gross Profit": 301160000.0,
        "Cost Of Revenue": 1883423000.0,
        "Total Revenue": 2184583000.0,
        "Operating Revenue": 2184583000.0
    },
    "2024-12-31": {
        "Tax Effect Of Unusual Items": -7493394.176414,
        "Tax Rate For Calcs": 0.254462,
        "Normalized EBITDA": 339983000.0,
        "Total Unusual Items": -29448000.0,
        "Total Unusual Items Excluding Goodwill": -29448000.0,
        "Net Income From Continuing Operation Net Minority Interest": 83879000.0,
        "Reconciled Depreciation": 158793000.0,
        "Reconciled Cost Of Revenue": 1706159000.0,
        "EBITDA": 310535000.0,
        "EBIT": 151742000.0,
        "Net Interest Income": -42758000.0,
        "Interest Expense": 39234000.0,
        "Interest Income": 772000.0,
        "Normalized Income": 105833605.823586,
        "Net Income From Continuing And Discontinued Operation": 83879000.0,
        "Total Expenses": 1892173000.0,
        "Total Operating Income As Reported": 155997000.0,
        "Diluted Average Shares": NaN,
        "Basic Average Shares": NaN,
        "Diluted EPS": NaN,
        "Basic EPS": NaN,
        "Diluted NI Availto Com Stockholders": 83879000.0,
        "Net Income Common Stockholders": 83879000.0,
        "Net Income": 83879000.0,
        "Net Income Including Noncontrolling Interests": 83879000.0,
        "Net Income Continuous Operations": 83879000.0,
        "Tax Provision": 28629000.0,
        "Pretax Income": 112508000.0,
        "Other Income Expense": -29448000.0,
        "Special Income Charges": -28732000.0,
        "Gain On Sale Of Ppe": -959000.0,
        "Gain On Sale Of Business": 0.0,
        "Restructuring And Mergern Acquisition": 27773000.0,
        "Gain On Sale Of Security": -716000.0,
        "Net Non Operating Interest Income Expense": -42758000.0,
        "Total Other Finance Cost": 4296000.0,
        "Interest Expense Non Operating": 39234000.0,
        "Interest Income Non Operating": 772000.0,
        "Operating Income": 184714000.0,
        "Operating Expense": 186014000.0,
        "Other Operating Expenses": 109706000.0,
        "Gross Profit": 370728000.0,
        "Cost Of Revenue": 1706159000.0,
        "Total Revenue": 2076887000.0,
        "Operating Revenue": 2076887000.0
    },
    "2025-03-31": {
        "Tax Effect Of Unusual Items": 2470824.0,
        "Tax Rate For Calcs": 0.246,
        "Normalized EBITDA": 252346000.0,
        "Total Unusual Items": 10044000.0,
        "Total Unusual Items Excluding Goodwill": 10044000.0,
        "Net Income From Continuing Operation Net Minority Interest": 56032000.0,
        "Reconciled Depreciation": 151293000.0,
        "Reconciled Cost Of Revenue": 1747738000.0,
        "EBITDA": 262390000.0,
        "EBIT": 111097000.0,
        "Net Interest Income": -40049000.0,
        "Interest Expense": 36763000.0,
        "Interest Income": 228000.0,
        "Normalized Income": 48458824.0,
        "Net Income From Continuing And Discontinued Operation": 56032000.0,
        "Total Expenses": 1860048000.0,
        "Total Operating Income As Reported": 114643000.0,
        "Diluted Average Shares": 84524018.0,
        "Basic Average Shares": 84179715.0,
        "Diluted EPS": 0.66,
        "Basic EPS": 0.67,
        "Diluted NI Availto Com Stockholders": 56032000.0,
        "Net Income Common Stockholders": 56032000.0,
        "Net Income": 56032000.0,
        "Net Income Including Noncontrolling Interests": 56032000.0,
        "Net Income Continuous Operations": 56032000.0,
        "Tax Provision": 18302000.0,
        "Pretax Income": 74334000.0,
        "Other Income Expense": 10044000.0,
        "Special Income Charges": 10289000.0,
        "Gain On Sale Of Ppe": 10304000.0,
        "Gain On Sale Of Business": NaN,
        "Restructuring And Mergern Acquisition": 15000.0,
        "Gain On Sale Of Security": -245000.0,
        "Net Non Operating Interest Income Expense": -40049000.0,
        "Total Other Finance Cost": 3514000.0,
        "Interest Expense Non Operating": 36763000.0,
        "Interest Income Non Operating": 228000.0,
        "Operating Income": 104339000.0,
        "Operating Expense": 112310000.0,
        "Other Operating Expenses": 112310000.0,
        "Gross Profit": 216649000.0,
        "Cost Of Revenue": 1747738000.0,
        "Total Revenue": 1964387000.0,
        "Operating Revenue": 1964387000.0
    },
    "2025-06-30": {
        "Tax Effect Of Unusual Items": 1051272.0,
        "Tax Rate For Calcs": 0.248,
        "Normalized EBITDA": 319600000.0,
        "Total Unusual Items": 4239000.0,
        "Total Unusual Items Excluding Goodwill": 4239000.0,
        "Net Income From Continuing Operation Net Minority Interest": 98180000.0,
        "Reconciled Depreciation": 156410000.0,
        "Reconciled Cost Of Revenue": 1771667000.0,
        "EBITDA": 323839000.0,
        "EBIT": 167429000.0,
        "Net Interest Income": -40302000.0,
        "Interest Expense": 36888000.0,
        "Interest Income": 305000.0,
        "Normalized Income": 94992272.0,
        "Net Income From Continuing And Discontinued Operation": 98180000.0,
        "Total Expenses": 1871017000.0,
        "Total Operating Income As Reported": 170165000.0,
        "Diluted Average Shares": 83654918.0,
        "Basic Average Shares": 83457282.0,
        "Diluted EPS": 1.17,
        "Basic EPS": 1.18,
        "Diluted NI Availto Com Stockholders": 98180000.0,
        "Net Income Common Stockholders": 98180000.0,
        "Net Income": 98180000.0,
        "Net Income Including Noncontrolling Interests": 98180000.0,
        "Net Income Continuous Operations": 98180000.0,
        "Tax Provision": 32361000.0,
        "Pretax Income": 130541000.0,
        "Other Income Expense": 4239000.0,
        "Special Income Charges": 3555000.0,
        "Gain On Sale Of Ppe": 3561000.0,
        "Gain On Sale Of Business": NaN,
        "Restructuring And Mergern Acquisition": 6000.0,
        "Gain On Sale Of Security": 684000.0,
        "Net Non Operating Interest Income Expense": -40302000.0,
        "Total Other Finance Cost": 3719000.0,
        "Interest Expense Non Operating": 36888000.0,
        "Interest Income Non Operating": 305000.0,
        "Operating Income": 166604000.0,
        "Operating Expense": 99350000.0,
        "Other Operating Expenses": 99350000.0,
        "Gross Profit": 265954000.0,
        "Cost Of Revenue": 1771667000.0,
        "Total Revenue": 2037621000.0,
        "Operating Revenue": 2037621000.0
    },
    "2025-09-30": {
        "Tax Effect Of Unusual Items": 383328.0,
        "Tax Rate For Calcs": 0.242,
        "Normalized EBITDA": 299943000.0,
        "Total Unusual Items": 1584000.0,
        "Total Unusual Items Excluding Goodwill": 1584000.0,
        "Net Income From Continuing Operation Net Minority Interest": 84689000.0,
        "Reconciled Depreciation": 152999000.0,
        "Reconciled Cost Of Revenue": 1714416000.0,
        "EBITDA": 301527000.0,
        "EBIT": 148528000.0,
        "Net Interest Income": -40204000.0,
        "Interest Expense": 36799000.0,
        "Interest Income": 518000.0,
        "Normalized Income": 83488328.0,
        "Net Income From Continuing And Discontinued Operation": 84689000.0,
        "Total Expenses": 1818322000.0,
        "Total Operating Income As Reported": 153314000.0,
        "Diluted Average Shares": 82746488.0,
        "Basic Average Shares": 82523756.0,
        "Diluted EPS": 1.02,
        "Basic EPS": 1.03,
        "Diluted NI Availto Com Stockholders": 84689000.0,
        "Net Income Common Stockholders": 84689000.0,
        "Net Income": 84689000.0,
        "Net Income Including Noncontrolling Interests": 84689000.0,
        "Net Income Continuous Operations": 84689000.0,
        "Tax Provision": 27040000.0,
        "Pretax Income": 111729000.0,
        "Other Income Expense": 1584000.0,
        "Special Income Charges": 2945000.0,
        "Gain On Sale Of Ppe": 2965000.0,
        "Gain On Sale Of Business": NaN,
        "Restructuring And Mergern Acquisition": 20000.0,
        "Gain On Sale Of Security": -1361000.0,
        "Net Non Operating Interest Income Expense": -40204000.0,
        "Total Other Finance Cost": 3923000.0,
        "Interest Expense Non Operating": 36799000.0,
        "Interest Income Non Operating": 518000.0,
        "Operating Income": 150349000.0,
        "Operating Expense": 103906000.0,
        "Other Operating Expenses": 103906000.0,
        "Gross Profit": 254255000.0,
        "Cost Of Revenue": 1714416000.0,
        "Total Revenue": 1968671000.0,
        "Operating Revenue": 1968671000.0
    }
}