{
    "2023-03-31": {
        "Tax Effect Of Unusual Items": NaN,
        "Tax Rate For Calcs": NaN,
        "Normalized EBITDA": NaN,
        "Total Unusual Items": NaN,
        "Total Unusual Items Excluding Goodwill": NaN,
        "Net Income From Continuing Operation Net Minority Interest": NaN,
        "Reconciled Depreciation": NaN,
        "Reconciled Cost Of Revenue": NaN,
        "EBITDA": NaN,
        "EBIT": NaN,
        "Net Interest Income": NaN,
        "Interest Expense": NaN,
        "Normalized Income": NaN,
        "Net Income From Continuing And Discontinued Operation": NaN,
        "Total Expenses": NaN,
        "Diluted Average Shares": NaN,
        "Basic Average Shares": NaN,
        "Diluted EPS": NaN,
        "Basic EPS": NaN,
        "Diluted NI Availto Com Stockholders": NaN,
        "Net Income Common Stockholders": NaN,
        "Net Income": NaN,
        "Net Income Including Noncontrolling Interests": NaN,
        "Net Income Continuous Operations": NaN,
        "Tax Provision": NaN,
        "Pretax Income": NaN,
        "Other Income Expense": NaN,
        "Other Non Operating Income Expenses": NaN,
        "Special Income Charges": NaN,
        "Gain On Sale Of Business": 262000.0,
        "Other Special Charges": NaN,
        "Write Off": NaN,
        "Impairment Of Capital Assets": NaN,
        "Net Non Operating Interest Income Expense": NaN,
        "Interest Expense Non Operating": NaN,
        "Operating Income": NaN,
        "Operating Expense": NaN,
        "Depreciation Amortization Depletion Income Statement": NaN,
        "Depreciation And Amortization In Income Statement": NaN,
        "Amortization": NaN,
        "Amortization Of Intangibles Income Statement": NaN,
        "Research And Development": NaN,
        "Selling General And Administration": NaN,
        "General And Administrative Expense": NaN,
        "Other Gand A": NaN,
        "Salaries And Wages": NaN,
        "Gross Profit": NaN,
        "Cost Of Revenue": NaN,
        "Total Revenue": NaN,
        "Operating Revenue": NaN
    },
    "2022-12-31": {
        "Tax Effect Of Unusual Items": NaN,
        "Tax Rate For Calcs": NaN,
        "Normalized EBITDA": NaN,
        "Total Unusual Items": NaN,
        "Total Unusual Items Excluding Goodwill": NaN,
        "Net Income From Continuing Operation Net Minority Interest": NaN,
        "Reconciled Depreciation": NaN,
        "Reconciled Cost Of Revenue": NaN,
        "EBITDA": NaN,
        "EBIT": NaN,
        "Net Interest Income": NaN,
        "Interest Expense": NaN,
        "Normalized Income": NaN,
        "Net Income From Continuing And Discontinued Operation": NaN,
        "Total Expenses": NaN,
        "Diluted Average Shares": NaN,
        "Basic Average Shares": NaN,
        "Diluted EPS": NaN,
        "Basic EPS": NaN,
        "Diluted NI Availto Com Stockholders": NaN,
        "Net Income Common Stockholders": NaN,
        "Net Income": NaN,
        "Net Income Including Noncontrolling Interests": NaN,
        "Net Income Discontinuous Operations": 6000.0,
        "Net Income Continuous Operations": NaN,
        "Tax Provision": NaN,
        "Pretax Income": NaN,
        "Other Income Expense": NaN,
        "Other Non Operating Income Expenses": NaN,
        "Special Income Charges": NaN,
        "Gain On Sale Of Business": NaN,
        "Other Special Charges": NaN,
        "Write Off": NaN,
        "Impairment Of Capital Assets": NaN,
        "Gain On Sale Of Security": 0.0,
        "Net Non Operating Interest Income Expense": NaN,
        "Interest Expense Non Operating": NaN,
        "Operating Income": NaN,
        "Operating Expense": NaN,
        "Other Taxes": 0.0,
        "Depreciation Amortization Depletion Income Statement": NaN,
        "Depreciation And Amortization In Income Statement": NaN,
        "Amortization": NaN,
        "Amortization Of Intangibles Income Statement": NaN,
        "Research And Development": NaN,
        "Selling General And Administration": NaN,
        "General And Administrative Expense": NaN,
        "Other Gand A": NaN,
        "Salaries And Wages": NaN,
        "Gross Profit": NaN,
        "Cost Of Revenue": NaN,
        "Total Revenue": NaN,
        "Operating Revenue": NaN
    },
    "2022-09-30": {
        "Tax Effect Of Unusual Items": NaN,
        "Tax Rate For Calcs": NaN,
        "Normalized EBITDA": NaN,
        "Total Unusual Items": NaN,
        "Total Unusual Items Excluding Goodwill": NaN,
        "Net Income From Continuing Operation Net Minority Interest": NaN,
        "Reconciled Depreciation": NaN,
        "Reconciled Cost Of Revenue": NaN,
        "EBITDA": NaN,
        "EBIT": NaN,
        "Net Interest Income": NaN,
        "Interest Expense": NaN,
        "Normalized Income": NaN,
        "Net Income From Continuing And Discontinued Operation": NaN,
        "Total Expenses": NaN,
        "Diluted Average Shares": NaN,
        "Basic Average Shares": NaN,
        "Diluted EPS": NaN,
        "Basic EPS": NaN,
        "Diluted NI Availto Com Stockholders": NaN,
        "Net Income Common Stockholders": NaN,
        "Net Income": NaN,
        "Net Income Including Noncontrolling Interests": NaN,
        "Net Income Discontinuous Operations": 21000.0,
        "Net Income Continuous Operations": NaN,
        "Tax Provision": NaN,
        "Pretax Income": NaN,
        "Other Income Expense": NaN,
        "Other Non Operating Income Expenses": NaN,
        "Special Income Charges": NaN,
        "Gain On Sale Of Business": NaN,
        "Other Special Charges": NaN,
        "Write Off": NaN,
        "Impairment Of Capital Assets": 0.0,
        "Gain On Sale Of Security": NaN,
        "Net Non Operating Interest Income Expense": NaN,
        "Interest Expense Non Operating": NaN,
        "Operating Income": NaN,
        "Operating Expense": NaN,
        "Other Taxes": 0.0,
        "Depreciation Amortization Depletion Income Statement": NaN,
        "Depreciation And Amortization In Income Statement": NaN,
        "Amortization": NaN,
        "Amortization Of Intangibles Income Statement": NaN,
        "Research And Development": NaN,
        "Selling General And Administration": NaN,
        "General And Administrative Expense": NaN,
        "Other Gand A": NaN,
        "Salaries And Wages": NaN,
        "Gross Profit": NaN,
        "Cost Of Revenue": NaN,
        "Total Revenue": NaN,
        "Operating Revenue": NaN
    },
    "2022-06-30": {
        "Tax Effect Of Unusual Items": 321048.0,
        "Tax Rate For Calcs": 0.273,
        "Normalized EBITDA": 26775000.0,
        "Total Unusual Items": 1176000.0,
        "Total Unusual Items Excluding Goodwill": 1176000.0,
        "Net Income From Continuing Operation Net Minority Interest": 14788000.0,
        "Reconciled Depreciation": 6373000.0,
        "Reconciled Cost Of Revenue": 223417000.0,
        "EBITDA": 27951000.0,
        "EBIT": 21578000.0,
        "Net Interest Income": -1234000.0,
        "Interest Expense": 1234000.0,
        "Normalized Income": 13933048.0,
        "Net Income From Continuing And Discontinued Operation": 14869000.0,
        "Total Expenses": 253912000.0,
        "Diluted Average Shares": 33854000.0,
        "Basic Average Shares": 33814000.0,
        "Diluted EPS": 0.44,
        "Basic EPS": 0.44,
        "Diluted NI Availto Com Stockholders": 14869000.0,
        "Net Income Common Stockholders": 14869000.0,
        "Net Income": 14869000.0,
        "Net Income Including Noncontrolling Interests": 14869000.0,
        "Net Income Discontinuous Operations": 81000.0,
        "Net Income Continuous Operations": 14788000.0,
        "Tax Provision": 5556000.0,
        "Pretax Income": 20344000.0,
        "Other Income Expense": 1127000.0,
        "Other Non Operating Income Expenses": -49000.0,
        "Special Income Charges": -230000.0,
        "Gain On Sale Of Business": NaN,
        "Other Special Charges": 96000.0,
        "Write Off": 134000.0,
        "Impairment Of Capital Assets": NaN,
        "Gain On Sale Of Security": 1406000.0,
        "Net Non Operating Interest Income Expense": -1234000.0,
        "Interest Expense Non Operating": 1234000.0,
        "Operating Income": 20451000.0,
        "Operating Expense": 24788000.0,
        "Other Taxes": 0.0,
        "Depreciation Amortization Depletion Income Statement": 666000.0,
        "Depreciation And Amortization In Income Statement": 666000.0,
        "Amortization": 666000.0,
        "Amortization Of Intangibles Income Statement": 666000.0,
        "Research And Development": 1754000.0,
        "Selling General And Administration": 22368000.0,
        "General And Administrative Expense": 22368000.0,
        "Other Gand A": 18862000.0,
        "Salaries And Wages": 3506000.0,
        "Gross Profit": 45239000.0,
        "Cost Of Revenue": 229124000.0,
        "Total Revenue": 274363000.0,
        "Operating Revenue": 274363000.0
    },
    "2023-06-30": {
        "Tax Effect Of Unusual Items": NaN,
        "Tax Rate For Calcs": NaN,
        "Normalized EBITDA": NaN,
        "Total Unusual Items": NaN,
        "Total Unusual Items Excluding Goodwill": NaN,
        "Net Income From Continuing Operation Net Minority Interest": NaN,
        "Reconciled Depreciation": NaN,
        "Reconciled Cost Of Revenue": NaN,
        "EBITDA": NaN,
        "EBIT": NaN,
        "Net Interest Income": NaN,
        "Interest Expense": NaN,
        "Normalized Income": NaN,
        "Net Income From Continuing And Discontinued Operation": NaN,
        "Total Expenses": NaN,
        "Diluted Average Shares": 34079000.0,
        "Basic Average Shares": 34079000.0,
        "Diluted EPS": -0.56,
        "Basic EPS": -0.56,
        "Diluted NI Availto Com Stockholders": NaN,
        "Net Income Common Stockholders": NaN,
        "Net Income": NaN,
        "Net Income Including Noncontrolling Interests": NaN,
        "Net Income Continuous Operations": NaN,
        "Tax Provision": NaN,
        "Pretax Income": NaN,
        "Other Income Expense": NaN,
        "Other Non Operating Income Expenses": NaN,
        "Special Income Charges": NaN,
        "Other Special Charges": NaN,
        "Write Off": NaN,
        "Impairment Of Capital Assets": NaN,
        "Net Non Operating Interest Income Expense": NaN,
        "Interest Expense Non Operating": NaN,
        "Operating Income": NaN,
        "Operating Expense": NaN,
        "Depreciation Amortization Depletion Income Statement": NaN,
        "Depreciation And Amortization In Income Statement": NaN,
        "Amortization": NaN,
        "Amortization Of Intangibles Income Statement": NaN,
        "Research And Development": NaN,
        "Selling General And Administration": NaN,
        "General And Administrative Expense": NaN,
        "Other Gand A": NaN,
        "Salaries And Wages": NaN,
        "Gross Profit": NaN,
        "Cost Of Revenue": NaN,
        "Total Revenue": NaN,
        "Operating Revenue": NaN
    },
    "2023-09-30": {
        "Tax Effect Of Unusual Items": NaN,
        "Tax Rate For Calcs": NaN,
        "Normalized EBITDA": NaN,
        "Total Unusual Items": NaN,
        "Total Unusual Items Excluding Goodwill": NaN,
        "Net Income From Continuing Operation Net Minority Interest": NaN,
        "Reconciled Depreciation": NaN,
        "Reconciled Cost Of Revenue": NaN,
        "EBITDA": NaN,
        "EBIT": NaN,
        "Net Interest Income": NaN,
        "Interest Expense": NaN,
        "Normalized Income": NaN,
        "Net Income From Continuing And Discontinued Operation": NaN,
        "Total Expenses": NaN,
        "Diluted Average Shares": NaN,
        "Basic Average Shares": NaN,
        "Diluted EPS": NaN,
        "Basic EPS": NaN,
        "Diluted NI Availto Com Stockholders": NaN,
        "Net Income Common Stockholders": NaN,
        "Net Income": NaN,
        "Net Income Including Noncontrolling Interests": NaN,
        "Net Income Discontinuous Operations": NaN,
        "Net Income Continuous Operations": NaN,
        "Tax Provision": NaN,
        "Pretax Income": NaN,
        "Other Income Expense": NaN,
        "Other Non Operating Income Expenses": NaN,
        "Special Income Charges": NaN,
        "Other Special Charges": 25612000.0,
        "Write Off": NaN,
        "Impairment Of Capital Assets": 19478000.0,
        "Net Non Operating Interest Income Expense": NaN,
        "Interest Expense Non Operating": NaN,
        "Operating Income": NaN,
        "Operating Expense": NaN,
        "Depreciation Amortization Depletion Income Statement": NaN,
        "Depreciation And Amortization In Income Statement": NaN,
        "Amortization": NaN,
        "Amortization Of Intangibles Income Statement": NaN,
        "Research And Development": NaN,
        "Selling General And Administration": NaN,
        "General And Administrative Expense": NaN,
        "Other Gand A": NaN,
        "Salaries And Wages": NaN,
        "Gross Profit": NaN,
        "Cost Of Revenue": NaN,
        "Total Revenue": NaN,
        "Operating Revenue": NaN
    },
    "2023-12-31": {
        "Tax Effect Of Unusual Items": NaN,
        "Tax Rate For Calcs": NaN,
        "Normalized EBITDA": NaN,
        "Total Unusual Items": NaN,
        "Total Unusual Items Excluding Goodwill": NaN,
        "Net Income From Continuing Operation Net Minority Interest": NaN,
        "Reconciled Depreciation": NaN,
        "Reconciled Cost Of Revenue": NaN,
        "EBITDA": NaN,
        "EBIT": NaN,
        "Net Interest Income": NaN,
        "Interest Expense": NaN,
        "Normalized Income": NaN,
        "Net Income From Continuing And Discontinued Operation": NaN,
        "Total Expenses": NaN,
        "Diluted Average Shares": NaN,
        "Basic Average Shares": NaN,
        "Diluted EPS": NaN,
        "Basic EPS": NaN,
        "Diluted NI Availto Com Stockholders": NaN,
        "Net Income Common Stockholders": NaN,
        "Net Income": NaN,
        "Net Income Including Noncontrolling Interests": NaN,
        "Net Income Discontinuous Operations": NaN,
        "Net Income Continuous Operations": NaN,
        "Tax Provision": NaN,
        "Pretax Income": NaN,
        "Other Income Expense": NaN,
        "Other Non Operating Income Expenses": NaN,
        "Special Income Charges": NaN,
        "Other Special Charges": 66688000.0,
        "Write Off": NaN,
        "Impairment Of Capital Assets": 0.0,
        "Net Non Operating Interest Income Expense": NaN,
        "Interest Expense Non Operating": NaN,
        "Operating Income": NaN,
        "Operating Expense": NaN,
        "Depreciation Amortization Depletion Income Statement": NaN,
        "Depreciation And Amortization In Income Statement": NaN,
        "Amortization": NaN,
        "Amortization Of Intangibles Income Statement": NaN,
        "Research And Development": NaN,
        "Selling General And Administration": NaN,
        "General And Administrative Expense": NaN,
        "Other Gand A": NaN,
        "Salaries And Wages": NaN,
        "Gross Profit": NaN,
        "Cost Of Revenue": NaN,
        "Total Revenue": NaN,
        "Operating Revenue": NaN
    },
    "2024-03-31": {
        "Tax Effect Of Unusual Items": NaN,
        "Tax Rate For Calcs": NaN,
        "Normalized EBITDA": NaN,
        "Total Unusual Items": NaN,
        "Total Unusual Items Excluding Goodwill": NaN,
        "Net Income From Continuing Operation Net Minority Interest": NaN,
        "Reconciled Depreciation": NaN,
        "Reconciled Cost Of Revenue": NaN,
        "EBITDA": NaN,
        "EBIT": NaN,
        "Net Interest Income": NaN,
        "Interest Expense": NaN,
        "Normalized Income": NaN,
        "Net Income From Continuing And Discontinued Operation": NaN,
        "Total Expenses": NaN,
        "Diluted Average Shares": NaN,
        "Basic Average Shares": NaN,
        "Diluted EPS": NaN,
        "Basic EPS": NaN,
        "Diluted NI Availto Com Stockholders": NaN,
        "Net Income Common Stockholders": NaN,
        "Net Income": NaN,
        "Net Income Including Noncontrolling Interests": NaN,
        "Net Income Discontinuous Operations": 684000.0,
        "Net Income Continuous Operations": NaN,
        "Tax Provision": NaN,
        "Pretax Income": NaN,
        "Other Income Expense": NaN,
        "Other Non Operating Income Expenses": NaN,
        "Special Income Charges": NaN,
        "Write Off": NaN,
        "Impairment Of Capital Assets": NaN,
        "Net Non Operating Interest Income Expense": NaN,
        "Interest Expense Non Operating": NaN,
        "Operating Income": NaN,
        "Operating Expense": NaN,
        "Depreciation Amortization Depletion Income Statement": NaN,
        "Depreciation And Amortization In Income Statement": NaN,
        "Amortization": NaN,
        "Amortization Of Intangibles Income Statement": NaN,
        "Research And Development": NaN,
        "Selling General And Administration": NaN,
        "General And Administrative Expense": NaN,
        "Other Gand A": NaN,
        "Salaries And Wages": NaN,
        "Gross Profit": NaN,
        "Cost Of Revenue": NaN,
        "Total Revenue": NaN,
        "Operating Revenue": NaN
    },
    "2024-06-30": {
        "Tax Effect Of Unusual Items": -16800.0,
        "Tax Rate For Calcs": 0.21,
        "Normalized EBITDA": 16940000.0,
        "Total Unusual Items": -80000.0,
        "Total Unusual Items Excluding Goodwill": -80000.0,
        "Net Income From Continuing Operation Net Minority Interest": 9170000.0,
        "Reconciled Depreciation": 6589000.0,
        "Reconciled Cost Of Revenue": 118213000.0,
        "EBITDA": 16860000.0,
        "EBIT": 10271000.0,
        "Net Interest Income": -1139000.0,
        "Interest Expense": 1139000.0,
        "Normalized Income": 9233200.0,
        "Net Income From Continuing And Discontinued Operation": 8792000.0,
        "Total Expenses": 143911000.0,
        "Diluted Average Shares": 34378000.0,
        "Basic Average Shares": 34378000.0,
        "Diluted EPS": 0.26,
        "Basic EPS": 0.26,
        "Diluted NI Availto Com Stockholders": 8792000.0,
        "Net Income Common Stockholders": 8792000.0,
        "Net Income": 8792000.0,
        "Net Income Including Noncontrolling Interests": 8792000.0,
        "Net Income Discontinuous Operations": -378000.0,
        "Net Income Continuous Operations": 9170000.0,
        "Tax Provision": -38000.0,
        "Pretax Income": 9132000.0,
        "Other Income Expense": 242000.0,
        "Other Non Operating Income Expenses": 322000.0,
        "Special Income Charges": -80000.0,
        "Write Off": 80000.0,
        "Impairment Of Capital Assets": 0.0,
        "Net Non Operating Interest Income Expense": -1139000.0,
        "Interest Expense Non Operating": 1139000.0,
        "Operating Income": 10029000.0,
        "Operating Expense": 19569000.0,
        "Depreciation Amortization Depletion Income Statement": 460000.0,
        "Depreciation And Amortization In Income Statement": 460000.0,
        "Amortization": 460000.0,
        "Amortization Of Intangibles Income Statement": 460000.0,
        "Research And Development": -28000.0,
        "Selling General And Administration": 19137000.0,
        "General And Administrative Expense": 19137000.0,
        "Other Gand A": 19083000.0,
        "Salaries And Wages": 54000.0,
        "Gross Profit": 29598000.0,
        "Cost Of Revenue": 124342000.0,
        "Total Revenue": 153940000.0,
        "Operating Revenue": 153940000.0
    },
    "2024-09-30": {
        "Tax Effect Of Unusual Items": 0.0,
        "Tax Rate For Calcs": 0.21,
        "Normalized EBITDA": 6959000.0,
        "Total Unusual Items": 0.0,
        "Total Unusual Items Excluding Goodwill": 0.0,
        "Net Income From Continuing Operation Net Minority Interest": -3946000.0,
        "Reconciled Depreciation": 6477000.0,
        "Reconciled Cost Of Revenue": 152746000.0,
        "EBITDA": 6959000.0,
        "EBIT": 482000.0,
        "Net Interest Income": -3480000.0,
        "Interest Expense": 3480000.0,
        "Normalized Income": -3946000.0,
        "Net Income From Continuing And Discontinued Operation": -3946000.0,
        "Total Expenses": 181547000.0,
        "Diluted Average Shares": 34391000.0,
        "Basic Average Shares": 34391000.0,
        "Diluted EPS": -0.11,
        "Basic EPS": -0.11,
        "Diluted NI Availto Com Stockholders": -3946000.0,
        "Net Income Common Stockholders": -3946000.0,
        "Net Income": -3946000.0,
        "Net Income Including Noncontrolling Interests": -3946000.0,
        "Net Income Discontinuous Operations": NaN,
        "Net Income Continuous Operations": -3946000.0,
        "Tax Provision": 948000.0,
        "Pretax Income": -2998000.0,
        "Other Income Expense": -22000.0,
        "Other Non Operating Income Expenses": -22000.0,
        "Special Income Charges": 0.0,
        "Write Off": 0.0,
        "Impairment Of Capital Assets": 0.0,
        "Net Non Operating Interest Income Expense": -3480000.0,
        "Interest Expense Non Operating": 3480000.0,
        "Operating Income": 504000.0,
        "Operating Expense": 22786000.0,
        "Depreciation Amortization Depletion Income Statement": 462000.0,
        "Depreciation And Amortization In Income Statement": 462000.0,
        "Amortization": 462000.0,
        "Amortization Of Intangibles Income Statement": 462000.0,
        "Research And Development": 475000.0,
        "Selling General And Administration": 21849000.0,
        "General And Administrative Expense": 21849000.0,
        "Other Gand A": 21795000.0,
        "Salaries And Wages": 54000.0,
        "Gross Profit": 23290000.0,
        "Cost Of Revenue": 158761000.0,
        "Total Revenue": 182051000.0,
        "Operating Revenue": 182051000.0
    },
    "2024-12-31": {
        "Tax Effect Of Unusual Items": -4590762.538099,
        "Tax Rate For Calcs": 0.345248,
        "Normalized EBITDA": 2575000.0,
        "Total Unusual Items": -13297000.0,
        "Total Unusual Items Excluding Goodwill": -13297000.0,
        "Net Income From Continuing Operation Net Minority Interest": -7089000.0,
        "Reconciled Depreciation": 5755000.0,
        "Reconciled Cost Of Revenue": 33365000.0,
        "EBITDA": -10722000.0,
        "EBIT": -16477000.0,
        "Net Interest Income": 5650000.0,
        "Interest Expense": -5650000.0,
        "Normalized Income": 1617237.461901,
        "Net Income From Continuing And Discontinued Operation": -72699000.0,
        "Total Expenses": 51921000.0,
        "Diluted Average Shares": 34293000.0,
        "Basic Average Shares": 34293000.0,
        "Diluted EPS": -2.12,
        "Basic EPS": -2.12,
        "Diluted NI Availto Com Stockholders": -72699000.0,
        "Net Income Common Stockholders": -72699000.0,
        "Net Income": -72699000.0,
        "Net Income Including Noncontrolling Interests": -72699000.0,
        "Net Income Discontinuous Operations": NaN,
        "Net Income Continuous Operations": -7089000.0,
        "Tax Provision": -3738000.0,
        "Pretax Income": -10827000.0,
        "Other Income Expense": -14559000.0,
        "Other Non Operating Income Expenses": -1262000.0,
        "Special Income Charges": -13297000.0,
        "Write Off": 26000.0,
        "Impairment Of Capital Assets": 13271000.0,
        "Net Non Operating Interest Income Expense": 5650000.0,
        "Interest Expense Non Operating": -5650000.0,
        "Operating Income": -1918000.0,
        "Operating Expense": 13169000.0,
        "Depreciation Amortization Depletion Income Statement": 368000.0,
        "Depreciation And Amortization In Income Statement": 368000.0,
        "Amortization": 368000.0,
        "Amortization Of Intangibles Income Statement": 368000.0,
        "Research And Development": -283000.0,
        "Selling General And Administration": 13084000.0,
        "General And Administrative Expense": 13084000.0,
        "Other Gand A": 13030000.0,
        "Salaries And Wages": 54000.0,
        "Gross Profit": 11251000.0,
        "Cost Of Revenue": 38752000.0,
        "Total Revenue": 50003000.0,
        "Operating Revenue": 50003000.0
    },
    "2025-03-31": {
        "Tax Effect Of Unusual Items": -3780.0,
        "Tax Rate For Calcs": 0.21,
        "Normalized EBITDA": 7805000.0,
        "Total Unusual Items": -18000.0,
        "Total Unusual Items Excluding Goodwill": -18000.0,
        "Net Income From Continuing Operation Net Minority Interest": 671000.0,
        "Reconciled Depreciation": 5526000.0,
        "Reconciled Cost Of Revenue": 136123000.0,
        "EBITDA": 7787000.0,
        "EBIT": 2261000.0,
        "Net Interest Income": -1013000.0,
        "Interest Expense": 1013000.0,
        "Normalized Income": 685220.0,
        "Net Income From Continuing And Discontinued Operation": 10101000.0,
        "Total Expenses": 162449000.0,
        "Diluted Average Shares": 34612000.0,
        "Basic Average Shares": 34612000.0,
        "Diluted EPS": 0.29,
        "Basic EPS": 0.29,
        "Diluted NI Availto Com Stockholders": 10101000.0,
        "Net Income Common Stockholders": 10101000.0,
        "Net Income": 10101000.0,
        "Net Income Including Noncontrolling Interests": 10101000.0,
        "Net Income Discontinuous Operations": 9430000.0,
        "Net Income Continuous Operations": 671000.0,
        "Tax Provision": 577000.0,
        "Pretax Income": 1248000.0,
        "Other Income Expense": -28000.0,
        "Other Non Operating Income Expenses": -10000.0,
        "Special Income Charges": -18000.0,
        "Write Off": 18000.0,
        "Impairment Of Capital Assets": NaN,
        "Net Non Operating Interest Income Expense": -1013000.0,
        "Interest Expense Non Operating": 1013000.0,
        "Operating Income": 2289000.0,
        "Operating Expense": 21240000.0,
        "Depreciation Amortization Depletion Income Statement": 440000.0,
        "Depreciation And Amortization In Income Statement": 440000.0,
        "Amortization": 440000.0,
        "Amortization Of Intangibles Income Statement": 440000.0,
        "Research And Development": 165000.0,
        "Selling General And Administration": 20635000.0,
        "General And Administrative Expense": 20635000.0,
        "Other Gand A": 20660000.0,
        "Salaries And Wages": -25000.0,
        "Gross Profit": 23529000.0,
        "Cost Of Revenue": 141209000.0,
        "Total Revenue": 164738000.0,
        "Operating Revenue": 164738000.0
    },
    "2025-06-30": {
        "Tax Effect Of Unusual Items": 349.928876,
        "Tax Rate For Calcs": 0.349929,
        "Normalized EBITDA": 9967000.0,
        "Total Unusual Items": 1000.0,
        "Total Unusual Items Excluding Goodwill": 1000.0,
        "Net Income From Continuing Operation Net Minority Interest": 1828000.0,
        "Reconciled Depreciation": 5371000.0,
        "Reconciled Cost Of Revenue": 149757000.0,
        "EBITDA": 9968000.0,
        "EBIT": 4597000.0,
        "Net Interest Income": -1785000.0,
        "Interest Expense": 1785000.0,
        "Normalized Income": 1827349.928876,
        "Net Income From Continuing And Discontinued Operation": 1731000.0,
        "Total Expenses": 175905000.0,
        "Diluted Average Shares": 34775000.0,
        "Basic Average Shares": 34775000.0,
        "Diluted EPS": 0.05,
        "Basic EPS": 0.05,
        "Diluted NI Availto Com Stockholders": 1731000.0,
        "Net Income Common Stockholders": 1731000.0,
        "Net Income": 1731000.0,
        "Net Income Including Noncontrolling Interests": 1731000.0,
        "Net Income Discontinuous Operations": -97000.0,
        "Net Income Continuous Operations": 1828000.0,
        "Tax Provision": 984000.0,
        "Pretax Income": 2812000.0,
        "Other Income Expense": 1386000.0,
        "Other Non Operating Income Expenses": 1385000.0,
        "Special Income Charges": 1000.0,
        "Write Off": -1000.0,
        "Impairment Of Capital Assets": NaN,
        "Net Non Operating Interest Income Expense": -1785000.0,
        "Interest Expense Non Operating": 1785000.0,
        "Operating Income": 3211000.0,
        "Operating Expense": 21217000.0,
        "Depreciation Amortization Depletion Income Statement": 440000.0,
        "Depreciation And Amortization In Income Statement": 440000.0,
        "Amortization": 440000.0,
        "Amortization Of Intangibles Income Statement": 440000.0,
        "Research And Development": 193000.0,
        "Selling General And Administration": 20584000.0,
        "General And Administrative Expense": 20584000.0,
        "Other Gand A": 20557000.0,
        "Salaries And Wages": 27000.0,
        "Gross Profit": 24428000.0,
        "Cost Of Revenue": 154688000.0,
        "Total Revenue": 179116000.0,
        "Operating Revenue": 179116000.0
    }
}