{
    "2024-03-31": {
        "Tax Effect Of Unusual Items": NaN,
        "Tax Rate For Calcs": NaN,
        "Normalized EBITDA": NaN,
        "Total Unusual Items": NaN,
        "Total Unusual Items Excluding Goodwill": NaN,
        "Net Income From Continuing Operation Net Minority Interest": NaN,
        "Reconciled Depreciation": NaN,
        "Reconciled Cost Of Revenue": NaN,
        "EBITDA": NaN,
        "EBIT": NaN,
        "Net Interest Income": NaN,
        "Interest Expense": NaN,
        "Interest Income": NaN,
        "Normalized Income": NaN,
        "Net Income From Continuing And Discontinued Operation": NaN,
        "Total Expenses": NaN,
        "Diluted Average Shares": 291962000.0,
        "Basic Average Shares": 290465000.0,
        "Diluted EPS": 0.06,
        "Basic EPS": 0.07,
        "Diluted NI Availto Com Stockholders": NaN,
        "Net Income Common Stockholders": NaN,
        "Net Income": NaN,
        "Net Income Including Noncontrolling Interests": NaN,
        "Net Income Continuous Operations": NaN,
        "Tax Provision": NaN,
        "Pretax Income": NaN,
        "Other Income Expense": NaN,
        "Other Non Operating Income Expenses": NaN,
        "Special Income Charges": NaN,
        "Other Special Charges": NaN,
        "Restructuring And Mergern Acquisition": NaN,
        "Gain On Sale Of Security": NaN,
        "Net Non Operating Interest Income Expense": NaN,
        "Total Other Finance Cost": NaN,
        "Interest Expense Non Operating": NaN,
        "Interest Income Non Operating": NaN,
        "Operating Income": NaN,
        "Operating Expense": NaN,
        "Other Operating Expenses": NaN,
        "Selling General And Administration": NaN,
        "General And Administrative Expense": NaN,
        "Other Gand A": NaN,
        "Salaries And Wages": NaN,
        "Gross Profit": NaN,
        "Cost Of Revenue": NaN,
        "Total Revenue": NaN,
        "Operating Revenue": NaN
    },
    "2023-12-31": {
        "Tax Effect Of Unusual Items": 20158569.950637,
        "Tax Rate For Calcs": 0.335668,
        "Normalized EBITDA": 64979000.0,
        "Total Unusual Items": 60055000.0,
        "Total Unusual Items Excluding Goodwill": 60055000.0,
        "Net Income From Continuing Operation Net Minority Interest": 67425000.0,
        "Reconciled Depreciation": 13326000.0,
        "Reconciled Cost Of Revenue": 93914000.0,
        "EBITDA": 125034000.0,
        "EBIT": 111708000.0,
        "Net Interest Income": -11832000.0,
        "Interest Expense": 10215000.0,
        "Interest Income": 972000.0,
        "Normalized Income": 27528569.950637,
        "Net Income From Continuing And Discontinued Operation": 67425000.0,
        "Total Expenses": 97971000.0,
        "Diluted Average Shares": NaN,
        "Basic Average Shares": NaN,
        "Diluted EPS": NaN,
        "Basic EPS": NaN,
        "Diluted NI Availto Com Stockholders": 67425000.0,
        "Net Income Common Stockholders": 67425000.0,
        "Net Income": 67425000.0,
        "Net Income Including Noncontrolling Interests": 67425000.0,
        "Net Income Continuous Operations": 67425000.0,
        "Tax Provision": 34068000.0,
        "Pretax Income": 101493000.0,
        "Other Income Expense": 57602000.0,
        "Other Non Operating Income Expenses": -2453000.0,
        "Special Income Charges": NaN,
        "Other Special Charges": NaN,
        "Restructuring And Mergern Acquisition": NaN,
        "Gain On Sale Of Security": 13843000.0,
        "Net Non Operating Interest Income Expense": -11832000.0,
        "Total Other Finance Cost": 2589000.0,
        "Interest Expense Non Operating": 10215000.0,
        "Interest Income Non Operating": 972000.0,
        "Operating Income": 55723000.0,
        "Operating Expense": 4057000.0,
        "Other Operating Expenses": -1527000.0,
        "Selling General And Administration": 5584000.0,
        "General And Administrative Expense": 5584000.0,
        "Other Gand A": 4069000.0,
        "Salaries And Wages": 1515000.0,
        "Gross Profit": 59780000.0,
        "Cost Of Revenue": 93914000.0,
        "Total Revenue": 153694000.0,
        "Operating Revenue": 162255000.0
    },
    "2023-09-30": {
        "Tax Effect Of Unusual Items": NaN,
        "Tax Rate For Calcs": NaN,
        "Normalized EBITDA": NaN,
        "Total Unusual Items": NaN,
        "Total Unusual Items Excluding Goodwill": NaN,
        "Net Income From Continuing Operation Net Minority Interest": NaN,
        "Reconciled Depreciation": NaN,
        "Reconciled Cost Of Revenue": NaN,
        "EBITDA": NaN,
        "EBIT": NaN,
        "Net Interest Income": NaN,
        "Interest Expense": NaN,
        "Interest Income": NaN,
        "Normalized Income": NaN,
        "Net Income From Continuing And Discontinued Operation": NaN,
        "Total Expenses": NaN,
        "Diluted Average Shares": 290945000.0,
        "Basic Average Shares": 288681000.0,
        "Diluted EPS": 0.002994,
        "Basic EPS": 0.003017,
        "Diluted NI Availto Com Stockholders": NaN,
        "Net Income Common Stockholders": NaN,
        "Net Income": NaN,
        "Net Income Including Noncontrolling Interests": NaN,
        "Net Income Continuous Operations": NaN,
        "Tax Provision": NaN,
        "Pretax Income": NaN,
        "Other Income Expense": NaN,
        "Other Non Operating Income Expenses": NaN,
        "Special Income Charges": NaN,
        "Other Special Charges": NaN,
        "Restructuring And Mergern Acquisition": NaN,
        "Gain On Sale Of Security": NaN,
        "Net Non Operating Interest Income Expense": NaN,
        "Total Other Finance Cost": NaN,
        "Interest Expense Non Operating": NaN,
        "Interest Income Non Operating": NaN,
        "Operating Income": NaN,
        "Operating Expense": NaN,
        "Other Operating Expenses": NaN,
        "Selling General And Administration": NaN,
        "General And Administrative Expense": NaN,
        "Other Gand A": NaN,
        "Salaries And Wages": NaN,
        "Gross Profit": NaN,
        "Cost Of Revenue": NaN,
        "Total Revenue": NaN,
        "Operating Revenue": NaN
    },
    "2023-06-30": {
        "Tax Effect Of Unusual Items": NaN,
        "Tax Rate For Calcs": NaN,
        "Normalized EBITDA": NaN,
        "Total Unusual Items": NaN,
        "Total Unusual Items Excluding Goodwill": NaN,
        "Net Income From Continuing Operation Net Minority Interest": NaN,
        "Reconciled Depreciation": NaN,
        "Reconciled Cost Of Revenue": NaN,
        "EBITDA": NaN,
        "EBIT": NaN,
        "Net Interest Income": NaN,
        "Interest Expense": NaN,
        "Interest Income": NaN,
        "Normalized Income": NaN,
        "Net Income From Continuing And Discontinued Operation": NaN,
        "Total Expenses": NaN,
        "Diluted Average Shares": 291112000.0,
        "Basic Average Shares": 288519000.0,
        "Diluted EPS": 0.02,
        "Basic EPS": 0.03,
        "Diluted NI Availto Com Stockholders": NaN,
        "Net Income Common Stockholders": NaN,
        "Net Income": NaN,
        "Net Income Including Noncontrolling Interests": NaN,
        "Net Income Continuous Operations": NaN,
        "Tax Provision": NaN,
        "Pretax Income": NaN,
        "Other Income Expense": NaN,
        "Other Non Operating Income Expenses": NaN,
        "Special Income Charges": 0.0,
        "Other Special Charges": NaN,
        "Restructuring And Mergern Acquisition": 0.0,
        "Gain On Sale Of Security": NaN,
        "Net Non Operating Interest Income Expense": NaN,
        "Total Other Finance Cost": NaN,
        "Interest Expense Non Operating": NaN,
        "Interest Income Non Operating": NaN,
        "Operating Income": NaN,
        "Operating Expense": NaN,
        "Other Operating Expenses": NaN,
        "Selling General And Administration": NaN,
        "General And Administrative Expense": NaN,
        "Other Gand A": NaN,
        "Salaries And Wages": NaN,
        "Gross Profit": NaN,
        "Cost Of Revenue": NaN,
        "Total Revenue": NaN,
        "Operating Revenue": NaN
    },
    "2023-03-31": {
        "Tax Effect Of Unusual Items": NaN,
        "Tax Rate For Calcs": NaN,
        "Normalized EBITDA": NaN,
        "Total Unusual Items": NaN,
        "Total Unusual Items Excluding Goodwill": NaN,
        "Net Income From Continuing Operation Net Minority Interest": NaN,
        "Reconciled Depreciation": NaN,
        "Reconciled Cost Of Revenue": NaN,
        "EBITDA": NaN,
        "EBIT": NaN,
        "Net Interest Income": NaN,
        "Interest Expense": NaN,
        "Interest Income": NaN,
        "Normalized Income": NaN,
        "Net Income From Continuing And Discontinued Operation": NaN,
        "Total Expenses": NaN,
        "Diluted Average Shares": 291039000.0,
        "Basic Average Shares": 288007000.0,
        "Diluted EPS": 0.11,
        "Basic EPS": 0.12,
        "Diluted NI Availto Com Stockholders": NaN,
        "Net Income Common Stockholders": NaN,
        "Net Income": NaN,
        "Net Income Including Noncontrolling Interests": NaN,
        "Net Income Continuous Operations": NaN,
        "Tax Provision": NaN,
        "Pretax Income": NaN,
        "Other Income Expense": NaN,
        "Other Non Operating Income Expenses": NaN,
        "Special Income Charges": 46212000.0,
        "Other Special Charges": NaN,
        "Restructuring And Mergern Acquisition": -46212000.0,
        "Gain On Sale Of Security": NaN,
        "Net Non Operating Interest Income Expense": NaN,
        "Total Other Finance Cost": NaN,
        "Interest Expense Non Operating": NaN,
        "Interest Income Non Operating": NaN,
        "Operating Income": NaN,
        "Operating Expense": NaN,
        "Other Operating Expenses": NaN,
        "Selling General And Administration": NaN,
        "General And Administrative Expense": NaN,
        "Other Gand A": NaN,
        "Salaries And Wages": NaN,
        "Gross Profit": NaN,
        "Cost Of Revenue": NaN,
        "Total Revenue": NaN,
        "Operating Revenue": NaN
    },
    "2022-12-31": {
        "Tax Effect Of Unusual Items": NaN,
        "Tax Rate For Calcs": NaN,
        "Normalized EBITDA": NaN,
        "Total Unusual Items": NaN,
        "Total Unusual Items Excluding Goodwill": NaN,
        "Net Income From Continuing Operation Net Minority Interest": NaN,
        "Reconciled Depreciation": NaN,
        "Reconciled Cost Of Revenue": NaN,
        "EBITDA": NaN,
        "EBIT": NaN,
        "Net Interest Income": NaN,
        "Interest Expense": NaN,
        "Interest Income": NaN,
        "Normalized Income": NaN,
        "Net Income From Continuing And Discontinued Operation": NaN,
        "Total Expenses": NaN,
        "Diluted Average Shares": NaN,
        "Basic Average Shares": NaN,
        "Diluted EPS": NaN,
        "Basic EPS": NaN,
        "Diluted NI Availto Com Stockholders": NaN,
        "Net Income Common Stockholders": NaN,
        "Net Income": NaN,
        "Net Income Including Noncontrolling Interests": NaN,
        "Net Income Continuous Operations": NaN,
        "Tax Provision": NaN,
        "Pretax Income": NaN,
        "Other Income Expense": NaN,
        "Other Non Operating Income Expenses": NaN,
        "Special Income Charges": 0.0,
        "Other Special Charges": NaN,
        "Restructuring And Mergern Acquisition": NaN,
        "Gain On Sale Of Security": NaN,
        "Net Non Operating Interest Income Expense": NaN,
        "Total Other Finance Cost": NaN,
        "Interest Expense Non Operating": NaN,
        "Interest Income Non Operating": NaN,
        "Operating Income": NaN,
        "Operating Expense": NaN,
        "Other Operating Expenses": NaN,
        "Selling General And Administration": NaN,
        "General And Administrative Expense": NaN,
        "Other Gand A": NaN,
        "Salaries And Wages": NaN,
        "Gross Profit": NaN,
        "Cost Of Revenue": NaN,
        "Total Revenue": NaN,
        "Operating Revenue": NaN
    },
    "2022-09-30": {
        "Tax Effect Of Unusual Items": NaN,
        "Tax Rate For Calcs": NaN,
        "Normalized EBITDA": NaN,
        "Total Unusual Items": NaN,
        "Total Unusual Items Excluding Goodwill": NaN,
        "Net Income From Continuing Operation Net Minority Interest": NaN,
        "Reconciled Depreciation": NaN,
        "Reconciled Cost Of Revenue": NaN,
        "EBITDA": NaN,
        "EBIT": NaN,
        "Net Interest Income": NaN,
        "Interest Expense": NaN,
        "Interest Income": NaN,
        "Normalized Income": NaN,
        "Net Income From Continuing And Discontinued Operation": NaN,
        "Total Expenses": NaN,
        "Diluted Average Shares": 286377000.0,
        "Basic Average Shares": 286377000.0,
        "Diluted EPS": -0.08,
        "Basic EPS": -0.08,
        "Diluted NI Availto Com Stockholders": NaN,
        "Net Income Common Stockholders": NaN,
        "Net Income": NaN,
        "Net Income Including Noncontrolling Interests": NaN,
        "Net Income Continuous Operations": NaN,
        "Tax Provision": NaN,
        "Pretax Income": NaN,
        "Other Income Expense": NaN,
        "Other Non Operating Income Expenses": NaN,
        "Special Income Charges": 0.0,
        "Restructuring And Mergern Acquisition": NaN,
        "Gain On Sale Of Security": NaN,
        "Net Non Operating Interest Income Expense": NaN,
        "Total Other Finance Cost": NaN,
        "Interest Expense Non Operating": NaN,
        "Interest Income Non Operating": NaN,
        "Operating Income": NaN,
        "Operating Expense": NaN,
        "Other Operating Expenses": NaN,
        "Selling General And Administration": NaN,
        "General And Administrative Expense": NaN,
        "Other Gand A": NaN,
        "Salaries And Wages": NaN,
        "Gross Profit": NaN,
        "Cost Of Revenue": NaN,
        "Total Revenue": NaN,
        "Operating Revenue": NaN
    },
    "2024-06-30": {
        "Tax Effect Of Unusual Items": -201679.859155,
        "Tax Rate For Calcs": 0.228662,
        "Normalized EBITDA": 23892000.0,
        "Total Unusual Items": -882000.0,
        "Total Unusual Items Excluding Goodwill": -882000.0,
        "Net Income From Continuing Operation Net Minority Interest": -10953000.0,
        "Reconciled Depreciation": 13721000.0,
        "Reconciled Cost Of Revenue": 108637000.0,
        "EBITDA": 23010000.0,
        "EBIT": 9289000.0,
        "Net Interest Income": -25006000.0,
        "Interest Expense": 23489000.0,
        "Interest Income": 911000.0,
        "Normalized Income": -10272679.859155,
        "Net Income From Continuing And Discontinued Operation": -10953000.0,
        "Total Expenses": 125643000.0,
        "Diluted Average Shares": 291832000.0,
        "Basic Average Shares": 291832000.0,
        "Diluted EPS": -0.04,
        "Basic EPS": -0.04,
        "Diluted NI Availto Com Stockholders": -10953000.0,
        "Net Income Common Stockholders": -10953000.0,
        "Net Income": -10953000.0,
        "Net Income Including Noncontrolling Interests": -10953000.0,
        "Net Income Continuous Operations": -10953000.0,
        "Tax Provision": -3247000.0,
        "Pretax Income": -14200000.0,
        "Other Income Expense": -1281000.0,
        "Other Non Operating Income Expenses": -399000.0,
        "Special Income Charges": 16719000.0,
        "Other Special Charges": -16719000.0,
        "Restructuring And Mergern Acquisition": 0.0,
        "Gain On Sale Of Security": -17601000.0,
        "Net Non Operating Interest Income Expense": -25006000.0,
        "Total Other Finance Cost": 2428000.0,
        "Interest Expense Non Operating": 23489000.0,
        "Interest Income Non Operating": 911000.0,
        "Operating Income": 12087000.0,
        "Operating Expense": 17006000.0,
        "Other Operating Expenses": 10977000.0,
        "Selling General And Administration": 6029000.0,
        "General And Administrative Expense": 6029000.0,
        "Other Gand A": 3517000.0,
        "Salaries And Wages": 2512000.0,
        "Gross Profit": 29093000.0,
        "Cost Of Revenue": 108637000.0,
        "Total Revenue": 137730000.0,
        "Operating Revenue": 135126000.0
    },
    "2024-09-30": {
        "Tax Effect Of Unusual Items": 711300.0,
        "Tax Rate For Calcs": 0.15,
        "Normalized EBITDA": 38622000.0,
        "Total Unusual Items": 4742000.0,
        "Total Unusual Items Excluding Goodwill": 4742000.0,
        "Net Income From Continuing Operation Net Minority Interest": -180000.0,
        "Reconciled Depreciation": 20466000.0,
        "Reconciled Cost Of Revenue": 124833000.0,
        "EBITDA": 43364000.0,
        "EBIT": 22898000.0,
        "Net Interest Income": -24181000.0,
        "Interest Expense": 23278000.0,
        "Interest Income": 1504000.0,
        "Normalized Income": -4210700.0,
        "Net Income From Continuing And Discontinued Operation": -180000.0,
        "Total Expenses": 136581000.0,
        "Diluted Average Shares": 295051000.0,
        "Basic Average Shares": 295051000.0,
        "Diluted EPS": -0.00061,
        "Basic EPS": -0.00061,
        "Diluted NI Availto Com Stockholders": -180000.0,
        "Net Income Common Stockholders": -180000.0,
        "Net Income": -180000.0,
        "Net Income Including Noncontrolling Interests": -180000.0,
        "Net Income Continuous Operations": -180000.0,
        "Tax Provision": -200000.0,
        "Pretax Income": -380000.0,
        "Other Income Expense": 4765000.0,
        "Other Non Operating Income Expenses": 23000.0,
        "Special Income Charges": 0.0,
        "Other Special Charges": NaN,
        "Restructuring And Mergern Acquisition": 0.0,
        "Gain On Sale Of Security": 4742000.0,
        "Net Non Operating Interest Income Expense": -24181000.0,
        "Total Other Finance Cost": 2407000.0,
        "Interest Expense Non Operating": 23278000.0,
        "Interest Income Non Operating": 1504000.0,
        "Operating Income": 19036000.0,
        "Operating Expense": 11748000.0,
        "Other Operating Expenses": 6771000.0,
        "Selling General And Administration": 4977000.0,
        "General And Administrative Expense": 4977000.0,
        "Other Gand A": 3542000.0,
        "Salaries And Wages": 1435000.0,
        "Gross Profit": 30784000.0,
        "Cost Of Revenue": 124833000.0,
        "Total Revenue": 155617000.0,
        "Operating Revenue": 157169000.0
    },
    "2024-12-31": {
        "Tax Effect Of Unusual Items": -2369850.0,
        "Tax Rate For Calcs": 0.15,
        "Normalized EBITDA": 50066000.0,
        "Total Unusual Items": -15799000.0,
        "Total Unusual Items Excluding Goodwill": -15799000.0,
        "Net Income From Continuing Operation Net Minority Interest": -21207000.0,
        "Reconciled Depreciation": 25110000.0,
        "Reconciled Cost Of Revenue": 134940000.0,
        "EBITDA": 34267000.0,
        "EBIT": 9157000.0,
        "Net Interest Income": -19799000.0,
        "Interest Expense": 18657000.0,
        "Interest Income": 1674000.0,
        "Normalized Income": -7777850.0,
        "Net Income From Continuing And Discontinued Operation": -21207000.0,
        "Total Expenses": 138316000.0,
        "Diluted Average Shares": NaN,
        "Basic Average Shares": NaN,
        "Diluted EPS": NaN,
        "Basic EPS": NaN,
        "Diluted NI Availto Com Stockholders": -21207000.0,
        "Net Income Common Stockholders": -21207000.0,
        "Net Income": -21207000.0,
        "Net Income Including Noncontrolling Interests": -21207000.0,
        "Net Income Continuous Operations": -21207000.0,
        "Tax Provision": 11707000.0,
        "Pretax Income": -9500000.0,
        "Other Income Expense": -19184000.0,
        "Other Non Operating Income Expenses": -3385000.0,
        "Special Income Charges": 0.0,
        "Other Special Charges": 0.0,
        "Restructuring And Mergern Acquisition": 0.0,
        "Gain On Sale Of Security": -15799000.0,
        "Net Non Operating Interest Income Expense": -19799000.0,
        "Total Other Finance Cost": 2816000.0,
        "Interest Expense Non Operating": 18657000.0,
        "Interest Income Non Operating": 1674000.0,
        "Operating Income": 29483000.0,
        "Operating Expense": 3376000.0,
        "Other Operating Expenses": 1007000.0,
        "Selling General And Administration": 2369000.0,
        "General And Administrative Expense": 2369000.0,
        "Other Gand A": 2754000.0,
        "Salaries And Wages": -385000.0,
        "Gross Profit": 32859000.0,
        "Cost Of Revenue": 134940000.0,
        "Total Revenue": 167799000.0,
        "Operating Revenue": 171562000.0
    },
    "2025-03-31": {
        "Tax Effect Of Unusual Items": -5650124.0,
        "Tax Rate For Calcs": 0.218,
        "Normalized EBITDA": 27352000.0,
        "Total Unusual Items": -25918000.0,
        "Total Unusual Items Excluding Goodwill": -25918000.0,
        "Net Income From Continuing Operation Net Minority Interest": -28560000.0,
        "Reconciled Depreciation": 22425000.0,
        "Reconciled Cost Of Revenue": 122783000.0,
        "EBITDA": 1434000.0,
        "EBIT": -20991000.0,
        "Net Interest Income": -17547000.0,
        "Interest Expense": 15549000.0,
        "Interest Income": 1330000.0,
        "Normalized Income": -8292124.0,
        "Net Income From Continuing And Discontinued Operation": -28560000.0,
        "Total Expenses": 132280000.0,
        "Diluted Average Shares": 310424000.0,
        "Basic Average Shares": 310424000.0,
        "Diluted EPS": -0.09,
        "Basic EPS": -0.09,
        "Diluted NI Availto Com Stockholders": -28560000.0,
        "Net Income Common Stockholders": -28560000.0,
        "Net Income": -28560000.0,
        "Net Income Including Noncontrolling Interests": -28560000.0,
        "Net Income Continuous Operations": -28560000.0,
        "Tax Provision": -7980000.0,
        "Pretax Income": -36540000.0,
        "Other Income Expense": -25862000.0,
        "Other Non Operating Income Expenses": 56000.0,
        "Special Income Charges": 0.0,
        "Other Special Charges": NaN,
        "Restructuring And Mergern Acquisition": 0.0,
        "Gain On Sale Of Security": -25918000.0,
        "Net Non Operating Interest Income Expense": -17547000.0,
        "Total Other Finance Cost": 3328000.0,
        "Interest Expense Non Operating": 15549000.0,
        "Interest Income Non Operating": 1330000.0,
        "Operating Income": 6869000.0,
        "Operating Expense": 9497000.0,
        "Other Operating Expenses": 1169000.0,
        "Selling General And Administration": 8328000.0,
        "General And Administrative Expense": 8328000.0,
        "Other Gand A": 3324000.0,
        "Salaries And Wages": 5004000.0,
        "Gross Profit": 16366000.0,
        "Cost Of Revenue": 122783000.0,
        "Total Revenue": 139149000.0,
        "Operating Revenue": 139149000.0
    },
    "2025-06-30": {
        "Tax Effect Of Unusual Items": 4205250.0,
        "Tax Rate For Calcs": 0.15,
        "Normalized EBITDA": 12852000.0,
        "Total Unusual Items": 28035000.0,
        "Total Unusual Items Excluding Goodwill": 28035000.0,
        "Net Income From Continuing Operation Net Minority Interest": 21868000.0,
        "Reconciled Depreciation": 25455000.0,
        "Reconciled Cost Of Revenue": 120592000.0,
        "EBITDA": 40887000.0,
        "EBIT": 15432000.0,
        "Net Interest Income": -23819000.0,
        "Interest Expense": 21003000.0,
        "Interest Income": 124000.0,
        "Normalized Income": -1961750.0,
        "Net Income From Continuing And Discontinued Operation": 21868000.0,
        "Total Expenses": 125762000.0,
        "Diluted Average Shares": 318897000.0,
        "Basic Average Shares": 315992000.0,
        "Diluted EPS": 0.07,
        "Basic EPS": 0.07,
        "Diluted NI Availto Com Stockholders": 21868000.0,
        "Net Income Common Stockholders": 21868000.0,
        "Net Income": 21868000.0,
        "Net Income Including Noncontrolling Interests": 21868000.0,
        "Net Income Continuous Operations": 21868000.0,
        "Tax Provision": -27439000.0,
        "Pretax Income": -5571000.0,
        "Other Income Expense": 27928000.0,
        "Other Non Operating Income Expenses": -107000.0,
        "Special Income Charges": 0.0,
        "Other Special Charges": NaN,
        "Restructuring And Mergern Acquisition": 0.0,
        "Gain On Sale Of Security": 28035000.0,
        "Net Non Operating Interest Income Expense": -23819000.0,
        "Total Other Finance Cost": 2940000.0,
        "Interest Expense Non Operating": 21003000.0,
        "Interest Income Non Operating": 124000.0,
        "Operating Income": -9680000.0,
        "Operating Expense": 5170000.0,
        "Other Operating Expenses": -3686000.0,
        "Selling General And Administration": 8856000.0,
        "General And Administrative Expense": 8856000.0,
        "Other Gand A": 4116000.0,
        "Salaries And Wages": 4740000.0,
        "Gross Profit": -4510000.0,
        "Cost Of Revenue": 120592000.0,
        "Total Revenue": 116082000.0,
        "Operating Revenue": 116191000.0
    }
}