{
    "2023-03-31": {
        "Tax Effect Of Unusual Items": NaN,
        "Tax Rate For Calcs": NaN,
        "Normalized EBITDA": NaN,
        "Net Income From Continuing Operation Net Minority Interest": NaN,
        "Reconciled Depreciation": NaN,
        "Reconciled Cost Of Revenue": NaN,
        "EBITDA": NaN,
        "EBIT": NaN,
        "Net Interest Income": NaN,
        "Interest Expense": NaN,
        "Normalized Income": NaN,
        "Net Income From Continuing And Discontinued Operation": NaN,
        "Total Expenses": NaN,
        "Total Operating Income As Reported": NaN,
        "Diluted Average Shares": NaN,
        "Basic Average Shares": NaN,
        "Diluted EPS": NaN,
        "Basic EPS": NaN,
        "Diluted NI Availto Com Stockholders": NaN,
        "Net Income Common Stockholders": NaN,
        "Net Income": NaN,
        "Net Income Including Noncontrolling Interests": NaN,
        "Net Income Continuous Operations": NaN,
        "Tax Provision": 0.0,
        "Pretax Income": NaN,
        "Other Income Expense": NaN,
        "Other Non Operating Income Expenses": NaN,
        "Net Non Operating Interest Income Expense": NaN,
        "Interest Expense Non Operating": NaN,
        "Operating Income": NaN,
        "Operating Expense": NaN,
        "Research And Development": NaN,
        "Selling General And Administration": NaN,
        "General And Administrative Expense": NaN,
        "Other Gand A": NaN,
        "Salaries And Wages": NaN,
        "Gross Profit": NaN,
        "Cost Of Revenue": NaN,
        "Total Revenue": NaN,
        "Operating Revenue": NaN
    },
    "2022-12-31": {
        "Tax Effect Of Unusual Items": 0.0,
        "Tax Rate For Calcs": 0.0,
        "Normalized EBITDA": -50006000.0,
        "Net Income From Continuing Operation Net Minority Interest": -52994000.0,
        "Reconciled Depreciation": 126000.0,
        "Reconciled Cost Of Revenue": 3000.0,
        "EBITDA": -50006000.0,
        "EBIT": -50132000.0,
        "Net Interest Income": -2862000.0,
        "Interest Expense": 2862000.0,
        "Normalized Income": -52994000.0,
        "Net Income From Continuing And Discontinued Operation": -52994000.0,
        "Total Expenses": 52142000.0,
        "Total Operating Income As Reported": -52062000.0,
        "Diluted Average Shares": 137108759.0,
        "Basic Average Shares": 137108759.0,
        "Diluted EPS": -0.39,
        "Basic EPS": -0.39,
        "Diluted NI Availto Com Stockholders": -52994000.0,
        "Net Income Common Stockholders": -52994000.0,
        "Net Income": -52994000.0,
        "Net Income Including Noncontrolling Interests": -52994000.0,
        "Net Income Continuous Operations": -52994000.0,
        "Pretax Income": -52994000.0,
        "Other Income Expense": 1930000.0,
        "Other Non Operating Income Expenses": 1930000.0,
        "Net Non Operating Interest Income Expense": -2862000.0,
        "Interest Expense Non Operating": 2862000.0,
        "Operating Income": -52062000.0,
        "Operating Expense": 52139000.0,
        "Research And Development": 23882000.0,
        "Selling General And Administration": 28257000.0,
        "General And Administrative Expense": -35789000.0,
        "Other Gand A": NaN,
        "Salaries And Wages": 11051000.0,
        "Gross Profit": 77000.0,
        "Cost Of Revenue": 3000.0,
        "Total Revenue": 80000.0,
        "Operating Revenue": 80000.0
    },
    "2022-09-30": {
        "Tax Effect Of Unusual Items": 0.0,
        "Tax Rate For Calcs": 0.0,
        "Normalized EBITDA": -34041000.0,
        "Net Income From Continuing Operation Net Minority Interest": -35818000.0,
        "Reconciled Depreciation": 129000.0,
        "Reconciled Cost Of Revenue": 2000.0,
        "EBITDA": -34041000.0,
        "EBIT": -34170000.0,
        "Net Interest Income": -1648000.0,
        "Interest Expense": 1648000.0,
        "Normalized Income": -35818000.0,
        "Net Income From Continuing And Discontinued Operation": -35818000.0,
        "Total Expenses": 35057000.0,
        "Total Operating Income As Reported": -34963000.0,
        "Diluted Average Shares": 135327035.0,
        "Basic Average Shares": 135327035.0,
        "Diluted EPS": -0.26,
        "Basic EPS": -0.26,
        "Diluted NI Availto Com Stockholders": -35818000.0,
        "Net Income Common Stockholders": -35818000.0,
        "Net Income": -35818000.0,
        "Net Income Including Noncontrolling Interests": -35818000.0,
        "Net Income Continuous Operations": -35818000.0,
        "Pretax Income": -35818000.0,
        "Other Income Expense": 793000.0,
        "Other Non Operating Income Expenses": 793000.0,
        "Net Non Operating Interest Income Expense": -1648000.0,
        "Interest Expense Non Operating": 1648000.0,
        "Operating Income": -34963000.0,
        "Operating Expense": 35055000.0,
        "Research And Development": 17552000.0,
        "Selling General And Administration": 17503000.0,
        "General And Administrative Expense": 17503000.0,
        "Other Gand A": 10514000.0,
        "Salaries And Wages": 6989000.0,
        "Gross Profit": 92000.0,
        "Cost Of Revenue": 2000.0,
        "Total Revenue": 94000.0,
        "Operating Revenue": 94000.0
    },
    "2022-06-30": {
        "Tax Effect Of Unusual Items": 0.0,
        "Tax Rate For Calcs": 0.0,
        "Normalized EBITDA": -37493000.0,
        "Net Income From Continuing Operation Net Minority Interest": -40510000.0,
        "Reconciled Depreciation": 131000.0,
        "Reconciled Cost Of Revenue": 23000.0,
        "EBITDA": -37493000.0,
        "EBIT": -37493000.0,
        "Net Interest Income": -3017000.0,
        "Interest Expense": 3017000.0,
        "Normalized Income": -40510000.0,
        "Net Income From Continuing And Discontinued Operation": -40510000.0,
        "Total Expenses": 39535000.0,
        "Total Operating Income As Reported": -38941000.0,
        "Diluted Average Shares": 134779904.0,
        "Basic Average Shares": 134779904.0,
        "Diluted EPS": -0.3,
        "Basic EPS": -0.3,
        "Diluted NI Availto Com Stockholders": -40510000.0,
        "Net Income Common Stockholders": -40510000.0,
        "Net Income": -40510000.0,
        "Net Income Including Noncontrolling Interests": -40510000.0,
        "Net Income Continuous Operations": -40510000.0,
        "Pretax Income": -40510000.0,
        "Other Income Expense": 1448000.0,
        "Other Non Operating Income Expenses": 1448000.0,
        "Net Non Operating Interest Income Expense": -3017000.0,
        "Interest Expense Non Operating": 3017000.0,
        "Operating Income": -38941000.0,
        "Operating Expense": 39512000.0,
        "Research And Development": 24546000.0,
        "Selling General And Administration": 14966000.0,
        "General And Administrative Expense": 14966000.0,
        "Other Gand A": 15942000.0,
        "Salaries And Wages": -976000.0,
        "Gross Profit": 571000.0,
        "Cost Of Revenue": 23000.0,
        "Total Revenue": 594000.0,
        "Operating Revenue": 594000.0
    },
    "2023-06-30": {
        "Tax Effect Of Unusual Items": NaN,
        "Tax Rate For Calcs": NaN,
        "Normalized EBITDA": NaN,
        "Net Income From Continuing Operation Net Minority Interest": NaN,
        "Reconciled Depreciation": NaN,
        "Reconciled Cost Of Revenue": NaN,
        "EBITDA": NaN,
        "EBIT": NaN,
        "Net Interest Income": NaN,
        "Interest Expense": NaN,
        "Normalized Income": NaN,
        "Net Income From Continuing And Discontinued Operation": NaN,
        "Total Expenses": NaN,
        "Total Operating Income As Reported": NaN,
        "Diluted Average Shares": NaN,
        "Basic Average Shares": NaN,
        "Diluted EPS": NaN,
        "Basic EPS": NaN,
        "Diluted NI Availto Com Stockholders": NaN,
        "Net Income Common Stockholders": NaN,
        "Net Income": NaN,
        "Net Income Including Noncontrolling Interests": NaN,
        "Net Income Continuous Operations": NaN,
        "Tax Provision": 0.0,
        "Pretax Income": NaN,
        "Other Income Expense": NaN,
        "Other Non Operating Income Expenses": NaN,
        "Net Non Operating Interest Income Expense": NaN,
        "Interest Expense Non Operating": NaN,
        "Operating Income": NaN,
        "Operating Expense": NaN,
        "Research And Development": NaN,
        "Selling General And Administration": NaN,
        "General And Administrative Expense": NaN,
        "Other Gand A": NaN,
        "Salaries And Wages": NaN,
        "Gross Profit": NaN,
        "Cost Of Revenue": NaN,
        "Total Revenue": NaN,
        "Operating Revenue": NaN
    },
    "2022-03-31": {
        "Diluted EPS": -0.51,
        "Total Revenue": 2,
        "Gross Profit": 2,
        "Operating Income": -67,
        "EBIT": -66,
        "Net Income": -69
    },
    "2021-12-31": {
        "Diluted EPS": -0.7,
        "Total Revenue": 2,
        "Gross Profit": 2,
        "Operating Income": -93,
        "EBIT": -92,
        "Net Income": -93
    },
    "2021-09-30": {
        "Diluted EPS": -0.65,
        "Total Revenue": 2,
        "Gross Profit": 2,
        "Operating Income": -85,
        "EBIT": -85,
        "Net Income": -86
    },
    "2021-06-30": {
        "Diluted EPS": -0.59,
        "Total Revenue": 2,
        "Gross Profit": 1,
        "Operating Income": -77,
        "EBIT": -77,
        "Net Income": -78
    },
    "2021-03-31": {
        "Diluted EPS": -0.69,
        "Total Revenue": 1,
        "Gross Profit": 1,
        "Operating Income": -89,
        "EBIT": -89,
        "Net Income": -91
    },
    "2020-12-31": {
        "Diluted EPS": -0.74,
        "Total Revenue": 0,
        "Gross Profit": 0,
        "Operating Income": -87,
        "EBIT": -86,
        "Net Income": -88
    },
    "2020-09-30": {
        "Diluted EPS": -0.73,
        "Total Revenue": 0,
        "Gross Profit": 0,
        "Operating Income": -86,
        "EBIT": -85,
        "Net Income": -87
    },
    "2020-06-30": {
        "Diluted EPS": -0.47,
        "Total Revenue": 0,
        "Gross Profit": 0,
        "Operating Income": -51,
        "EBIT": -51,
        "Net Income": -53
    },
    "2020-03-31": {
        "Diluted EPS": -0.48,
        "Total Revenue": 0,
        "Gross Profit": 0,
        "Operating Income": -50,
        "EBIT": -50,
        "Net Income": -51
    },
    "2019-12-31": {
        "Diluted EPS": -0.42,
        "Total Revenue": 0,
        "Gross Profit": 0,
        "Operating Income": -38,
        "EBIT": -38,
        "Net Income": -40
    },
    "2019-09-30": {
        "Diluted EPS": -0.69,
        "Total Revenue": 0,
        "Gross Profit": 0,
        "Operating Income": -61,
        "EBIT": -61,
        "Net Income": -62
    },
    "2019-06-30": {
        "Diluted EPS": -0.42,
        "Total Revenue": 0,
        "Gross Profit": 0,
        "Operating Income": -36,
        "EBIT": -35,
        "Net Income": -36
    },
    "2019-03-31": {
        "Diluted EPS": -0.43,
        "Total Revenue": 0,
        "Gross Profit": 0,
        "Operating Income": -35,
        "EBIT": -35,
        "Net Income": -35
    },
    "2018-12-31": {
        "Diluted EPS": -0.69,
        "Total Revenue": 0,
        "Gross Profit": 0,
        "Operating Income": -54,
        "EBIT": -54,
        "Net Income": -54
    },
    "2018-09-30": {
        "Diluted EPS": -0.43,
        "Total Revenue": 0,
        "Gross Profit": 0,
        "Operating Income": -34,
        "EBIT": -34,
        "Net Income": -34
    },
    "2018-06-30": {
        "Diluted EPS": -0.59,
        "Total Revenue": 0,
        "Gross Profit": 0,
        "Operating Income": -44,
        "EBIT": -44,
        "Net Income": -44
    },
    "2018-03-31": {
        "Diluted EPS": -0.59,
        "Total Revenue": 0,
        "Gross Profit": 0,
        "Operating Income": -42,
        "EBIT": -42,
        "Net Income": -42
    },
    "2017-12-31": {
        "Diluted EPS": -0.46,
        "Total Revenue": 0,
        "Gross Profit": 0,
        "Operating Income": -31,
        "EBIT": -31,
        "Net Income": -31
    },
    "2017-09-30": {
        "Diluted EPS": -0.48,
        "Total Revenue": 0,
        "Gross Profit": 0,
        "Operating Income": -32,
        "EBIT": -32,
        "Net Income": -32
    },
    "2017-06-30": {
        "Diluted EPS": -0.45,
        "Total Revenue": 0,
        "Gross Profit": 0,
        "Operating Income": -28,
        "EBIT": -28,
        "Net Income": -28
    },
    "2017-03-31": {
        "Diluted EPS": -0.52,
        "Total Revenue": 0,
        "Gross Profit": 0,
        "Operating Income": -28,
        "EBIT": -28,
        "Net Income": -28
    },
    "2016-12-31": {
        "Diluted EPS": -0.49,
        "Total Revenue": 0,
        "Gross Profit": 0,
        "Operating Income": -24,
        "EBIT": -24,
        "Net Income": -24
    },
    "2016-09-30": {
        "Diluted EPS": -0.5,
        "Total Revenue": 0,
        "Gross Profit": 0,
        "Operating Income": -25,
        "EBIT": -25,
        "Net Income": -25
    },
    "2016-06-30": {
        "Diluted EPS": -0.33,
        "Total Revenue": 0,
        "Gross Profit": 0,
        "Operating Income": -16,
        "EBIT": -16,
        "Net Income": -16
    },
    "2016-03-31": {
        "Diluted EPS": -0.28,
        "Total Revenue": 0,
        "Gross Profit": 0,
        "Operating Income": -14,
        "EBIT": -14,
        "Net Income": -14
    },
    "2015-12-31": {
        "Diluted EPS": -0.37,
        "Total Revenue": 0,
        "Gross Profit": 0,
        "Operating Income": -18,
        "EBIT": -17,
        "Net Income": -18
    },
    "2015-09-30": {
        "Diluted EPS": -0.28,
        "Total Revenue": 0,
        "Gross Profit": 0,
        "Operating Income": -14,
        "EBIT": -14,
        "Net Income": -14
    },
    "2015-06-30": {
        "Diluted EPS": -0.38,
        "Total Revenue": 0,
        "Gross Profit": 0,
        "Operating Income": -17,
        "EBIT": -17,
        "Net Income": -17
    },
    "2015-03-31": {
        "Diluted EPS": -0.35,
        "Total Revenue": 0,
        "Gross Profit": 0,
        "Operating Income": -15,
        "EBIT": -15,
        "Net Income": -15
    },
    "2014-12-31": {
        "Diluted EPS": -0.52,
        "Total Revenue": 0,
        "Gross Profit": 0,
        "Operating Income": -19,
        "EBIT": -19,
        "Net Income": -19
    },
    "2014-09-30": {
        "Diluted EPS": -0.51,
        "Total Revenue": 0,
        "Gross Profit": 0,
        "Operating Income": -17,
        "EBIT": -17,
        "Net Income": -17
    },
    "2014-06-30": {
        "Diluted EPS": -0.36,
        "Total Revenue": 0,
        "Gross Profit": 0,
        "Operating Income": -12,
        "EBIT": -12,
        "Net Income": -12
    },
    "2014-03-31": {
        "Diluted EPS": -0.25,
        "Total Revenue": 0,
        "Gross Profit": 0,
        "Operating Income": -8,
        "EBIT": -8,
        "Net Income": -8
    },
    "2013-12-31": {
        "Diluted EPS": -0.19,
        "Total Revenue": 0,
        "Gross Profit": 0,
        "Operating Income": -8,
        "EBIT": -8,
        "Net Income": -6
    },
    "2013-09-30": {
        "Diluted EPS": -0.16,
        "Total Revenue": 0,
        "Gross Profit": 0,
        "Operating Income": -5,
        "EBIT": -5,
        "Net Income": -5
    },
    "2013-06-30": {
        "Diluted EPS": -0.29,
        "Total Revenue": 0,
        "Gross Profit": 0,
        "Operating Income": -7,
        "EBIT": -7,
        "Net Income": -7
    },
    "2013-03-31": {
        "Diluted EPS": -0.17,
        "Total Revenue": 0,
        "Gross Profit": 0,
        "Operating Income": -4,
        "EBIT": -4,
        "Net Income": -4
    },
    "2012-12-31": {
        "Diluted EPS": 0.97,
        "Total Revenue": NaN,
        "Gross Profit": NaN,
        "Operating Income": -4,
        "EBIT": -4,
        "Net Income": -3
    },
    "2012-09-30": {
        "Diluted EPS": -0.16,
        "Total Revenue": NaN,
        "Gross Profit": NaN,
        "Operating Income": -3,
        "EBIT": -3,
        "Net Income": -2
    },
    "2012-06-30": {
        "Diluted EPS": -0.16,
        "Total Revenue": NaN,
        "Gross Profit": NaN,
        "Operating Income": -3,
        "EBIT": -3,
        "Net Income": -2
    },
    "2012-03-31": {
        "Diluted EPS": -2.03,
        "Total Revenue": NaN,
        "Gross Profit": NaN,
        "Operating Income": -17,
        "EBIT": -17,
        "Net Income": -10
    },
    "2011-12-31": {
        "Diluted EPS": -84.55,
        "Total Revenue": NaN,
        "Gross Profit": NaN,
        "Operating Income": 0,
        "EBIT": 0,
        "Net Income": -4
    },
    "2011-09-30": {
        "Diluted EPS": -0.01,
        "Total Revenue": NaN,
        "Gross Profit": NaN,
        "Operating Income": 0,
        "EBIT": 0,
        "Net Income": 0
    },
    "2011-06-30": {
        "Diluted EPS": -0.15,
        "Total Revenue": NaN,
        "Gross Profit": NaN,
        "Operating Income": 0,
        "EBIT": 0,
        "Net Income": 0
    },
    "2011-03-31": {
        "Diluted EPS": 84.27,
        "Total Revenue": NaN,
        "Gross Profit": NaN,
        "Operating Income": -1,
        "EBIT": -1,
        "Net Income": 4
    },
    "2010-12-31": {
        "Diluted EPS": 28.65,
        "Total Revenue": NaN,
        "Gross Profit": NaN,
        "Operating Income": 0,
        "EBIT": 0,
        "Net Income": 0
    },
    "2010-09-30": {
        "Diluted EPS": 1.12,
        "Total Revenue": NaN,
        "Gross Profit": NaN,
        "Operating Income": -1,
        "EBIT": 0,
        "Net Income": 0
    },
    "2010-06-30": {
        "Diluted EPS": 43.26,
        "Total Revenue": NaN,
        "Gross Profit": NaN,
        "Operating Income": -1,
        "EBIT": 0,
        "Net Income": 2
    },
    "2010-03-31": {
        "Diluted EPS": -56.18,
        "Total Revenue": NaN,
        "Gross Profit": NaN,
        "Operating Income": -1,
        "EBIT": 0,
        "Net Income": -2
    },
    "2009-12-31": {
        "Diluted EPS": 0.0,
        "Total Revenue": NaN,
        "Gross Profit": NaN,
        "Operating Income": 0,
        "EBIT": 0,
        "Net Income": 0
    },
    "2009-09-30": {
        "Diluted EPS": -28.09,
        "Total Revenue": NaN,
        "Gross Profit": NaN,
        "Operating Income": 0,
        "EBIT": 0,
        "Net Income": 0
    },
    "2009-06-30": {
        "Diluted EPS": -56.18,
        "Total Revenue": NaN,
        "Gross Profit": NaN,
        "Operating Income": 0,
        "EBIT": 0,
        "Net Income": -1
    },
    "2009-03-31": {
        "Diluted EPS": -28.09,
        "Total Revenue": NaN,
        "Gross Profit": NaN,
        "Operating Income": -1,
        "EBIT": 0,
        "Net Income": -1
    },
    "2023-09-30": {
        "Tax Effect Of Unusual Items": 0.0,
        "Tax Rate For Calcs": 0.0,
        "Normalized EBITDA": 117769000.0,
        "Net Income From Continuing Operation Net Minority Interest": 113930000.0,
        "Reconciled Depreciation": 126000.0,
        "Reconciled Cost Of Revenue": 3509000.0,
        "EBITDA": 117769000.0,
        "EBIT": 117643000.0,
        "Net Interest Income": -3713000.0,
        "Interest Expense": 3713000.0,
        "Normalized Income": 113930000.0,
        "Net Income From Continuing And Discontinued Operation": 113930000.0,
        "Total Expenses": 51031000.0,
        "Total Operating Income As Reported": 114784000.0,
        "Diluted Average Shares": 155871749.0,
        "Basic Average Shares": 142871227.0,
        "Diluted EPS": 0.73,
        "Basic EPS": 0.8,
        "Diluted NI Availto Com Stockholders": 113930000.0,
        "Net Income Common Stockholders": 113930000.0,
        "Net Income": 113930000.0,
        "Net Income Including Noncontrolling Interests": 113930000.0,
        "Net Income Continuous Operations": 113930000.0,
        "Tax Provision": 0.0,
        "Pretax Income": 113930000.0,
        "Other Income Expense": 2859000.0,
        "Other Non Operating Income Expenses": 2859000.0,
        "Net Non Operating Interest Income Expense": -3713000.0,
        "Interest Expense Non Operating": 3713000.0,
        "Operating Income": 114784000.0,
        "Operating Expense": 47522000.0,
        "Research And Development": 14753000.0,
        "Selling General And Administration": 32769000.0,
        "General And Administrative Expense": 32769000.0,
        "Other Gand A": 26500000.0,
        "Salaries And Wages": 6269000.0,
        "Gross Profit": 162306000.0,
        "Cost Of Revenue": 3509000.0,
        "Total Revenue": 165815000.0,
        "Operating Revenue": 165815000.0
    },
    "2023-12-31": {
        "Tax Effect Of Unusual Items": 0.0,
        "Tax Rate For Calcs": 0.0,
        "Normalized EBITDA": -11504000.0,
        "Net Income From Continuing Operation Net Minority Interest": -14416000.0,
        "Reconciled Depreciation": 91000.0,
        "Reconciled Cost Of Revenue": 7854000.0,
        "EBITDA": -11504000.0,
        "EBIT": -11595000.0,
        "Net Interest Income": -2431000.0,
        "Interest Expense": 2431000.0,
        "Normalized Income": -14416000.0,
        "Net Income From Continuing And Discontinued Operation": -14416000.0,
        "Total Expenses": 56456000.0,
        "Total Operating Income As Reported": -12485000.0,
        "Diluted Average Shares": 156091786.0,
        "Basic Average Shares": 143092594.0,
        "Diluted EPS": -0.1,
        "Basic EPS": -0.1,
        "Diluted NI Availto Com Stockholders": -14416000.0,
        "Net Income Common Stockholders": -14416000.0,
        "Net Income": -14416000.0,
        "Net Income Including Noncontrolling Interests": -14416000.0,
        "Net Income Continuous Operations": -14416000.0,
        "Tax Provision": NaN,
        "Pretax Income": -14026000.0,
        "Other Income Expense": 890000.0,
        "Other Non Operating Income Expenses": 890000.0,
        "Net Non Operating Interest Income Expense": -2431000.0,
        "Interest Expense Non Operating": 2431000.0,
        "Operating Income": -12485000.0,
        "Operating Expense": 48602000.0,
        "Research And Development": 17449000.0,
        "Selling General And Administration": 31153000.0,
        "General And Administrative Expense": 31153000.0,
        "Other Gand A": 24616000.0,
        "Salaries And Wages": 6537000.0,
        "Gross Profit": 36117000.0,
        "Cost Of Revenue": 7854000.0,
        "Total Revenue": 43971000.0,
        "Operating Revenue": 43971000.0
    },
    "2024-03-31": {
        "Tax Effect Of Unusual Items": 0.0,
        "Tax Rate For Calcs": 0.21,
        "Normalized EBITDA": -8308000.0,
        "Net Income From Continuing Operation Net Minority Interest": -10707000.0,
        "Reconciled Depreciation": 82000.0,
        "Reconciled Cost Of Revenue": 5441000.0,
        "EBITDA": -8308000.0,
        "EBIT": -8390000.0,
        "Net Interest Income": -2288000.0,
        "Interest Expense": 2288000.0,
        "Normalized Income": -10707000.0,
        "Net Income From Continuing And Discontinued Operation": -10707000.0,
        "Total Expenses": 72744000.0,
        "Total Operating Income As Reported": -9270000.0,
        "Diluted Average Shares": 146209213.0,
        "Basic Average Shares": 146209213.0,
        "Diluted EPS": -0.07,
        "Basic EPS": -0.07,
        "Diluted NI Availto Com Stockholders": -10707000.0,
        "Net Income Common Stockholders": -10707000.0,
        "Net Income": -10707000.0,
        "Net Income Including Noncontrolling Interests": -10707000.0,
        "Net Income Continuous Operations": -10707000.0,
        "Tax Provision": 29000.0,
        "Pretax Income": -10678000.0,
        "Other Income Expense": 880000.0,
        "Other Non Operating Income Expenses": 880000.0,
        "Net Non Operating Interest Income Expense": -2288000.0,
        "Interest Expense Non Operating": 2288000.0,
        "Operating Income": -9270000.0,
        "Operating Expense": 67303000.0,
        "Research And Development": 32722000.0,
        "Selling General And Administration": 34581000.0,
        "General And Administrative Expense": 34581000.0,
        "Other Gand A": 27694000.0,
        "Salaries And Wages": 6887000.0,
        "Gross Profit": 58033000.0,
        "Cost Of Revenue": 5441000.0,
        "Total Revenue": 63474000.0,
        "Operating Revenue": 63474000.0
    },
    "2024-06-30": {
        "Tax Effect Of Unusual Items": 0.0,
        "Tax Rate For Calcs": 0.21,
        "Normalized EBITDA": 10600000.0,
        "Net Income From Continuing Operation Net Minority Interest": 6879000.0,
        "Reconciled Depreciation": 72000.0,
        "Reconciled Cost Of Revenue": 8304000.0,
        "EBITDA": 10600000.0,
        "EBIT": 10528000.0,
        "Net Interest Income": -3977000.0,
        "Interest Expense": 3977000.0,
        "Normalized Income": 6879000.0,
        "Net Income From Continuing And Discontinued Operation": 6879000.0,
        "Total Expenses": 64650000.0,
        "Total Operating Income As Reported": 8816000.0,
        "Diluted Average Shares": 159423571.0,
        "Basic Average Shares": 144727482.0,
        "Diluted EPS": 0.04,
        "Basic EPS": 0.05,
        "Diluted NI Availto Com Stockholders": 6879000.0,
        "Net Income Common Stockholders": 6879000.0,
        "Net Income": 6879000.0,
        "Net Income Including Noncontrolling Interests": 6879000.0,
        "Net Income Continuous Operations": 6879000.0,
        "Tax Provision": -328000.0,
        "Pretax Income": 6551000.0,
        "Other Income Expense": 1712000.0,
        "Other Non Operating Income Expenses": 1712000.0,
        "Net Non Operating Interest Income Expense": -3977000.0,
        "Interest Expense Non Operating": 3977000.0,
        "Operating Income": 8816000.0,
        "Operating Expense": 56346000.0,
        "Research And Development": 17556000.0,
        "Selling General And Administration": 38790000.0,
        "General And Administrative Expense": 38790000.0,
        "Other Gand A": 31828000.0,
        "Salaries And Wages": 6962000.0,
        "Gross Profit": 65162000.0,
        "Cost Of Revenue": 8304000.0,
        "Total Revenue": 73466000.0,
        "Operating Revenue": 73466000.0
    },
    "2024-09-30": {
        "Tax Effect Of Unusual Items": 0.0,
        "Tax Rate For Calcs": 0.090909,
        "Normalized EBITDA": 15164000.0,
        "Net Income From Continuing Operation Net Minority Interest": 3880000.0,
        "Reconciled Depreciation": 64000.0,
        "Reconciled Cost Of Revenue": 9341000.0,
        "EBITDA": 15164000.0,
        "EBIT": 15100000.0,
        "Net Interest Income": -10832000.0,
        "Interest Expense": 10832000.0,
        "Normalized Income": 3880000.0,
        "Net Income From Continuing And Discontinued Operation": 3880000.0,
        "Total Expenses": 71445000.0,
        "Total Operating Income As Reported": 12434000.0,
        "Diluted Average Shares": 160714388.0,
        "Basic Average Shares": 145102479.0,
        "Diluted EPS": 0.02,
        "Basic EPS": 0.03,
        "Diluted NI Availto Com Stockholders": 3880000.0,
        "Net Income Common Stockholders": 3880000.0,
        "Net Income": 3880000.0,
        "Net Income Including Noncontrolling Interests": 3880000.0,
        "Net Income Continuous Operations": 3880000.0,
        "Tax Provision": 388000.0,
        "Pretax Income": 4268000.0,
        "Other Income Expense": 2666000.0,
        "Other Non Operating Income Expenses": 2666000.0,
        "Net Non Operating Interest Income Expense": -10832000.0,
        "Interest Expense Non Operating": 10832000.0,
        "Operating Income": 12434000.0,
        "Operating Expense": 62104000.0,
        "Research And Development": 20138000.0,
        "Selling General And Administration": 41966000.0,
        "General And Administrative Expense": 41966000.0,
        "Other Gand A": 33221000.0,
        "Salaries And Wages": 8745000.0,
        "Gross Profit": 74538000.0,
        "Cost Of Revenue": 9341000.0,
        "Total Revenue": 83879000.0,
        "Operating Revenue": 83879000.0
    }
}