{
    "2023-06-30": {
        "Tax Effect Of Unusual Items": NaN,
        "Tax Rate For Calcs": NaN,
        "Normalized EBITDA": NaN,
        "Total Unusual Items": NaN,
        "Total Unusual Items Excluding Goodwill": NaN,
        "Net Income From Continuing Operation Net Minority Interest": NaN,
        "Reconciled Depreciation": NaN,
        "Reconciled Cost Of Revenue": NaN,
        "EBITDA": NaN,
        "EBIT": NaN,
        "Net Interest Income": NaN,
        "Interest Expense": NaN,
        "Normalized Income": NaN,
        "Net Income From Continuing And Discontinued Operation": NaN,
        "Total Expenses": NaN,
        "Total Operating Income As Reported": NaN,
        "Diluted Average Shares": NaN,
        "Basic Average Shares": NaN,
        "Diluted EPS": NaN,
        "Basic EPS": NaN,
        "Diluted NI Availto Com Stockholders": NaN,
        "Average Dilution Earnings": NaN,
        "Net Income Common Stockholders": NaN,
        "Net Income": NaN,
        "Minority Interests": NaN,
        "Net Income Including Noncontrolling Interests": NaN,
        "Net Income Discontinuous Operations": 0.0,
        "Net Income Continuous Operations": NaN,
        "Tax Provision": NaN,
        "Pretax Income": NaN,
        "Other Income Expense": NaN,
        "Other Non Operating Income Expenses": NaN,
        "Special Income Charges": NaN,
        "Gain On Sale Of Business": NaN,
        "Other Special Charges": NaN,
        "Write Off": 1000000.0,
        "Restructuring And Mergern Acquisition": NaN,
        "Earnings From Equity Interest": NaN,
        "Net Non Operating Interest Income Expense": NaN,
        "Interest Expense Non Operating": NaN,
        "Operating Income": NaN,
        "Operating Expense": NaN,
        "Other Operating Expenses": NaN,
        "Depreciation Amortization Depletion Income Statement": NaN,
        "Depreciation And Amortization In Income Statement": NaN,
        "Selling General And Administration": NaN,
        "General And Administrative Expense": NaN,
        "Salaries And Wages": NaN,
        "Gross Profit": NaN,
        "Cost Of Revenue": NaN,
        "Total Revenue": NaN,
        "Operating Revenue": NaN
    },
    "2023-03-31": {
        "Tax Effect Of Unusual Items": NaN,
        "Tax Rate For Calcs": NaN,
        "Normalized EBITDA": NaN,
        "Total Unusual Items": NaN,
        "Total Unusual Items Excluding Goodwill": NaN,
        "Net Income From Continuing Operation Net Minority Interest": NaN,
        "Reconciled Depreciation": NaN,
        "Reconciled Cost Of Revenue": NaN,
        "EBITDA": NaN,
        "EBIT": NaN,
        "Net Interest Income": NaN,
        "Interest Expense": NaN,
        "Normalized Income": NaN,
        "Net Income From Continuing And Discontinued Operation": NaN,
        "Total Expenses": NaN,
        "Total Operating Income As Reported": NaN,
        "Diluted Average Shares": NaN,
        "Basic Average Shares": NaN,
        "Diluted EPS": NaN,
        "Basic EPS": NaN,
        "Diluted NI Availto Com Stockholders": NaN,
        "Average Dilution Earnings": NaN,
        "Net Income Common Stockholders": NaN,
        "Net Income": NaN,
        "Minority Interests": NaN,
        "Net Income Including Noncontrolling Interests": NaN,
        "Net Income Discontinuous Operations": 0.0,
        "Net Income Continuous Operations": NaN,
        "Tax Provision": NaN,
        "Pretax Income": NaN,
        "Other Income Expense": NaN,
        "Other Non Operating Income Expenses": NaN,
        "Special Income Charges": NaN,
        "Gain On Sale Of Business": NaN,
        "Other Special Charges": NaN,
        "Write Off": NaN,
        "Restructuring And Mergern Acquisition": NaN,
        "Earnings From Equity Interest": NaN,
        "Net Non Operating Interest Income Expense": NaN,
        "Interest Expense Non Operating": NaN,
        "Operating Income": NaN,
        "Operating Expense": NaN,
        "Other Operating Expenses": NaN,
        "Depreciation Amortization Depletion Income Statement": NaN,
        "Depreciation And Amortization In Income Statement": NaN,
        "Selling General And Administration": NaN,
        "General And Administrative Expense": NaN,
        "Salaries And Wages": NaN,
        "Gross Profit": NaN,
        "Cost Of Revenue": NaN,
        "Total Revenue": NaN,
        "Operating Revenue": NaN
    },
    "2022-12-31": {
        "Tax Effect Of Unusual Items": NaN,
        "Tax Rate For Calcs": NaN,
        "Normalized EBITDA": NaN,
        "Total Unusual Items": NaN,
        "Total Unusual Items Excluding Goodwill": NaN,
        "Net Income From Continuing Operation Net Minority Interest": NaN,
        "Reconciled Depreciation": NaN,
        "Reconciled Cost Of Revenue": NaN,
        "EBITDA": NaN,
        "EBIT": NaN,
        "Net Interest Income": NaN,
        "Interest Expense": NaN,
        "Normalized Income": NaN,
        "Net Income From Continuing And Discontinued Operation": NaN,
        "Total Expenses": NaN,
        "Total Operating Income As Reported": NaN,
        "Diluted Average Shares": NaN,
        "Basic Average Shares": NaN,
        "Diluted EPS": NaN,
        "Basic EPS": NaN,
        "Diluted NI Availto Com Stockholders": NaN,
        "Average Dilution Earnings": NaN,
        "Net Income Common Stockholders": NaN,
        "Net Income": NaN,
        "Minority Interests": NaN,
        "Net Income Including Noncontrolling Interests": NaN,
        "Net Income Discontinuous Operations": 0.0,
        "Net Income Continuous Operations": NaN,
        "Tax Provision": NaN,
        "Pretax Income": NaN,
        "Other Income Expense": NaN,
        "Other Non Operating Income Expenses": NaN,
        "Special Income Charges": NaN,
        "Gain On Sale Of Business": NaN,
        "Other Special Charges": NaN,
        "Write Off": NaN,
        "Restructuring And Mergern Acquisition": NaN,
        "Earnings From Equity Interest": NaN,
        "Net Non Operating Interest Income Expense": NaN,
        "Interest Expense Non Operating": NaN,
        "Operating Income": NaN,
        "Operating Expense": NaN,
        "Other Operating Expenses": NaN,
        "Depreciation Amortization Depletion Income Statement": NaN,
        "Depreciation And Amortization In Income Statement": NaN,
        "Selling General And Administration": NaN,
        "General And Administrative Expense": NaN,
        "Salaries And Wages": NaN,
        "Gross Profit": NaN,
        "Cost Of Revenue": NaN,
        "Total Revenue": NaN,
        "Operating Revenue": NaN
    },
    "2022-09-30": {
        "Tax Effect Of Unusual Items": NaN,
        "Tax Rate For Calcs": NaN,
        "Normalized EBITDA": NaN,
        "Total Unusual Items": NaN,
        "Total Unusual Items Excluding Goodwill": NaN,
        "Net Income From Continuing Operation Net Minority Interest": NaN,
        "Reconciled Depreciation": NaN,
        "Reconciled Cost Of Revenue": NaN,
        "EBITDA": NaN,
        "EBIT": NaN,
        "Net Interest Income": NaN,
        "Interest Expense": NaN,
        "Normalized Income": NaN,
        "Net Income From Continuing And Discontinued Operation": NaN,
        "Total Expenses": NaN,
        "Total Operating Income As Reported": NaN,
        "Diluted Average Shares": NaN,
        "Basic Average Shares": NaN,
        "Diluted EPS": NaN,
        "Basic EPS": NaN,
        "Diluted NI Availto Com Stockholders": NaN,
        "Average Dilution Earnings": NaN,
        "Net Income Common Stockholders": NaN,
        "Net Income": NaN,
        "Minority Interests": NaN,
        "Net Income Including Noncontrolling Interests": NaN,
        "Net Income Discontinuous Operations": NaN,
        "Net Income Continuous Operations": NaN,
        "Tax Provision": NaN,
        "Pretax Income": NaN,
        "Other Income Expense": NaN,
        "Other Non Operating Income Expenses": NaN,
        "Special Income Charges": NaN,
        "Gain On Sale Of Business": NaN,
        "Other Special Charges": NaN,
        "Write Off": 3000000.0,
        "Restructuring And Mergern Acquisition": NaN,
        "Earnings From Equity Interest": NaN,
        "Net Non Operating Interest Income Expense": NaN,
        "Interest Expense Non Operating": NaN,
        "Operating Income": NaN,
        "Operating Expense": NaN,
        "Other Operating Expenses": NaN,
        "Depreciation Amortization Depletion Income Statement": NaN,
        "Depreciation And Amortization In Income Statement": NaN,
        "Selling General And Administration": NaN,
        "General And Administrative Expense": NaN,
        "Salaries And Wages": NaN,
        "Gross Profit": NaN,
        "Cost Of Revenue": NaN,
        "Total Revenue": NaN,
        "Operating Revenue": NaN
    },
    "2022-06-30": {
        "Tax Effect Of Unusual Items": -45433962.264151,
        "Tax Rate For Calcs": 0.324528,
        "Normalized EBITDA": 843000000.0,
        "Total Unusual Items": -140000000.0,
        "Total Unusual Items Excluding Goodwill": -140000000.0,
        "Net Income From Continuing Operation Net Minority Interest": 38000000.0,
        "Reconciled Depreciation": 216000000.0,
        "Reconciled Cost Of Revenue": 811000000.0,
        "EBITDA": 703000000.0,
        "EBIT": 487000000.0,
        "Net Interest Income": -222000000.0,
        "Interest Expense": 222000000.0,
        "Normalized Income": 132566037.735849,
        "Net Income From Continuing And Discontinued Operation": 38000000.0,
        "Total Expenses": 4065000000.0,
        "Total Operating Income As Reported": 553000000.0,
        "Diluted Average Shares": 108750000.0,
        "Basic Average Shares": 107790000.0,
        "Diluted EPS": 0.35,
        "Basic EPS": 0.35,
        "Diluted NI Availto Com Stockholders": 38000000.0,
        "Average Dilution Earnings": NaN,
        "Net Income Common Stockholders": 38000000.0,
        "Net Income": 38000000.0,
        "Minority Interests": -141000000.0,
        "Net Income Including Noncontrolling Interests": 179000000.0,
        "Net Income Discontinuous Operations": 0.0,
        "Net Income Continuous Operations": 179000000.0,
        "Tax Provision": 86000000.0,
        "Pretax Income": 265000000.0,
        "Other Income Expense": -86000000.0,
        "Other Non Operating Income Expenses": NaN,
        "Special Income Charges": -140000000.0,
        "Gain On Sale Of Business": 1000000.0,
        "Other Special Charges": 84000000.0,
        "Write Off": 5000000.0,
        "Impairment Of Capital Assets": 57000000.0,
        "Restructuring And Mergern Acquisition": 52000000.0,
        "Earnings From Equity Interest": 54000000.0,
        "Net Non Operating Interest Income Expense": -222000000.0,
        "Interest Expense Non Operating": 222000000.0,
        "Operating Income": 573000000.0,
        "Operating Expense": 3254000000.0,
        "Other Operating Expenses": 912000000.0,
        "Depreciation Amortization Depletion Income Statement": 216000000.0,
        "Depreciation And Amortization In Income Statement": 216000000.0,
        "Selling General And Administration": 2126000000.0,
        "General And Administrative Expense": 2126000000.0,
        "Salaries And Wages": 2126000000.0,
        "Gross Profit": 3827000000.0,
        "Cost Of Revenue": 811000000.0,
        "Total Revenue": 4638000000.0,
        "Operating Revenue": 4638000000.0
    },
    "2022-03-31": {
        "Diluted EPS": 1.28,
        "Total Revenue": NaN,
        "Gross Profit": NaN,
        "Operating Income": 648,
        "EBIT": 905,
        "Net Income": 140
    },
    "2021-12-31": {
        "Diluted EPS": 2.29,
        "Total Revenue": NaN,
        "Gross Profit": NaN,
        "Operating Income": 751,
        "EBIT": NaN,
        "Net Income": 249
    },
    "2021-09-30": {
        "Diluted EPS": 4.13,
        "Total Revenue": NaN,
        "Gross Profit": NaN,
        "Operating Income": NaN,
        "EBIT": NaN,
        "Net Income": 449
    },
    "2021-06-30": {
        "Diluted EPS": 1.1,
        "Total Revenue": NaN,
        "Gross Profit": NaN,
        "Operating Income": 586,
        "EBIT": 869,
        "Net Income": 119
    },
    "2021-03-31": {
        "Diluted EPS": 0.9,
        "Total Revenue": NaN,
        "Gross Profit": NaN,
        "Operating Income": 520,
        "EBIT": 795,
        "Net Income": 97
    },
    "2020-12-31": {
        "Diluted EPS": 3.9,
        "Total Revenue": NaN,
        "Gross Profit": NaN,
        "Operating Income": 920,
        "EBIT": NaN,
        "Net Income": 414
    },
    "2020-09-30": {
        "Diluted EPS": -1.86,
        "Total Revenue": NaN,
        "Gross Profit": NaN,
        "Operating Income": 271,
        "EBIT": 540,
        "Net Income": -196
    },
    "2020-06-30": {
        "Diluted EPS": 0.83,
        "Total Revenue": NaN,
        "Gross Profit": NaN,
        "Operating Income": 471,
        "EBIT": 718,
        "Net Income": 88
    },
    "2020-03-31": {
        "Diluted EPS": 0.88,
        "Total Revenue": NaN,
        "Gross Profit": NaN,
        "Operating Income": 327,
        "EBIT": 568,
        "Net Income": 93
    },
    "2019-12-31": {
        "Diluted EPS": -0.04,
        "Total Revenue": NaN,
        "Gross Profit": NaN,
        "Operating Income": 454,
        "EBIT": 748,
        "Net Income": -3
    },
    "2019-09-30": {
        "Diluted EPS": -2.18,
        "Total Revenue": NaN,
        "Gross Profit": NaN,
        "Operating Income": 302,
        "EBIT": 549,
        "Net Income": -226
    },
    "2019-06-30": {
        "Diluted EPS": 0.25,
        "Total Revenue": NaN,
        "Gross Profit": NaN,
        "Operating Income": 400,
        "EBIT": 666,
        "Net Income": 26
    },
    "2019-03-31": {
        "Diluted EPS": -0.11,
        "Total Revenue": NaN,
        "Gross Profit": NaN,
        "Operating Income": 381,
        "EBIT": 634,
        "Net Income": -12
    },
    "2018-12-31": {
        "Diluted EPS": -0.12,
        "Total Revenue": NaN,
        "Gross Profit": NaN,
        "Operating Income": 394,
        "EBIT": 659,
        "Net Income": -12
    },
    "2018-09-30": {
        "Diluted EPS": -0.09,
        "Total Revenue": NaN,
        "Gross Profit": NaN,
        "Operating Income": 320,
        "EBIT": 568,
        "Net Income": -9
    },
    "2018-06-30": {
        "Diluted EPS": 0.25,
        "Total Revenue": NaN,
        "Gross Profit": NaN,
        "Operating Income": 406,
        "EBIT": 650,
        "Net Income": 26
    },
    "2018-03-31": {
        "Diluted EPS": 0.96,
        "Total Revenue": NaN,
        "Gross Profit": NaN,
        "Operating Income": 517,
        "EBIT": 757,
        "Net Income": 99
    },
    "2017-12-31": {
        "Diluted EPS": -2.28,
        "Total Revenue": NaN,
        "Gross Profit": NaN,
        "Operating Income": 485,
        "EBIT": 753,
        "Net Income": -229
    },
    "2017-09-30": {
        "Diluted EPS": -3.64,
        "Total Revenue": NaN,
        "Gross Profit": NaN,
        "Operating Income": 51,
        "EBIT": 319,
        "Net Income": -367
    },
    "2017-06-30": {
        "Diluted EPS": -0.55,
        "Total Revenue": NaN,
        "Gross Profit": NaN,
        "Operating Income": 310,
        "EBIT": 571,
        "Net Income": -55
    },
    "2017-03-31": {
        "Diluted EPS": -0.53,
        "Total Revenue": NaN,
        "Gross Profit": NaN,
        "Operating Income": 267,
        "EBIT": 528,
        "Net Income": -53
    },
    "2016-12-31": {
        "Diluted EPS": -0.79,
        "Total Revenue": NaN,
        "Gross Profit": NaN,
        "Operating Income": 280,
        "EBIT": 552,
        "Net Income": -79
    },
    "2016-09-30": {
        "Diluted EPS": -0.08,
        "Total Revenue": NaN,
        "Gross Profit": NaN,
        "Operating Income": 339,
        "EBIT": 587,
        "Net Income": -8
    },
    "2016-06-30": {
        "Diluted EPS": -0.46,
        "Total Revenue": NaN,
        "Gross Profit": NaN,
        "Operating Income": 274,
        "EBIT": 530,
        "Net Income": -46
    },
    "2016-03-31": {
        "Diluted EPS": -0.6,
        "Total Revenue": NaN,
        "Gross Profit": NaN,
        "Operating Income": 354,
        "EBIT": 600,
        "Net Income": -59
    },
    "2015-12-31": {
        "Diluted EPS": -0.98,
        "Total Revenue": NaN,
        "Gross Profit": NaN,
        "Operating Income": 336,
        "EBIT": 604,
        "Net Income": -97
    },
    "2015-09-30": {
        "Diluted EPS": -0.29,
        "Total Revenue": NaN,
        "Gross Profit": NaN,
        "Operating Income": 287,
        "EBIT": 511,
        "Net Income": -29
    },
    "2015-06-30": {
        "Diluted EPS": -0.61,
        "Total Revenue": NaN,
        "Gross Profit": NaN,
        "Operating Income": 164,
        "EBIT": 391,
        "Net Income": -61
    },
    "2015-03-31": {
        "Diluted EPS": 0.47,
        "Total Revenue": NaN,
        "Gross Profit": NaN,
        "Operating Income": 290,
        "EBIT": 508,
        "Net Income": 47
    },
    "2014-12-31": {
        "Diluted EPS": 0.63,
        "Total Revenue": NaN,
        "Gross Profit": NaN,
        "Operating Income": 337,
        "EBIT": 592,
        "Net Income": 61
    },
    "2014-09-30": {
        "Diluted EPS": 0.09,
        "Total Revenue": NaN,
        "Gross Profit": NaN,
        "Operating Income": 211,
        "EBIT": 429,
        "Net Income": 9
    },
    "2014-06-30": {
        "Diluted EPS": -0.27,
        "Total Revenue": NaN,
        "Gross Profit": NaN,
        "Operating Income": 207,
        "EBIT": 423,
        "Net Income": -26
    },
    "2014-03-31": {
        "Diluted EPS": -0.33,
        "Total Revenue": NaN,
        "Gross Profit": NaN,
        "Operating Income": 170,
        "EBIT": 370,
        "Net Income": -32
    },
    "2013-12-31": {
        "Diluted EPS": -0.25,
        "Total Revenue": NaN,
        "Gross Profit": NaN,
        "Operating Income": 167,
        "EBIT": 365,
        "Net Income": -24
    },
    "2013-09-30": {
        "Diluted EPS": 0.27,
        "Total Revenue": NaN,
        "Gross Profit": 849,
        "Operating Income": 148,
        "EBIT": 270,
        "Net Income": 28
    },
    "2013-06-30": {
        "Diluted EPS": -0.49,
        "Total Revenue": NaN,
        "Gross Profit": 869,
        "Operating Income": 202,
        "EBIT": 327,
        "Net Income": -50
    },
    "2013-03-31": {
        "Diluted EPS": -0.85,
        "Total Revenue": NaN,
        "Gross Profit": 842,
        "Operating Income": 146,
        "EBIT": 265,
        "Net Income": -88
    },
    "2012-12-31": {
        "Diluted EPS": 0.46,
        "Total Revenue": NaN,
        "Gross Profit": 852,
        "Operating Income": 211,
        "EBIT": 333,
        "Net Income": 49
    },
    "2012-09-30": {
        "Diluted EPS": 0.37,
        "Total Revenue": NaN,
        "Gross Profit": 795,
        "Operating Income": 153,
        "EBIT": 268,
        "Net Income": 40
    },
    "2012-06-30": {
        "Diluted EPS": -0.06,
        "Total Revenue": NaN,
        "Gross Profit": 822,
        "Operating Income": 180,
        "EBIT": 290,
        "Net Income": -6
    },
    "2012-03-31": {
        "Diluted EPS": 0.53,
        "Total Revenue": NaN,
        "Gross Profit": 841,
        "Operating Income": 205,
        "EBIT": 310,
        "Net Income": 58
    },
    "2011-12-31": {
        "Diluted EPS": -0.57,
        "Total Revenue": NaN,
        "Gross Profit": 754,
        "Operating Income": 150,
        "EBIT": 257,
        "Net Income": -76
    },
    "2011-09-30": {
        "Diluted EPS": 0.05,
        "Total Revenue": NaN,
        "Gross Profit": 719,
        "Operating Income": 79,
        "EBIT": 187,
        "Net Income": 6
    },
    "2011-06-30": {
        "Diluted EPS": 0.44,
        "Total Revenue": NaN,
        "Gross Profit": 758,
        "Operating Income": 165,
        "EBIT": 269,
        "Net Income": 55
    },
    "2011-03-31": {
        "Diluted EPS": 0.56,
        "Total Revenue": NaN,
        "Gross Profit": 860,
        "Operating Income": 259,
        "EBIT": 368,
        "Net Income": 73
    },
    "2010-12-31": {
        "Diluted EPS": 0.56,
        "Total Revenue": NaN,
        "Gross Profit": 105,
        "Operating Income": 165,
        "EBIT": 260,
        "Net Income": 74
    },
    "2010-09-30": {
        "Diluted EPS": 6.72,
        "Total Revenue": NaN,
        "Gross Profit": 895,
        "Operating Income": 97,
        "EBIT": 206,
        "Net Income": 932
    },
    "2010-06-30": {
        "Diluted EPS": 0.2,
        "Total Revenue": NaN,
        "Gross Profit": 939,
        "Operating Income": 171,
        "EBIT": 275,
        "Net Income": 25
    },
    "2010-03-31": {
        "Diluted EPS": 0.68,
        "Total Revenue": NaN,
        "Gross Profit": 954,
        "Operating Income": 201,
        "EBIT": 304,
        "Net Income": 88
    },
    "2009-12-31": {
        "Diluted EPS": 0.16,
        "Total Revenue": NaN,
        "Gross Profit": 182,
        "Operating Income": 91,
        "EBIT": 213,
        "Net Income": 21
    },
    "2009-09-30": {
        "Diluted EPS": -0.04,
        "Total Revenue": NaN,
        "Gross Profit": 919,
        "Operating Income": 133,
        "EBIT": 230,
        "Net Income": -3
    },
    "2009-06-30": {
        "Diluted EPS": -0.12,
        "Total Revenue": NaN,
        "Gross Profit": 885,
        "Operating Income": 138,
        "EBIT": 236,
        "Net Income": -15
    },
    "2009-03-31": {
        "Diluted EPS": 1.48,
        "Total Revenue": NaN,
        "Gross Profit": 906,
        "Operating Income": 176,
        "EBIT": 272,
        "Net Income": 178
    },
    "2023-09-30": {
        "Tax Effect Of Unusual Items": NaN,
        "Tax Rate For Calcs": NaN,
        "Normalized EBITDA": NaN,
        "Total Unusual Items": NaN,
        "Total Unusual Items Excluding Goodwill": NaN,
        "Net Income From Continuing Operation Net Minority Interest": NaN,
        "Reconciled Depreciation": NaN,
        "Reconciled Cost Of Revenue": NaN,
        "EBITDA": NaN,
        "EBIT": NaN,
        "Net Interest Income": NaN,
        "Interest Expense": NaN,
        "Normalized Income": NaN,
        "Net Income From Continuing And Discontinued Operation": NaN,
        "Total Expenses": NaN,
        "Total Operating Income As Reported": NaN,
        "Diluted Average Shares": NaN,
        "Basic Average Shares": NaN,
        "Diluted EPS": NaN,
        "Basic EPS": NaN,
        "Diluted NI Availto Com Stockholders": NaN,
        "Average Dilution Earnings": NaN,
        "Net Income Common Stockholders": NaN,
        "Net Income": NaN,
        "Minority Interests": NaN,
        "Net Income Including Noncontrolling Interests": NaN,
        "Net Income Discontinuous Operations": 0.0,
        "Net Income Continuous Operations": NaN,
        "Tax Provision": NaN,
        "Pretax Income": NaN,
        "Other Income Expense": NaN,
        "Other Non Operating Income Expenses": NaN,
        "Special Income Charges": NaN,
        "Gain On Sale Of Business": NaN,
        "Other Special Charges": NaN,
        "Write Off": 14000000.0,
        "Restructuring And Mergern Acquisition": NaN,
        "Earnings From Equity Interest": NaN,
        "Net Non Operating Interest Income Expense": NaN,
        "Interest Expense Non Operating": NaN,
        "Operating Income": NaN,
        "Operating Expense": NaN,
        "Other Operating Expenses": NaN,
        "Depreciation Amortization Depletion Income Statement": NaN,
        "Depreciation And Amortization In Income Statement": NaN,
        "Selling General And Administration": NaN,
        "General And Administrative Expense": NaN,
        "Salaries And Wages": NaN,
        "Gross Profit": NaN,
        "Cost Of Revenue": NaN,
        "Total Revenue": NaN,
        "Operating Revenue": NaN
    },
    "2023-12-31": {
        "Tax Effect Of Unusual Items": NaN,
        "Tax Rate For Calcs": NaN,
        "Normalized EBITDA": NaN,
        "Total Unusual Items": NaN,
        "Total Unusual Items Excluding Goodwill": NaN,
        "Net Income From Continuing Operation Net Minority Interest": NaN,
        "Reconciled Depreciation": NaN,
        "Reconciled Cost Of Revenue": NaN,
        "EBITDA": NaN,
        "EBIT": NaN,
        "Net Interest Income": NaN,
        "Interest Expense": NaN,
        "Normalized Income": NaN,
        "Net Income From Continuing And Discontinued Operation": NaN,
        "Total Expenses": NaN,
        "Total Operating Income As Reported": NaN,
        "Diluted Average Shares": NaN,
        "Basic Average Shares": NaN,
        "Diluted EPS": NaN,
        "Basic EPS": NaN,
        "Diluted NI Availto Com Stockholders": NaN,
        "Average Dilution Earnings": NaN,
        "Net Income Common Stockholders": NaN,
        "Net Income": NaN,
        "Minority Interests": NaN,
        "Net Income Including Noncontrolling Interests": NaN,
        "Net Income Discontinuous Operations": 0.0,
        "Net Income Continuous Operations": NaN,
        "Tax Provision": NaN,
        "Pretax Income": NaN,
        "Other Income Expense": NaN,
        "Other Non Operating Income Expenses": NaN,
        "Special Income Charges": NaN,
        "Gain On Sale Of Business": NaN,
        "Other Special Charges": NaN,
        "Write Off": NaN,
        "Restructuring And Mergern Acquisition": NaN,
        "Earnings From Equity Interest": NaN,
        "Net Non Operating Interest Income Expense": NaN,
        "Interest Expense Non Operating": NaN,
        "Operating Income": NaN,
        "Operating Expense": NaN,
        "Other Operating Expenses": NaN,
        "Depreciation Amortization Depletion Income Statement": NaN,
        "Depreciation And Amortization In Income Statement": NaN,
        "Selling General And Administration": NaN,
        "General And Administrative Expense": NaN,
        "Salaries And Wages": NaN,
        "Gross Profit": NaN,
        "Cost Of Revenue": NaN,
        "Total Revenue": NaN,
        "Operating Revenue": NaN
    },
    "2024-03-31": {
        "Tax Effect Of Unusual Items": NaN,
        "Tax Rate For Calcs": NaN,
        "Normalized EBITDA": NaN,
        "Total Unusual Items": NaN,
        "Total Unusual Items Excluding Goodwill": NaN,
        "Net Income From Continuing Operation Net Minority Interest": NaN,
        "Reconciled Depreciation": NaN,
        "Reconciled Cost Of Revenue": NaN,
        "EBITDA": NaN,
        "EBIT": NaN,
        "Net Interest Income": NaN,
        "Interest Expense": NaN,
        "Normalized Income": NaN,
        "Net Income From Continuing And Discontinued Operation": NaN,
        "Total Expenses": NaN,
        "Total Operating Income As Reported": NaN,
        "Diluted Average Shares": NaN,
        "Basic Average Shares": NaN,
        "Diluted EPS": NaN,
        "Basic EPS": NaN,
        "Diluted NI Availto Com Stockholders": NaN,
        "Average Dilution Earnings": NaN,
        "Net Income Common Stockholders": NaN,
        "Net Income": NaN,
        "Minority Interests": NaN,
        "Net Income Including Noncontrolling Interests": NaN,
        "Net Income Continuous Operations": NaN,
        "Tax Provision": NaN,
        "Pretax Income": NaN,
        "Other Income Expense": NaN,
        "Other Non Operating Income Expenses": NaN,
        "Special Income Charges": NaN,
        "Gain On Sale Of Business": NaN,
        "Other Special Charges": NaN,
        "Write Off": 1000000.0,
        "Restructuring And Mergern Acquisition": NaN,
        "Earnings From Equity Interest": NaN,
        "Net Non Operating Interest Income Expense": NaN,
        "Interest Expense Non Operating": NaN,
        "Operating Income": NaN,
        "Operating Expense": NaN,
        "Other Operating Expenses": NaN,
        "Depreciation Amortization Depletion Income Statement": NaN,
        "Depreciation And Amortization In Income Statement": NaN,
        "Selling General And Administration": NaN,
        "General And Administrative Expense": NaN,
        "Salaries And Wages": NaN,
        "Gross Profit": NaN,
        "Cost Of Revenue": NaN,
        "Total Revenue": NaN,
        "Operating Revenue": NaN
    },
    "2024-06-30": {
        "Tax Effect Of Unusual Items": NaN,
        "Tax Rate For Calcs": NaN,
        "Normalized EBITDA": NaN,
        "Total Unusual Items": NaN,
        "Total Unusual Items Excluding Goodwill": NaN,
        "Net Income From Continuing Operation Net Minority Interest": NaN,
        "Reconciled Depreciation": NaN,
        "Reconciled Cost Of Revenue": NaN,
        "EBITDA": NaN,
        "EBIT": NaN,
        "Net Interest Income": NaN,
        "Interest Expense": NaN,
        "Normalized Income": NaN,
        "Net Income From Continuing And Discontinued Operation": NaN,
        "Total Expenses": NaN,
        "Total Operating Income As Reported": NaN,
        "Diluted Average Shares": NaN,
        "Basic Average Shares": NaN,
        "Diluted EPS": NaN,
        "Basic EPS": NaN,
        "Diluted NI Availto Com Stockholders": NaN,
        "Average Dilution Earnings": NaN,
        "Net Income Common Stockholders": NaN,
        "Net Income": NaN,
        "Minority Interests": NaN,
        "Net Income Including Noncontrolling Interests": NaN,
        "Net Income Continuous Operations": NaN,
        "Tax Provision": NaN,
        "Pretax Income": NaN,
        "Other Income Expense": NaN,
        "Other Non Operating Income Expenses": NaN,
        "Special Income Charges": NaN,
        "Gain On Sale Of Business": NaN,
        "Other Special Charges": NaN,
        "Write Off": 1000000.0,
        "Restructuring And Mergern Acquisition": NaN,
        "Earnings From Equity Interest": NaN,
        "Net Non Operating Interest Income Expense": NaN,
        "Interest Expense Non Operating": NaN,
        "Operating Income": NaN,
        "Operating Expense": NaN,
        "Other Operating Expenses": NaN,
        "Depreciation Amortization Depletion Income Statement": NaN,
        "Depreciation And Amortization In Income Statement": NaN,
        "Selling General And Administration": NaN,
        "General And Administrative Expense": NaN,
        "Salaries And Wages": NaN,
        "Gross Profit": NaN,
        "Cost Of Revenue": NaN,
        "Total Revenue": NaN,
        "Operating Revenue": NaN
    },
    "2024-09-30": {
        "Tax Effect Of Unusual Items": 83644251.626898,
        "Tax Rate For Calcs": 0.261388,
        "Normalized EBITDA": 1013000000.0,
        "Total Unusual Items": 320000000.0,
        "Total Unusual Items Excluding Goodwill": 320000000.0,
        "Net Income From Continuing Operation Net Minority Interest": 472000000.0,
        "Reconciled Depreciation": 209000000.0,
        "Reconciled Cost Of Revenue": 881000000.0,
        "EBITDA": 1333000000.0,
        "EBIT": 1124000000.0,
        "Net Interest Income": -202000000.0,
        "Interest Expense": 202000000.0,
        "Normalized Income": 235644251.626898,
        "Net Income From Continuing And Discontinued Operation": 472000000.0,
        "Total Expenses": 4419000000.0,
        "Total Operating Income As Reported": 1089000000.0,
        "Diluted Average Shares": 96652000.0,
        "Basic Average Shares": 95665000.0,
        "Diluted EPS": 4.89,
        "Basic EPS": 4.93,
        "Diluted NI Availto Com Stockholders": 473000000.0,
        "Average Dilution Earnings": 1000000.0,
        "Net Income Common Stockholders": 472000000.0,
        "Net Income": 472000000.0,
        "Minority Interests": -209000000.0,
        "Net Income Including Noncontrolling Interests": 681000000.0,
        "Net Income Continuous Operations": 681000000.0,
        "Tax Provision": 241000000.0,
        "Pretax Income": 922000000.0,
        "Other Income Expense": 417000000.0,
        "Other Non Operating Income Expenses": 35000000.0,
        "Special Income Charges": 320000000.0,
        "Gain On Sale Of Business": 348000000.0,
        "Other Special Charges": 9000000.0,
        "Write Off": 0.0,
        "Restructuring And Mergern Acquisition": 19000000.0,
        "Earnings From Equity Interest": 62000000.0,
        "Net Non Operating Interest Income Expense": -202000000.0,
        "Interest Expense Non Operating": 202000000.0,
        "Operating Income": 707000000.0,
        "Operating Expense": 3538000000.0,
        "Other Operating Expenses": 1111000000.0,
        "Depreciation Amortization Depletion Income Statement": 209000000.0,
        "Depreciation And Amortization In Income Statement": 209000000.0,
        "Selling General And Administration": 2218000000.0,
        "General And Administrative Expense": 2218000000.0,
        "Salaries And Wages": 2218000000.0,
        "Gross Profit": 4245000000.0,
        "Cost Of Revenue": 881000000.0,
        "Total Revenue": 5126000000.0,
        "Operating Revenue": 5126000000.0
    },
    "2024-12-31": {
        "Tax Effect Of Unusual Items": -4308396.946565,
        "Tax Rate For Calcs": 0.126718,
        "Normalized EBITDA": 1085000000.0,
        "Total Unusual Items": -34000000.0,
        "Total Unusual Items Excluding Goodwill": -34000000.0,
        "Net Income From Continuing Operation Net Minority Interest": 318000000.0,
        "Reconciled Depreciation": 193000000.0,
        "Reconciled Cost Of Revenue": 930000000.0,
        "EBITDA": 1051000000.0,
        "EBIT": 858000000.0,
        "Net Interest Income": -203000000.0,
        "Interest Expense": 203000000.0,
        "Normalized Income": 347691603.053435,
        "Net Income From Continuing And Discontinued Operation": 318000000.0,
        "Total Expenses": 4295000000.0,
        "Total Operating Income As Reported": 821000000.0,
        "Diluted Average Shares": 95882000.0,
        "Basic Average Shares": 95102000.0,
        "Diluted EPS": 3.32,
        "Basic EPS": 3.34,
        "Diluted NI Availto Com Stockholders": 317000000.0,
        "Average Dilution Earnings": -1000000.0,
        "Net Income Common Stockholders": 318000000.0,
        "Net Income": 318000000.0,
        "Minority Interests": -254000000.0,
        "Net Income Including Noncontrolling Interests": 572000000.0,
        "Net Income Continuous Operations": 572000000.0,
        "Tax Provision": 83000000.0,
        "Pretax Income": 655000000.0,
        "Other Income Expense": 81000000.0,
        "Other Non Operating Income Expenses": 37000000.0,
        "Special Income Charges": -34000000.0,
        "Gain On Sale Of Business": 10000000.0,
        "Other Special Charges": 29000000.0,
        "Write Off": NaN,
        "Restructuring And Mergern Acquisition": 10000000.0,
        "Earnings From Equity Interest": 78000000.0,
        "Net Non Operating Interest Income Expense": -203000000.0,
        "Interest Expense Non Operating": 203000000.0,
        "Operating Income": 777000000.0,
        "Operating Expense": 3365000000.0,
        "Other Operating Expenses": 1078000000.0,
        "Depreciation Amortization Depletion Income Statement": 193000000.0,
        "Depreciation And Amortization In Income Statement": 193000000.0,
        "Selling General And Administration": 2094000000.0,
        "General And Administrative Expense": 2094000000.0,
        "Salaries And Wages": 2094000000.0,
        "Gross Profit": 4142000000.0,
        "Cost Of Revenue": 930000000.0,
        "Total Revenue": 5072000000.0,
        "Operating Revenue": 5072000000.0
    },
    "2025-03-31": {
        "Tax Effect Of Unusual Items": -2616993.464052,
        "Tax Rate For Calcs": 0.186928,
        "Normalized EBITDA": 1189000000.0,
        "Total Unusual Items": -14000000.0,
        "Total Unusual Items Excluding Goodwill": -14000000.0,
        "Net Income From Continuing Operation Net Minority Interest": 406000000.0,
        "Reconciled Depreciation": 206000000.0,
        "Reconciled Cost Of Revenue": 907000000.0,
        "EBITDA": 1175000000.0,
        "EBIT": 969000000.0,
        "Net Interest Income": -204000000.0,
        "Interest Expense": 204000000.0,
        "Normalized Income": 417383006.535948,
        "Net Income From Continuing And Discontinued Operation": 406000000.0,
        "Total Expenses": 4322000000.0,
        "Total Operating Income As Reported": 943000000.0,
        "Diluted Average Shares": 95019000.0,
        "Basic Average Shares": 94242000.0,
        "Diluted EPS": 4.27,
        "Basic EPS": 4.31,
        "Diluted NI Availto Com Stockholders": 406000000.0,
        "Average Dilution Earnings": 0.0,
        "Net Income Common Stockholders": 406000000.0,
        "Net Income": 406000000.0,
        "Minority Interests": -216000000.0,
        "Net Income Including Noncontrolling Interests": 622000000.0,
        "Net Income Continuous Operations": 622000000.0,
        "Tax Provision": 143000000.0,
        "Pretax Income": 765000000.0,
        "Other Income Expense": 68000000.0,
        "Other Non Operating Income Expenses": 26000000.0,
        "Special Income Charges": -14000000.0,
        "Gain On Sale Of Business": 22000000.0,
        "Other Special Charges": 17000000.0,
        "Write Off": NaN,
        "Restructuring And Mergern Acquisition": 19000000.0,
        "Earnings From Equity Interest": 56000000.0,
        "Net Non Operating Interest Income Expense": -204000000.0,
        "Interest Expense Non Operating": 204000000.0,
        "Operating Income": 901000000.0,
        "Operating Expense": 3415000000.0,
        "Other Operating Expenses": 1090000000.0,
        "Depreciation Amortization Depletion Income Statement": 206000000.0,
        "Depreciation And Amortization In Income Statement": 206000000.0,
        "Selling General And Administration": 2119000000.0,
        "General And Administrative Expense": 2119000000.0,
        "Salaries And Wages": 2119000000.0,
        "Gross Profit": 4316000000.0,
        "Cost Of Revenue": 907000000.0,
        "Total Revenue": 5223000000.0,
        "Operating Revenue": 5223000000.0
    },
    "2025-06-30": {
        "Tax Effect Of Unusual Items": -16822429.906542,
        "Tax Rate For Calcs": 0.186916,
        "Normalized EBITDA": 1146000000.0,
        "Total Unusual Items": -90000000.0,
        "Total Unusual Items Excluding Goodwill": -90000000.0,
        "Net Income From Continuing Operation Net Minority Interest": 288000000.0,
        "Reconciled Depreciation": 208000000.0,
        "Reconciled Cost Of Revenue": 932000000.0,
        "EBITDA": 1056000000.0,
        "EBIT": 848000000.0,
        "Net Interest Income": -206000000.0,
        "Interest Expense": 206000000.0,
        "Normalized Income": 361177570.093458,
        "Net Income From Continuing And Discontinued Operation": 288000000.0,
        "Total Expenses": 4419000000.0,
        "Total Operating Income As Reported": 823000000.0,
        "Diluted Average Shares": 91791000.0,
        "Basic Average Shares": 91135000.0,
        "Diluted EPS": 3.14,
        "Basic EPS": 3.16,
        "Diluted NI Availto Com Stockholders": 288000000.0,
        "Average Dilution Earnings": 0.0,
        "Net Income Common Stockholders": 288000000.0,
        "Net Income": 288000000.0,
        "Minority Interests": -234000000.0,
        "Net Income Including Noncontrolling Interests": 522000000.0,
        "Net Income Continuous Operations": 522000000.0,
        "Tax Provision": 120000000.0,
        "Pretax Income": 642000000.0,
        "Other Income Expense": -4000000.0,
        "Other Non Operating Income Expenses": 25000000.0,
        "Special Income Charges": -90000000.0,
        "Gain On Sale Of Business": -38000000.0,
        "Other Special Charges": 28000000.0,
        "Write Off": 3000000.0,
        "Restructuring And Mergern Acquisition": 21000000.0,
        "Earnings From Equity Interest": 61000000.0,
        "Net Non Operating Interest Income Expense": -206000000.0,
        "Interest Expense Non Operating": 206000000.0,
        "Operating Income": 852000000.0,
        "Operating Expense": 3487000000.0,
        "Other Operating Expenses": 1119000000.0,
        "Depreciation Amortization Depletion Income Statement": 208000000.0,
        "Depreciation And Amortization In Income Statement": 208000000.0,
        "Selling General And Administration": 2160000000.0,
        "General And Administrative Expense": 2160000000.0,
        "Salaries And Wages": 2160000000.0,
        "Gross Profit": 4339000000.0,
        "Cost Of Revenue": 932000000.0,
        "Total Revenue": 5271000000.0,
        "Operating Revenue": 5271000000.0
    },
    "2025-09-30": {
        "Tax Effect Of Unusual Items": 1494382.022472,
        "Tax Rate For Calcs": 0.186798,
        "Normalized EBITDA": 1128000000.0,
        "Total Unusual Items": 8000000.0,
        "Total Unusual Items Excluding Goodwill": 8000000.0,
        "Net Income From Continuing Operation Net Minority Interest": 342000000.0,
        "Reconciled Depreciation": 218000000.0,
        "Reconciled Cost Of Revenue": 931000000.0,
        "EBITDA": 1136000000.0,
        "EBIT": 918000000.0,
        "Net Interest Income": -206000000.0,
        "Interest Expense": 206000000.0,
        "Normalized Income": 335494382.022472,
        "Net Income From Continuing And Discontinued Operation": 342000000.0,
        "Total Expenses": 4472000000.0,
        "Total Operating Income As Reported": 889000000.0,
        "Diluted Average Shares": 88610000.0,
        "Basic Average Shares": 87951000.0,
        "Diluted EPS": 3.86,
        "Basic EPS": 3.89,
        "Diluted NI Availto Com Stockholders": 342000000.0,
        "Average Dilution Earnings": 0.0,
        "Net Income Common Stockholders": 342000000.0,
        "Net Income": 342000000.0,
        "Minority Interests": -237000000.0,
        "Net Income Including Noncontrolling Interests": 579000000.0,
        "Net Income Continuous Operations": 579000000.0,
        "Tax Provision": 133000000.0,
        "Pretax Income": 712000000.0,
        "Other Income Expense": 101000000.0,
        "Other Non Operating Income Expenses": 29000000.0,
        "Special Income Charges": 8000000.0,
        "Gain On Sale Of Business": 20000000.0,
        "Other Special Charges": -11000000.0,
        "Write Off": 10000000.0,
        "Restructuring And Mergern Acquisition": 13000000.0,
        "Earnings From Equity Interest": 64000000.0,
        "Net Non Operating Interest Income Expense": -206000000.0,
        "Interest Expense Non Operating": 206000000.0,
        "Operating Income": 817000000.0,
        "Operating Expense": 3541000000.0,
        "Other Operating Expenses": 1119000000.0,
        "Depreciation Amortization Depletion Income Statement": 218000000.0,
        "Depreciation And Amortization In Income Statement": 218000000.0,
        "Selling General And Administration": 2204000000.0,
        "General And Administrative Expense": 2204000000.0,
        "Salaries And Wages": 2204000000.0,
        "Gross Profit": 4358000000.0,
        "Cost Of Revenue": 931000000.0,
        "Total Revenue": 5289000000.0,
        "Operating Revenue": 5289000000.0
    }
}