{
    "2023-03-31": {
        "Tax Effect Of Unusual Items": NaN,
        "Tax Rate For Calcs": NaN,
        "Normalized EBITDA": NaN,
        "Total Unusual Items": NaN,
        "Total Unusual Items Excluding Goodwill": NaN,
        "Net Income From Continuing Operation Net Minority Interest": NaN,
        "Reconciled Depreciation": NaN,
        "Reconciled Cost Of Revenue": NaN,
        "EBITDA": NaN,
        "EBIT": NaN,
        "Net Interest Income": NaN,
        "Interest Expense": NaN,
        "Interest Income": NaN,
        "Normalized Income": NaN,
        "Net Income From Continuing And Discontinued Operation": NaN,
        "Total Expenses": NaN,
        "Rent Expense Supplemental": NaN,
        "Total Operating Income As Reported": NaN,
        "Diluted Average Shares": NaN,
        "Basic Average Shares": NaN,
        "Diluted EPS": NaN,
        "Basic EPS": NaN,
        "Diluted NI Availto Com Stockholders": NaN,
        "Net Income Common Stockholders": NaN,
        "Net Income": NaN,
        "Minority Interests": NaN,
        "Net Income Including Noncontrolling Interests": NaN,
        "Net Income Discontinuous Operations": NaN,
        "Net Income Continuous Operations": NaN,
        "Tax Provision": NaN,
        "Pretax Income": NaN,
        "Other Income Expense": NaN,
        "Other Non Operating Income Expenses": -14272000.0,
        "Special Income Charges": NaN,
        "Gain On Sale Of Ppe": NaN,
        "Other Special Charges": NaN,
        "Impairment Of Capital Assets": NaN,
        "Restructuring And Mergern Acquisition": NaN,
        "Gain On Sale Of Security": NaN,
        "Net Non Operating Interest Income Expense": NaN,
        "Interest Expense Non Operating": NaN,
        "Interest Income Non Operating": NaN,
        "Operating Income": NaN,
        "Operating Expense": NaN,
        "Other Operating Expenses": NaN,
        "Depreciation Amortization Depletion Income Statement": NaN,
        "Depreciation And Amortization In Income Statement": NaN,
        "Selling General And Administration": NaN,
        "Selling And Marketing Expense": NaN,
        "General And Administrative Expense": NaN,
        "Other Gand A": NaN,
        "Rent And Landing Fees": NaN,
        "Gross Profit": NaN,
        "Cost Of Revenue": NaN,
        "Total Revenue": NaN,
        "Operating Revenue": NaN
    },
    "2022-12-31": {
        "Tax Effect Of Unusual Items": NaN,
        "Tax Rate For Calcs": NaN,
        "Normalized EBITDA": NaN,
        "Total Unusual Items": NaN,
        "Total Unusual Items Excluding Goodwill": NaN,
        "Net Income From Continuing Operation Net Minority Interest": NaN,
        "Reconciled Depreciation": NaN,
        "Reconciled Cost Of Revenue": NaN,
        "EBITDA": NaN,
        "EBIT": NaN,
        "Net Interest Income": NaN,
        "Interest Expense": NaN,
        "Interest Income": NaN,
        "Normalized Income": NaN,
        "Net Income From Continuing And Discontinued Operation": NaN,
        "Total Expenses": NaN,
        "Rent Expense Supplemental": NaN,
        "Total Operating Income As Reported": NaN,
        "Diluted Average Shares": NaN,
        "Basic Average Shares": NaN,
        "Diluted EPS": NaN,
        "Basic EPS": NaN,
        "Diluted NI Availto Com Stockholders": NaN,
        "Net Income Common Stockholders": NaN,
        "Net Income": NaN,
        "Minority Interests": NaN,
        "Net Income Including Noncontrolling Interests": NaN,
        "Net Income Discontinuous Operations": NaN,
        "Net Income Continuous Operations": NaN,
        "Tax Provision": NaN,
        "Pretax Income": NaN,
        "Other Income Expense": NaN,
        "Other Non Operating Income Expenses": -2867000.0,
        "Special Income Charges": NaN,
        "Gain On Sale Of Ppe": NaN,
        "Other Special Charges": NaN,
        "Impairment Of Capital Assets": NaN,
        "Restructuring And Mergern Acquisition": NaN,
        "Gain On Sale Of Security": NaN,
        "Net Non Operating Interest Income Expense": NaN,
        "Interest Expense Non Operating": NaN,
        "Interest Income Non Operating": NaN,
        "Operating Income": NaN,
        "Operating Expense": NaN,
        "Other Operating Expenses": NaN,
        "Depreciation Amortization Depletion Income Statement": NaN,
        "Depreciation And Amortization In Income Statement": NaN,
        "Selling General And Administration": NaN,
        "Selling And Marketing Expense": NaN,
        "General And Administrative Expense": NaN,
        "Other Gand A": NaN,
        "Rent And Landing Fees": NaN,
        "Gross Profit": NaN,
        "Cost Of Revenue": NaN,
        "Total Revenue": NaN,
        "Operating Revenue": NaN
    },
    "2022-09-30": {
        "Tax Effect Of Unusual Items": NaN,
        "Tax Rate For Calcs": NaN,
        "Normalized EBITDA": NaN,
        "Total Unusual Items": NaN,
        "Total Unusual Items Excluding Goodwill": NaN,
        "Net Income From Continuing Operation Net Minority Interest": NaN,
        "Reconciled Depreciation": NaN,
        "Reconciled Cost Of Revenue": NaN,
        "EBITDA": NaN,
        "EBIT": NaN,
        "Net Interest Income": NaN,
        "Interest Expense": NaN,
        "Interest Income": NaN,
        "Normalized Income": NaN,
        "Net Income From Continuing And Discontinued Operation": NaN,
        "Total Expenses": NaN,
        "Rent Expense Supplemental": NaN,
        "Total Operating Income As Reported": NaN,
        "Diluted Average Shares": 124603205.0,
        "Basic Average Shares": 124603205.0,
        "Diluted EPS": -1.56,
        "Basic EPS": -1.56,
        "Diluted NI Availto Com Stockholders": NaN,
        "Net Income Common Stockholders": NaN,
        "Net Income": NaN,
        "Minority Interests": NaN,
        "Net Income Including Noncontrolling Interests": NaN,
        "Net Income Continuous Operations": NaN,
        "Tax Provision": NaN,
        "Pretax Income": NaN,
        "Other Income Expense": NaN,
        "Other Non Operating Income Expenses": 19452000.0,
        "Special Income Charges": NaN,
        "Gain On Sale Of Ppe": NaN,
        "Impairment Of Capital Assets": NaN,
        "Restructuring And Mergern Acquisition": 0.0,
        "Gain On Sale Of Security": NaN,
        "Net Non Operating Interest Income Expense": NaN,
        "Interest Expense Non Operating": NaN,
        "Interest Income Non Operating": NaN,
        "Operating Income": NaN,
        "Operating Expense": NaN,
        "Other Operating Expenses": NaN,
        "Depreciation Amortization Depletion Income Statement": NaN,
        "Depreciation And Amortization In Income Statement": NaN,
        "Selling General And Administration": NaN,
        "Selling And Marketing Expense": NaN,
        "General And Administrative Expense": NaN,
        "Other Gand A": NaN,
        "Rent And Landing Fees": NaN,
        "Gross Profit": NaN,
        "Cost Of Revenue": NaN,
        "Total Revenue": NaN,
        "Operating Revenue": NaN
    },
    "2022-06-30": {
        "Tax Effect Of Unusual Items": 0.0,
        "Tax Rate For Calcs": 0.0,
        "Normalized EBITDA": -167145290.0,
        "Total Unusual Items": -5072052.0,
        "Total Unusual Items Excluding Goodwill": -5072052.0,
        "Net Income From Continuing Operation Net Minority Interest": -173780680.0,
        "Reconciled Depreciation": NaN,
        "Reconciled Cost Of Revenue": 199936113.0,
        "EBITDA": -172217342.0,
        "EBIT": -172217342.0,
        "Net Interest Income": -3250006.0,
        "Interest Expense": 3397885.0,
        "Interest Income": 147879.0,
        "Normalized Income": -168708628.0,
        "Net Income From Continuing And Discontinued Operation": -173780680.0,
        "Total Expenses": 338105172.0,
        "Rent Expense Supplemental": 48736898.0,
        "Total Operating Income As Reported": -164435034.0,
        "Diluted Average Shares": 134631537.0,
        "Basic Average Shares": 134631537.0,
        "Diluted EPS": -1.29079,
        "Basic EPS": -1.29079,
        "Diluted NI Availto Com Stockholders": -173780680.0,
        "Net Income Common Stockholders": -173780680.0,
        "Net Income": -173780680.0,
        "Minority Interests": 1834547.0,
        "Net Income Including Noncontrolling Interests": -175615227.0,
        "Net Income Continuous Operations": -175615227.0,
        "Tax Provision": 0.0,
        "Pretax Income": -175615227.0,
        "Other Income Expense": -13466941.0,
        "Other Non Operating Income Expenses": -8394889.0,
        "Special Income Charges": -5536754.0,
        "Gain On Sale Of Ppe": -1956631.0,
        "Impairment Of Capital Assets": 3580123.0,
        "Gain On Sale Of Security": 464702.0,
        "Net Non Operating Interest Income Expense": -3250006.0,
        "Interest Expense Non Operating": 3397885.0,
        "Interest Income Non Operating": 147879.0,
        "Operating Income": -158898280.0,
        "Operating Expense": 138169059.0,
        "Other Operating Expenses": 55994137.0,
        "Depreciation Amortization Depletion Income Statement": NaN,
        "Depreciation And Amortization In Income Statement": NaN,
        "Selling General And Administration": 82174922.0,
        "Selling And Marketing Expense": 19163087.0,
        "General And Administrative Expense": 63011835.0,
        "Other Gand A": 63011835.0,
        "Rent And Landing Fees": 48736898.0,
        "Gross Profit": -20729221.0,
        "Cost Of Revenue": 199936113.0,
        "Total Revenue": 179206892.0,
        "Operating Revenue": 164533517.0
    },
    "2022-03-31": {
        "Diluted EPS": 0.07,
        "Total Revenue": NaN,
        "Gross Profit": NaN,
        "Operating Income": -1,
        "EBIT": -1,
        "Net Income": 3
    },
    "2021-12-31": {
        "Diluted EPS": -0.02,
        "Total Revenue": NaN,
        "Gross Profit": NaN,
        "Operating Income": -2,
        "EBIT": -2,
        "Net Income": 0
    },
    "2021-09-30": {
        "Diluted EPS": 0.06,
        "Total Revenue": NaN,
        "Gross Profit": NaN,
        "Operating Income": -2,
        "EBIT": -2,
        "Net Income": 3
    },
    "2021-06-30": {
        "Diluted EPS": -0.26,
        "Total Revenue": NaN,
        "Gross Profit": NaN,
        "Operating Income": -2,
        "EBIT": -2,
        "Net Income": -11
    },
    "2021-03-31": {
        "Diluted EPS": 0.19,
        "Total Revenue": NaN,
        "Gross Profit": NaN,
        "Operating Income": -1,
        "EBIT": -1,
        "Net Income": 7
    },
    "2020-12-31": {
        "Diluted EPS": 0.0,
        "Total Revenue": NaN,
        "Gross Profit": NaN,
        "Operating Income": NaN,
        "EBIT": NaN,
        "Net Income": NaN
    },
    "2023-06-30": {
        "Tax Effect Of Unusual Items": NaN,
        "Tax Rate For Calcs": NaN,
        "Normalized EBITDA": NaN,
        "Total Unusual Items": NaN,
        "Total Unusual Items Excluding Goodwill": NaN,
        "Net Income From Continuing Operation Net Minority Interest": NaN,
        "Reconciled Depreciation": NaN,
        "Reconciled Cost Of Revenue": NaN,
        "EBITDA": NaN,
        "EBIT": NaN,
        "Net Interest Income": NaN,
        "Interest Expense": NaN,
        "Interest Income": NaN,
        "Normalized Income": NaN,
        "Net Income From Continuing And Discontinued Operation": NaN,
        "Total Expenses": NaN,
        "Rent Expense Supplemental": NaN,
        "Total Operating Income As Reported": NaN,
        "Diluted Average Shares": 152453333.0,
        "Basic Average Shares": 152453333.0,
        "Diluted EPS": -1.5,
        "Basic EPS": -1.5,
        "Diluted NI Availto Com Stockholders": NaN,
        "Net Income Common Stockholders": NaN,
        "Net Income": NaN,
        "Minority Interests": NaN,
        "Net Income Including Noncontrolling Interests": NaN,
        "Net Income Discontinuous Operations": -7398000.0,
        "Net Income Continuous Operations": NaN,
        "Tax Provision": NaN,
        "Pretax Income": NaN,
        "Other Income Expense": NaN,
        "Other Non Operating Income Expenses": -7054000.0,
        "Special Income Charges": NaN,
        "Gain On Sale Of Ppe": NaN,
        "Other Special Charges": NaN,
        "Impairment Of Capital Assets": NaN,
        "Restructuring And Mergern Acquisition": NaN,
        "Gain On Sale Of Security": NaN,
        "Net Non Operating Interest Income Expense": NaN,
        "Interest Expense Non Operating": NaN,
        "Interest Income Non Operating": NaN,
        "Operating Income": NaN,
        "Operating Expense": NaN,
        "Other Operating Expenses": NaN,
        "Depreciation Amortization Depletion Income Statement": NaN,
        "Depreciation And Amortization In Income Statement": NaN,
        "Selling General And Administration": NaN,
        "Selling And Marketing Expense": NaN,
        "General And Administrative Expense": NaN,
        "Other Gand A": NaN,
        "Rent And Landing Fees": 75308000.0,
        "Gross Profit": NaN,
        "Cost Of Revenue": NaN,
        "Total Revenue": NaN,
        "Operating Revenue": NaN
    },
    "2023-09-30": {
        "Tax Effect Of Unusual Items": NaN,
        "Tax Rate For Calcs": NaN,
        "Normalized EBITDA": NaN,
        "Total Unusual Items": NaN,
        "Total Unusual Items Excluding Goodwill": NaN,
        "Net Income From Continuing Operation Net Minority Interest": NaN,
        "Reconciled Depreciation": NaN,
        "Reconciled Cost Of Revenue": NaN,
        "EBITDA": NaN,
        "EBIT": NaN,
        "Net Interest Income": NaN,
        "Interest Expense": NaN,
        "Interest Income": NaN,
        "Normalized Income": NaN,
        "Net Income From Continuing And Discontinued Operation": NaN,
        "Total Expenses": NaN,
        "Rent Expense Supplemental": NaN,
        "Total Operating Income As Reported": NaN,
        "Diluted Average Shares": NaN,
        "Basic Average Shares": NaN,
        "Diluted EPS": NaN,
        "Basic EPS": NaN,
        "Diluted NI Availto Com Stockholders": NaN,
        "Net Income Common Stockholders": NaN,
        "Net Income": NaN,
        "Minority Interests": NaN,
        "Net Income Including Noncontrolling Interests": NaN,
        "Net Income Discontinuous Operations": NaN,
        "Net Income Continuous Operations": NaN,
        "Tax Provision": NaN,
        "Pretax Income": NaN,
        "Other Income Expense": NaN,
        "Other Non Operating Income Expenses": -10046000.0,
        "Special Income Charges": NaN,
        "Gain On Sale Of Ppe": NaN,
        "Other Special Charges": NaN,
        "Impairment Of Capital Assets": NaN,
        "Restructuring And Mergern Acquisition": NaN,
        "Gain On Sale Of Security": NaN,
        "Net Non Operating Interest Income Expense": NaN,
        "Interest Expense Non Operating": NaN,
        "Interest Income Non Operating": NaN,
        "Operating Income": NaN,
        "Operating Expense": NaN,
        "Other Operating Expenses": NaN,
        "Depreciation Amortization Depletion Income Statement": NaN,
        "Depreciation And Amortization In Income Statement": NaN,
        "Selling General And Administration": NaN,
        "Selling And Marketing Expense": NaN,
        "General And Administrative Expense": NaN,
        "Other Gand A": NaN,
        "Rent And Landing Fees": 77388000.0,
        "Gross Profit": NaN,
        "Cost Of Revenue": NaN,
        "Total Revenue": NaN,
        "Operating Revenue": NaN
    },
    "2023-12-31": {
        "Tax Effect Of Unusual Items": NaN,
        "Tax Rate For Calcs": NaN,
        "Normalized EBITDA": NaN,
        "Total Unusual Items": NaN,
        "Total Unusual Items Excluding Goodwill": NaN,
        "Net Income From Continuing Operation Net Minority Interest": NaN,
        "Reconciled Depreciation": NaN,
        "Reconciled Cost Of Revenue": NaN,
        "EBITDA": NaN,
        "EBIT": NaN,
        "Net Interest Income": NaN,
        "Interest Expense": NaN,
        "Interest Income": NaN,
        "Normalized Income": NaN,
        "Net Income From Continuing And Discontinued Operation": NaN,
        "Total Expenses": NaN,
        "Rent Expense Supplemental": NaN,
        "Total Operating Income As Reported": NaN,
        "Diluted Average Shares": NaN,
        "Basic Average Shares": NaN,
        "Diluted EPS": NaN,
        "Basic EPS": NaN,
        "Diluted NI Availto Com Stockholders": NaN,
        "Net Income Common Stockholders": NaN,
        "Net Income": NaN,
        "Minority Interests": NaN,
        "Net Income Including Noncontrolling Interests": NaN,
        "Net Income Discontinuous Operations": NaN,
        "Net Income Continuous Operations": NaN,
        "Tax Provision": NaN,
        "Pretax Income": NaN,
        "Other Income Expense": NaN,
        "Other Non Operating Income Expenses": NaN,
        "Special Income Charges": NaN,
        "Gain On Sale Of Ppe": NaN,
        "Other Special Charges": NaN,
        "Impairment Of Capital Assets": NaN,
        "Restructuring And Mergern Acquisition": NaN,
        "Gain On Sale Of Security": NaN,
        "Net Non Operating Interest Income Expense": NaN,
        "Interest Expense Non Operating": NaN,
        "Interest Income Non Operating": NaN,
        "Operating Income": NaN,
        "Operating Expense": NaN,
        "Other Operating Expenses": NaN,
        "Depreciation Amortization Depletion Income Statement": NaN,
        "Depreciation And Amortization In Income Statement": NaN,
        "Selling General And Administration": NaN,
        "Selling And Marketing Expense": NaN,
        "General And Administrative Expense": NaN,
        "Other Gand A": NaN,
        "Rent And Landing Fees": 71651362.0,
        "Gross Profit": NaN,
        "Cost Of Revenue": NaN,
        "Total Revenue": NaN,
        "Operating Revenue": NaN
    },
    "2024-03-31": {
        "Tax Effect Of Unusual Items": NaN,
        "Tax Rate For Calcs": NaN,
        "Normalized EBITDA": NaN,
        "Total Unusual Items": NaN,
        "Total Unusual Items Excluding Goodwill": NaN,
        "Net Income From Continuing Operation Net Minority Interest": NaN,
        "Reconciled Depreciation": NaN,
        "Reconciled Cost Of Revenue": NaN,
        "EBITDA": NaN,
        "EBIT": NaN,
        "Net Interest Income": NaN,
        "Interest Expense": NaN,
        "Interest Income": NaN,
        "Normalized Income": NaN,
        "Net Income From Continuing And Discontinued Operation": NaN,
        "Total Expenses": NaN,
        "Rent Expense Supplemental": NaN,
        "Total Operating Income As Reported": NaN,
        "Diluted Average Shares": NaN,
        "Basic Average Shares": NaN,
        "Diluted EPS": NaN,
        "Basic EPS": NaN,
        "Diluted NI Availto Com Stockholders": NaN,
        "Net Income Common Stockholders": NaN,
        "Net Income": NaN,
        "Minority Interests": NaN,
        "Net Income Including Noncontrolling Interests": NaN,
        "Net Income Discontinuous Operations": NaN,
        "Net Income Continuous Operations": NaN,
        "Tax Provision": NaN,
        "Pretax Income": NaN,
        "Other Income Expense": NaN,
        "Other Non Operating Income Expenses": NaN,
        "Special Income Charges": NaN,
        "Gain On Sale Of Ppe": NaN,
        "Other Special Charges": NaN,
        "Impairment Of Capital Assets": NaN,
        "Restructuring And Mergern Acquisition": NaN,
        "Gain On Sale Of Security": NaN,
        "Net Non Operating Interest Income Expense": NaN,
        "Interest Expense Non Operating": NaN,
        "Interest Income Non Operating": NaN,
        "Operating Income": NaN,
        "Operating Expense": NaN,
        "Other Operating Expenses": NaN,
        "Depreciation Amortization Depletion Income Statement": NaN,
        "Depreciation And Amortization In Income Statement": NaN,
        "Selling General And Administration": NaN,
        "Selling And Marketing Expense": NaN,
        "General And Administrative Expense": NaN,
        "Other Gand A": NaN,
        "Rent And Landing Fees": 68586000.0,
        "Gross Profit": NaN,
        "Cost Of Revenue": NaN,
        "Total Revenue": NaN,
        "Operating Revenue": NaN
    },
    "2024-06-30": {
        "Tax Effect Of Unusual Items": NaN,
        "Tax Rate For Calcs": NaN,
        "Normalized EBITDA": NaN,
        "Total Unusual Items": NaN,
        "Total Unusual Items Excluding Goodwill": NaN,
        "Net Income From Continuing Operation Net Minority Interest": NaN,
        "Reconciled Depreciation": NaN,
        "Reconciled Cost Of Revenue": NaN,
        "EBITDA": NaN,
        "EBIT": NaN,
        "Net Interest Income": NaN,
        "Interest Expense": NaN,
        "Interest Income": NaN,
        "Normalized Income": NaN,
        "Net Income From Continuing And Discontinued Operation": NaN,
        "Total Expenses": NaN,
        "Rent Expense Supplemental": NaN,
        "Total Operating Income As Reported": NaN,
        "Diluted Average Shares": NaN,
        "Basic Average Shares": NaN,
        "Diluted EPS": NaN,
        "Basic EPS": NaN,
        "Diluted NI Availto Com Stockholders": NaN,
        "Net Income Common Stockholders": NaN,
        "Net Income": NaN,
        "Minority Interests": NaN,
        "Net Income Including Noncontrolling Interests": NaN,
        "Net Income Discontinuous Operations": NaN,
        "Net Income Continuous Operations": NaN,
        "Tax Provision": NaN,
        "Pretax Income": NaN,
        "Other Income Expense": NaN,
        "Other Non Operating Income Expenses": NaN,
        "Special Income Charges": NaN,
        "Gain On Sale Of Ppe": NaN,
        "Other Special Charges": 10657000.0,
        "Impairment Of Capital Assets": NaN,
        "Restructuring And Mergern Acquisition": NaN,
        "Gain On Sale Of Security": NaN,
        "Net Non Operating Interest Income Expense": NaN,
        "Interest Expense Non Operating": NaN,
        "Interest Income Non Operating": NaN,
        "Operating Income": NaN,
        "Operating Expense": NaN,
        "Other Operating Expenses": NaN,
        "Depreciation Amortization Depletion Income Statement": NaN,
        "Depreciation And Amortization In Income Statement": NaN,
        "Selling General And Administration": NaN,
        "Selling And Marketing Expense": NaN,
        "General And Administrative Expense": NaN,
        "Other Gand A": NaN,
        "Rent And Landing Fees": 62164000.0,
        "Gross Profit": NaN,
        "Cost Of Revenue": NaN,
        "Total Revenue": NaN,
        "Operating Revenue": NaN
    },
    "2024-09-30": {
        "Tax Effect Of Unusual Items": -11160250.0,
        "Tax Rate For Calcs": 0.25,
        "Normalized EBITDA": -8464000.0,
        "Total Unusual Items": -44641000.0,
        "Total Unusual Items Excluding Goodwill": -44641000.0,
        "Net Income From Continuing Operation Net Minority Interest": -88851000.0,
        "Reconciled Depreciation": 29792000.0,
        "Reconciled Cost Of Revenue": 287104000.0,
        "EBITDA": -53105000.0,
        "EBIT": -82897000.0,
        "Net Interest Income": -3098000.0,
        "Interest Expense": 4078000.0,
        "Interest Income": 980000.0,
        "Normalized Income": -55370250.0,
        "Net Income From Continuing And Discontinued Operation": -88851000.0,
        "Total Expenses": 398790000.0,
        "Rent Expense Supplemental": 57799000.0,
        "Total Operating Income As Reported": -55919000.0,
        "Diluted Average Shares": 32309455.0,
        "Basic Average Shares": 32309455.0,
        "Diluted EPS": -2.75,
        "Basic EPS": -2.75,
        "Diluted NI Availto Com Stockholders": -88851000.0,
        "Net Income Common Stockholders": -88851000.0,
        "Net Income": -88851000.0,
        "Minority Interests": -1466000.0,
        "Net Income Including Noncontrolling Interests": -87385000.0,
        "Net Income Discontinuous Operations": 0.0,
        "Net Income Continuous Operations": -87385000.0,
        "Tax Provision": 410000.0,
        "Pretax Income": -86975000.0,
        "Other Income Expense": -44641000.0,
        "Other Non Operating Income Expenses": -27921000.0,
        "Special Income Charges": -16683000.0,
        "Gain On Sale Of Ppe": -1098000.0,
        "Other Special Charges": NaN,
        "Impairment Of Capital Assets": 15585000.0,
        "Restructuring And Mergern Acquisition": 0.0,
        "Gain On Sale Of Security": -27958000.0,
        "Net Non Operating Interest Income Expense": -3098000.0,
        "Interest Expense Non Operating": 4078000.0,
        "Interest Income Non Operating": 980000.0,
        "Operating Income": -39236000.0,
        "Operating Expense": 111686000.0,
        "Other Operating Expenses": 23646000.0,
        "Depreciation Amortization Depletion Income Statement": 29792000.0,
        "Depreciation And Amortization In Income Statement": 29792000.0,
        "Selling General And Administration": 58248000.0,
        "Selling And Marketing Expense": 18496000.0,
        "General And Administrative Expense": 39752000.0,
        "Other Gand A": 39752000.0,
        "Rent And Landing Fees": NaN,
        "Gross Profit": 72450000.0,
        "Cost Of Revenue": 287104000.0,
        "Total Revenue": 359554000.0,
        "Operating Revenue": 299455000.0
    },
    "2024-12-31": {
        "Tax Effect Of Unusual Items": -20784747.75,
        "Tax Rate For Calcs": 0.25,
        "Normalized EBITDA": -15338017.0,
        "Total Unusual Items": -83138991.0,
        "Total Unusual Items Excluding Goodwill": -83138991.0,
        "Net Income From Continuing Operation Net Minority Interest": -138043349.0,
        "Reconciled Depreciation": 36073822.0,
        "Reconciled Cost Of Revenue": 287599448.0,
        "EBITDA": -98477008.0,
        "EBIT": -134550830.0,
        "Net Interest Income": -2724211.0,
        "Interest Expense": 3706159.0,
        "Interest Income": 981948.0,
        "Normalized Income": -75689105.75,
        "Net Income From Continuing And Discontinued Operation": -131558555.0,
        "Total Expenses": 433479598.0,
        "Rent Expense Supplemental": 56854171.0,
        "Total Operating Income As Reported": -117186671.0,
        "Diluted Average Shares": 32494265.0,
        "Basic Average Shares": 32494265.0,
        "Diluted EPS": -4.05,
        "Basic EPS": -4.05,
        "Diluted NI Availto Com Stockholders": -131558555.0,
        "Net Income Common Stockholders": -131558555.0,
        "Net Income": -131558555.0,
        "Minority Interests": 829655.0,
        "Net Income Including Noncontrolling Interests": -132388210.0,
        "Net Income Discontinuous Operations": 6484794.0,
        "Net Income Continuous Operations": -138873004.0,
        "Tax Provision": 616015.0,
        "Pretax Income": -138256989.0,
        "Other Income Expense": -34677991.0,
        "Other Non Operating Income Expenses": NaN,
        "Special Income Charges": -16332293.0,
        "Gain On Sale Of Ppe": -430858.0,
        "Other Special Charges": 161.0,
        "Impairment Of Capital Assets": 15901026.0,
        "Restructuring And Mergern Acquisition": 248.0,
        "Gain On Sale Of Security": -66806698.0,
        "Net Non Operating Interest Income Expense": -2724211.0,
        "Interest Expense Non Operating": 3706159.0,
        "Interest Income Non Operating": 981948.0,
        "Operating Income": -100854787.0,
        "Operating Expense": 145880150.0,
        "Other Operating Expenses": 19722223.0,
        "Depreciation Amortization Depletion Income Statement": 36073822.0,
        "Depreciation And Amortization In Income Statement": 36073822.0,
        "Selling General And Administration": 90084105.0,
        "Selling And Marketing Expense": 13763548.0,
        "General And Administrative Expense": 76320557.0,
        "Other Gand A": 76320557.0,
        "Rent And Landing Fees": NaN,
        "Gross Profit": 45025363.0,
        "Cost Of Revenue": 287599448.0,
        "Total Revenue": 332624811.0,
        "Operating Revenue": 270151854.0
    },
    "2025-03-31": {
        "Tax Effect Of Unusual Items": 0.0,
        "Tax Rate For Calcs": 0.0,
        "Normalized EBITDA": -42494000.0,
        "Total Unusual Items": 15487000.0,
        "Total Unusual Items Excluding Goodwill": 15487000.0,
        "Net Income From Continuing Operation Net Minority Interest": -58021000.0,
        "Reconciled Depreciation": 28358000.0,
        "Reconciled Cost Of Revenue": 256250000.0,
        "EBITDA": -27007000.0,
        "EBIT": -55365000.0,
        "Net Interest Income": -3476000.0,
        "Interest Expense": 3576000.0,
        "Interest Income": 100000.0,
        "Normalized Income": -73508000.0,
        "Net Income From Continuing And Discontinued Operation": -58021000.0,
        "Total Expenses": 371694000.0,
        "Rent Expense Supplemental": 56295000.0,
        "Total Operating Income As Reported": -85303000.0,
        "Diluted Average Shares": 32596067.0,
        "Basic Average Shares": 32596067.0,
        "Diluted EPS": -1.78,
        "Basic EPS": -1.78,
        "Diluted NI Availto Com Stockholders": -58021000.0,
        "Net Income Common Stockholders": -58021000.0,
        "Net Income": -58021000.0,
        "Minority Interests": 920000.0,
        "Net Income Including Noncontrolling Interests": -58941000.0,
        "Net Income Discontinuous Operations": 0.0,
        "Net Income Continuous Operations": -58941000.0,
        "Tax Provision": 0.0,
        "Pretax Income": -58941000.0,
        "Other Income Expense": 15487000.0,
        "Other Non Operating Income Expenses": NaN,
        "Special Income Charges": -14351000.0,
        "Gain On Sale Of Ppe": -2733000.0,
        "Other Special Charges": NaN,
        "Impairment Of Capital Assets": 11618000.0,
        "Restructuring And Mergern Acquisition": 0.0,
        "Gain On Sale Of Security": 29838000.0,
        "Net Non Operating Interest Income Expense": -3476000.0,
        "Interest Expense Non Operating": 3576000.0,
        "Interest Income Non Operating": 100000.0,
        "Operating Income": -70952000.0,
        "Operating Expense": 115444000.0,
        "Other Operating Expenses": 17847000.0,
        "Depreciation Amortization Depletion Income Statement": 28358000.0,
        "Depreciation And Amortization In Income Statement": 28358000.0,
        "Selling General And Administration": 69239000.0,
        "Selling And Marketing Expense": 17429000.0,
        "General And Administrative Expense": 51810000.0,
        "Other Gand A": 51810000.0,
        "Rent And Landing Fees": NaN,
        "Gross Profit": 44492000.0,
        "Cost Of Revenue": 256250000.0,
        "Total Revenue": 300742000.0,
        "Operating Revenue": 254759000.0
    },
    "2025-06-30": {
        "Tax Effect Of Unusual Items": -8386500.0,
        "Tax Rate For Calcs": 0.25,
        "Normalized EBITDA": -10275000.0,
        "Total Unusual Items": -33546000.0,
        "Total Unusual Items Excluding Goodwill": -33546000.0,
        "Net Income From Continuing Operation Net Minority Interest": -75455000.0,
        "Reconciled Depreciation": 26789000.0,
        "Reconciled Cost Of Revenue": 288787000.0,
        "EBITDA": -43821000.0,
        "EBIT": -70610000.0,
        "Net Interest Income": -3848000.0,
        "Interest Expense": 4831000.0,
        "Interest Income": 983000.0,
        "Normalized Income": -50295500.0,
        "Net Income From Continuing And Discontinued Operation": -75455000.0,
        "Total Expenses": 387023000.0,
        "Rent Expense Supplemental": 56824000.0,
        "Total Operating Income As Reported": -47779000.0,
        "Diluted Average Shares": 32523707.0,
        "Basic Average Shares": 32523707.0,
        "Diluted EPS": -2.32,
        "Basic EPS": -2.32,
        "Diluted NI Availto Com Stockholders": -75455000.0,
        "Net Income Common Stockholders": -75455000.0,
        "Net Income": -75455000.0,
        "Minority Interests": 470000.0,
        "Net Income Including Noncontrolling Interests": -75925000.0,
        "Net Income Discontinuous Operations": 0.0,
        "Net Income Continuous Operations": -75925000.0,
        "Tax Provision": 484000.0,
        "Pretax Income": -75441000.0,
        "Other Income Expense": -33546000.0,
        "Other Non Operating Income Expenses": NaN,
        "Special Income Charges": -9732000.0,
        "Gain On Sale Of Ppe": -247000.0,
        "Other Special Charges": NaN,
        "Impairment Of Capital Assets": 9485000.0,
        "Restructuring And Mergern Acquisition": 0.0,
        "Gain On Sale Of Security": -23814000.0,
        "Net Non Operating Interest Income Expense": -3848000.0,
        "Interest Expense Non Operating": 4831000.0,
        "Interest Income Non Operating": 983000.0,
        "Operating Income": -38047000.0,
        "Operating Expense": 98236000.0,
        "Other Operating Expenses": 19843000.0,
        "Depreciation Amortization Depletion Income Statement": 26789000.0,
        "Depreciation And Amortization In Income Statement": 26789000.0,
        "Selling General And Administration": 51604000.0,
        "Selling And Marketing Expense": 13906000.0,
        "General And Administrative Expense": 37698000.0,
        "Other Gand A": 37698000.0,
        "Rent And Landing Fees": NaN,
        "Gross Profit": 60189000.0,
        "Cost Of Revenue": 288787000.0,
        "Total Revenue": 348976000.0,
        "Operating Revenue": 281872000.0
    },
    "2025-09-30": {
        "Tax Effect Of Unusual Items": 0.0,
        "Tax Rate For Calcs": 0.0,
        "Normalized EBITDA": -27025000.0,
        "Total Unusual Items": -15913000.0,
        "Total Unusual Items Excluding Goodwill": -15913000.0,
        "Net Income From Continuing Operation Net Minority Interest": -72894000.0,
        "Reconciled Depreciation": 26570000.0,
        "Reconciled Cost Of Revenue": 295576000.0,
        "EBITDA": -42938000.0,
        "EBIT": -69508000.0,
        "Net Interest Income": -2458000.0,
        "Interest Expense": 4255000.0,
        "Interest Income": 1797000.0,
        "Normalized Income": -56981000.0,
        "Net Income From Continuing And Discontinued Operation": -72894000.0,
        "Total Expenses": 413410000.0,
        "Rent Expense Supplemental": 55133000.0,
        "Total Operating Income As Reported": -65654000.0,
        "Diluted Average Shares": 32541964.0,
        "Basic Average Shares": 32541964.0,
        "Diluted EPS": -2.24,
        "Basic EPS": -2.24,
        "Diluted NI Availto Com Stockholders": -72894000.0,
        "Net Income Common Stockholders": -72894000.0,
        "Net Income": -72894000.0,
        "Minority Interests": 869000.0,
        "Net Income Including Noncontrolling Interests": -73763000.0,
        "Net Income Discontinuous Operations": 0.0,
        "Net Income Continuous Operations": -73763000.0,
        "Tax Provision": 0.0,
        "Pretax Income": -73763000.0,
        "Other Income Expense": -15913000.0,
        "Other Non Operating Income Expenses": NaN,
        "Special Income Charges": -10262000.0,
        "Gain On Sale Of Ppe": -2277000.0,
        "Other Special Charges": NaN,
        "Impairment Of Capital Assets": 7985000.0,
        "Restructuring And Mergern Acquisition": 0.0,
        "Gain On Sale Of Security": -5651000.0,
        "Net Non Operating Interest Income Expense": -2458000.0,
        "Interest Expense Non Operating": 4255000.0,
        "Interest Income Non Operating": 1797000.0,
        "Operating Income": -55392000.0,
        "Operating Expense": 117834000.0,
        "Other Operating Expenses": 23641000.0,
        "Depreciation Amortization Depletion Income Statement": 26570000.0,
        "Depreciation And Amortization In Income Statement": 26570000.0,
        "Selling General And Administration": 67623000.0,
        "Selling And Marketing Expense": 15824000.0,
        "General And Administrative Expense": 51799000.0,
        "Other Gand A": 51799000.0,
        "Rent And Landing Fees": NaN,
        "Gross Profit": 62442000.0,
        "Cost Of Revenue": 295576000.0,
        "Total Revenue": 358018000.0,
        "Operating Revenue": 282884000.0
    }
}