{
    "2023-06-30": {
        "Tax Effect Of Unusual Items": NaN,
        "Tax Rate For Calcs": NaN,
        "Normalized EBITDA": NaN,
        "Total Unusual Items": NaN,
        "Total Unusual Items Excluding Goodwill": NaN,
        "Net Income From Continuing Operation Net Minority Interest": NaN,
        "Reconciled Depreciation": NaN,
        "Reconciled Cost Of Revenue": NaN,
        "EBITDA": NaN,
        "EBIT": NaN,
        "Net Interest Income": NaN,
        "Interest Expense": NaN,
        "Interest Income": NaN,
        "Normalized Income": NaN,
        "Net Income From Continuing And Discontinued Operation": NaN,
        "Total Expenses": NaN,
        "Total Operating Income As Reported": NaN,
        "Diluted Average Shares": 173541000.0,
        "Basic Average Shares": 171287000.0,
        "Diluted EPS": -0.13,
        "Basic EPS": -0.13,
        "Diluted NI Availto Com Stockholders": NaN,
        "Net Income Common Stockholders": NaN,
        "Net Income": NaN,
        "Minority Interests": NaN,
        "Net Income Including Noncontrolling Interests": NaN,
        "Net Income Discontinuous Operations": 0.0,
        "Net Income Continuous Operations": NaN,
        "Tax Provision": NaN,
        "Pretax Income": NaN,
        "Other Income Expense": NaN,
        "Other Non Operating Income Expenses": 1000000.0,
        "Earnings From Equity Interest": NaN,
        "Gain On Sale Of Security": NaN,
        "Net Non Operating Interest Income Expense": NaN,
        "Total Other Finance Cost": NaN,
        "Interest Expense Non Operating": NaN,
        "Interest Income Non Operating": NaN,
        "Operating Income": NaN,
        "Operating Expense": NaN,
        "Other Operating Expenses": NaN,
        "Depreciation Amortization Depletion Income Statement": NaN,
        "Depreciation And Amortization In Income Statement": NaN,
        "Amortization": NaN,
        "Amortization Of Intangibles Income Statement": NaN,
        "Depreciation Income Statement": NaN,
        "Gross Profit": NaN,
        "Cost Of Revenue": NaN,
        "Total Revenue": NaN,
        "Operating Revenue": NaN
    },
    "2023-03-31": {
        "Tax Effect Of Unusual Items": NaN,
        "Tax Rate For Calcs": NaN,
        "Normalized EBITDA": NaN,
        "Total Unusual Items": NaN,
        "Total Unusual Items Excluding Goodwill": NaN,
        "Net Income From Continuing Operation Net Minority Interest": NaN,
        "Reconciled Depreciation": NaN,
        "Reconciled Cost Of Revenue": NaN,
        "EBITDA": NaN,
        "EBIT": NaN,
        "Net Interest Income": NaN,
        "Interest Expense": NaN,
        "Interest Income": NaN,
        "Normalized Income": NaN,
        "Net Income From Continuing And Discontinued Operation": NaN,
        "Total Expenses": NaN,
        "Total Operating Income As Reported": NaN,
        "Diluted Average Shares": NaN,
        "Basic Average Shares": NaN,
        "Diluted EPS": NaN,
        "Basic EPS": NaN,
        "Diluted NI Availto Com Stockholders": NaN,
        "Net Income Common Stockholders": NaN,
        "Net Income": NaN,
        "Minority Interests": NaN,
        "Net Income Including Noncontrolling Interests": NaN,
        "Net Income Discontinuous Operations": 0.0,
        "Net Income Continuous Operations": NaN,
        "Tax Provision": NaN,
        "Pretax Income": NaN,
        "Other Income Expense": NaN,
        "Other Non Operating Income Expenses": 1000000.0,
        "Earnings From Equity Interest": NaN,
        "Gain On Sale Of Security": NaN,
        "Net Non Operating Interest Income Expense": NaN,
        "Total Other Finance Cost": NaN,
        "Interest Expense Non Operating": NaN,
        "Interest Income Non Operating": NaN,
        "Operating Income": NaN,
        "Operating Expense": NaN,
        "Other Operating Expenses": NaN,
        "Depreciation Amortization Depletion Income Statement": NaN,
        "Depreciation And Amortization In Income Statement": NaN,
        "Amortization": NaN,
        "Amortization Of Intangibles Income Statement": NaN,
        "Depreciation Income Statement": NaN,
        "Gross Profit": NaN,
        "Cost Of Revenue": NaN,
        "Total Revenue": NaN,
        "Operating Revenue": NaN
    },
    "2022-12-31": {
        "Tax Effect Of Unusual Items": NaN,
        "Tax Rate For Calcs": NaN,
        "Normalized EBITDA": NaN,
        "Total Unusual Items": NaN,
        "Total Unusual Items Excluding Goodwill": NaN,
        "Net Income From Continuing Operation Net Minority Interest": NaN,
        "Reconciled Depreciation": NaN,
        "Reconciled Cost Of Revenue": NaN,
        "EBITDA": NaN,
        "EBIT": NaN,
        "Net Interest Income": NaN,
        "Interest Expense": NaN,
        "Interest Income": NaN,
        "Normalized Income": NaN,
        "Net Income From Continuing And Discontinued Operation": NaN,
        "Total Expenses": NaN,
        "Total Operating Income As Reported": NaN,
        "Diluted Average Shares": NaN,
        "Basic Average Shares": NaN,
        "Diluted EPS": NaN,
        "Basic EPS": NaN,
        "Diluted NI Availto Com Stockholders": NaN,
        "Net Income Common Stockholders": NaN,
        "Net Income": NaN,
        "Minority Interests": NaN,
        "Net Income Including Noncontrolling Interests": NaN,
        "Net Income Discontinuous Operations": 0.0,
        "Net Income Continuous Operations": NaN,
        "Tax Provision": NaN,
        "Pretax Income": NaN,
        "Other Income Expense": NaN,
        "Other Non Operating Income Expenses": 2000000.0,
        "Earnings From Equity Interest": NaN,
        "Gain On Sale Of Security": NaN,
        "Net Non Operating Interest Income Expense": NaN,
        "Total Other Finance Cost": NaN,
        "Interest Expense Non Operating": NaN,
        "Interest Income Non Operating": NaN,
        "Operating Income": NaN,
        "Operating Expense": NaN,
        "Other Operating Expenses": NaN,
        "Depreciation Amortization Depletion Income Statement": NaN,
        "Depreciation And Amortization In Income Statement": NaN,
        "Amortization": NaN,
        "Amortization Of Intangibles Income Statement": NaN,
        "Depreciation Income Statement": NaN,
        "Gross Profit": NaN,
        "Cost Of Revenue": NaN,
        "Total Revenue": NaN,
        "Operating Revenue": NaN
    },
    "2022-09-30": {
        "Tax Effect Of Unusual Items": -14000000.0,
        "Tax Rate For Calcs": 0.4,
        "Normalized EBITDA": 519000000.0,
        "Total Unusual Items": -35000000.0,
        "Total Unusual Items Excluding Goodwill": -35000000.0,
        "Net Income From Continuing Operation Net Minority Interest": -34000000.0,
        "Reconciled Depreciation": 342000000.0,
        "Reconciled Cost Of Revenue": 369000000.0,
        "EBITDA": 484000000.0,
        "EBIT": 142000000.0,
        "Net Interest Income": -157000000.0,
        "Interest Expense": 138000000.0,
        "Interest Income": 3000000.0,
        "Normalized Income": -13000000.0,
        "Net Income From Continuing And Discontinued Operation": -32000000.0,
        "Total Expenses": 1196000000.0,
        "Total Operating Income As Reported": 196000000.0,
        "Diluted Average Shares": 171207000.0,
        "Basic Average Shares": 170872000.0,
        "Diluted EPS": -0.18,
        "Basic EPS": -0.18,
        "Diluted NI Availto Com Stockholders": -32000000.0,
        "Net Income Common Stockholders": -32000000.0,
        "Net Income": -32000000.0,
        "Minority Interests": 16000000.0,
        "Net Income Including Noncontrolling Interests": -47000000.0,
        "Net Income Discontinuous Operations": 2000000.0,
        "Net Income Continuous Operations": -49000000.0,
        "Tax Provision": 53000000.0,
        "Pretax Income": 4000000.0,
        "Other Income Expense": -30000000.0,
        "Other Non Operating Income Expenses": NaN,
        "Special Income Charges": NaN,
        "Restructuring And Mergern Acquisition": NaN,
        "Earnings From Equity Interest": 5000000.0,
        "Gain On Sale Of Security": -35000000.0,
        "Net Non Operating Interest Income Expense": -157000000.0,
        "Total Other Finance Cost": 22000000.0,
        "Interest Expense Non Operating": 138000000.0,
        "Interest Income Non Operating": 3000000.0,
        "Operating Income": 192000000.0,
        "Operating Expense": 827000000.0,
        "Other Operating Expenses": 485000000.0,
        "Depreciation Amortization Depletion Income Statement": 342000000.0,
        "Depreciation And Amortization In Income Statement": 342000000.0,
        "Amortization": 93000000.0,
        "Amortization Of Intangibles Income Statement": 93000000.0,
        "Depreciation Income Statement": 249000000.0,
        "Gross Profit": 1019000000.0,
        "Cost Of Revenue": 369000000.0,
        "Total Revenue": 1388000000.0,
        "Operating Revenue": 1388000000.0
    },
    "2022-06-30": {
        "Tax Effect Of Unusual Items": -4800000.0,
        "Tax Rate For Calcs": 0.4,
        "Normalized EBITDA": 569000000.0,
        "Total Unusual Items": -12000000.0,
        "Total Unusual Items Excluding Goodwill": -12000000.0,
        "Net Income From Continuing Operation Net Minority Interest": 12000000.0,
        "Reconciled Depreciation": 342000000.0,
        "Reconciled Cost Of Revenue": 395000000.0,
        "EBITDA": 557000000.0,
        "EBIT": 215000000.0,
        "Net Interest Income": -165000000.0,
        "Interest Expense": 144000000.0,
        "Interest Income": 2000000.0,
        "Normalized Income": 19200000.0,
        "Net Income From Continuing And Discontinued Operation": 129000000.0,
        "Total Expenses": 1212000000.0,
        "Total Operating Income As Reported": 247000000.0,
        "Diluted Average Shares": 113956000.0,
        "Basic Average Shares": 113488000.0,
        "Diluted EPS": 1.13,
        "Basic EPS": 1.14,
        "Diluted NI Availto Com Stockholders": 129000000.0,
        "Net Income Common Stockholders": 129000000.0,
        "Net Income": 129000000.0,
        "Minority Interests": 18000000.0,
        "Net Income Including Noncontrolling Interests": 111000000.0,
        "Net Income Discontinuous Operations": 117000000.0,
        "Net Income Continuous Operations": -6000000.0,
        "Tax Provision": 78000000.0,
        "Pretax Income": 71000000.0,
        "Other Income Expense": -1000000.0,
        "Other Non Operating Income Expenses": NaN,
        "Special Income Charges": NaN,
        "Restructuring And Mergern Acquisition": NaN,
        "Earnings From Equity Interest": 11000000.0,
        "Gain On Sale Of Security": -12000000.0,
        "Net Non Operating Interest Income Expense": -165000000.0,
        "Total Other Finance Cost": 23000000.0,
        "Interest Expense Non Operating": 144000000.0,
        "Interest Income Non Operating": 2000000.0,
        "Operating Income": 235000000.0,
        "Operating Expense": 817000000.0,
        "Other Operating Expenses": 475000000.0,
        "Depreciation Amortization Depletion Income Statement": 342000000.0,
        "Depreciation And Amortization In Income Statement": 342000000.0,
        "Amortization": 90000000.0,
        "Amortization Of Intangibles Income Statement": 90000000.0,
        "Depreciation Income Statement": 252000000.0,
        "Gross Profit": 1052000000.0,
        "Cost Of Revenue": 395000000.0,
        "Total Revenue": 1447000000.0,
        "Operating Revenue": 1447000000.0
    },
    "2022-03-31": {
        "Diluted EPS": -0.01,
        "Total Revenue": NaN,
        "Gross Profit": NaN,
        "Operating Income": 0,
        "EBIT": 0,
        "Net Income": 0
    },
    "2021-12-31": {
        "Diluted EPS": -0.04,
        "Total Revenue": NaN,
        "Gross Profit": NaN,
        "Operating Income": 0,
        "EBIT": 0,
        "Net Income": 0
    },
    "2021-09-30": {
        "Diluted EPS": -0.01,
        "Total Revenue": NaN,
        "Gross Profit": NaN,
        "Operating Income": 0,
        "EBIT": 0,
        "Net Income": 0
    },
    "2021-06-30": {
        "Diluted EPS": 0.0,
        "Total Revenue": NaN,
        "Gross Profit": NaN,
        "Operating Income": 0,
        "EBIT": 0,
        "Net Income": 0
    },
    "2021-03-31": {
        "Diluted EPS": 0.0,
        "Total Revenue": NaN,
        "Gross Profit": NaN,
        "Operating Income": 0,
        "EBIT": 0,
        "Net Income": 0
    },
    "2020-12-31": {
        "Diluted EPS": 0.0,
        "Total Revenue": NaN,
        "Gross Profit": NaN,
        "Operating Income": NaN,
        "EBIT": NaN,
        "Net Income": NaN
    },
    "2020-09-30": {
        "Diluted EPS": 0.0,
        "Total Revenue": NaN,
        "Gross Profit": NaN,
        "Operating Income": 0,
        "EBIT": 0,
        "Net Income": 0
    },
    "2020-06-30": {
        "Diluted EPS": 0.0,
        "Total Revenue": NaN,
        "Gross Profit": NaN,
        "Operating Income": NaN,
        "EBIT": NaN,
        "Net Income": NaN
    },
    "2023-09-30": {
        "Tax Effect Of Unusual Items": NaN,
        "Tax Rate For Calcs": NaN,
        "Normalized EBITDA": NaN,
        "Total Unusual Items": NaN,
        "Total Unusual Items Excluding Goodwill": NaN,
        "Net Income From Continuing Operation Net Minority Interest": NaN,
        "Reconciled Depreciation": NaN,
        "Reconciled Cost Of Revenue": NaN,
        "EBITDA": NaN,
        "EBIT": NaN,
        "Net Interest Income": NaN,
        "Interest Expense": NaN,
        "Interest Income": NaN,
        "Normalized Income": NaN,
        "Net Income From Continuing And Discontinued Operation": NaN,
        "Total Expenses": NaN,
        "Total Operating Income As Reported": NaN,
        "Diluted Average Shares": NaN,
        "Basic Average Shares": NaN,
        "Diluted EPS": NaN,
        "Basic EPS": NaN,
        "Diluted NI Availto Com Stockholders": NaN,
        "Net Income Common Stockholders": NaN,
        "Net Income": NaN,
        "Minority Interests": NaN,
        "Net Income Including Noncontrolling Interests": NaN,
        "Net Income Discontinuous Operations": 4000000.0,
        "Net Income Continuous Operations": NaN,
        "Tax Provision": NaN,
        "Pretax Income": NaN,
        "Other Income Expense": NaN,
        "Other Non Operating Income Expenses": 3000000.0,
        "Earnings From Equity Interest": NaN,
        "Gain On Sale Of Security": NaN,
        "Net Non Operating Interest Income Expense": NaN,
        "Total Other Finance Cost": NaN,
        "Interest Expense Non Operating": NaN,
        "Interest Income Non Operating": NaN,
        "Operating Income": NaN,
        "Operating Expense": NaN,
        "Other Operating Expenses": NaN,
        "Depreciation Amortization Depletion Income Statement": NaN,
        "Depreciation And Amortization In Income Statement": NaN,
        "Amortization": NaN,
        "Amortization Of Intangibles Income Statement": NaN,
        "Depreciation Income Statement": NaN,
        "Gross Profit": NaN,
        "Cost Of Revenue": NaN,
        "Total Revenue": NaN,
        "Operating Revenue": NaN
    },
    "2023-12-31": {
        "Tax Effect Of Unusual Items": NaN,
        "Tax Rate For Calcs": NaN,
        "Normalized EBITDA": NaN,
        "Total Unusual Items": NaN,
        "Total Unusual Items Excluding Goodwill": NaN,
        "Net Income From Continuing Operation Net Minority Interest": NaN,
        "Reconciled Depreciation": NaN,
        "Reconciled Cost Of Revenue": NaN,
        "EBITDA": NaN,
        "EBIT": NaN,
        "Net Interest Income": NaN,
        "Interest Expense": NaN,
        "Interest Income": NaN,
        "Normalized Income": NaN,
        "Net Income From Continuing And Discontinued Operation": NaN,
        "Total Expenses": NaN,
        "Total Operating Income As Reported": NaN,
        "Diluted Average Shares": NaN,
        "Basic Average Shares": NaN,
        "Diluted EPS": NaN,
        "Basic EPS": NaN,
        "Diluted NI Availto Com Stockholders": NaN,
        "Net Income Common Stockholders": NaN,
        "Net Income": NaN,
        "Minority Interests": NaN,
        "Net Income Including Noncontrolling Interests": NaN,
        "Net Income Discontinuous Operations": 0.0,
        "Net Income Continuous Operations": NaN,
        "Tax Provision": NaN,
        "Pretax Income": NaN,
        "Other Income Expense": NaN,
        "Other Non Operating Income Expenses": 1000000.0,
        "Earnings From Equity Interest": NaN,
        "Gain On Sale Of Security": NaN,
        "Net Non Operating Interest Income Expense": NaN,
        "Total Other Finance Cost": NaN,
        "Interest Expense Non Operating": NaN,
        "Interest Income Non Operating": NaN,
        "Operating Income": NaN,
        "Operating Expense": NaN,
        "Other Operating Expenses": NaN,
        "Depreciation Amortization Depletion Income Statement": NaN,
        "Depreciation And Amortization In Income Statement": NaN,
        "Amortization": NaN,
        "Amortization Of Intangibles Income Statement": NaN,
        "Depreciation Income Statement": NaN,
        "Gross Profit": NaN,
        "Cost Of Revenue": NaN,
        "Total Revenue": NaN,
        "Operating Revenue": NaN
    },
    "2024-03-31": {
        "Tax Effect Of Unusual Items": -1750000.0,
        "Tax Rate For Calcs": 0.25,
        "Normalized EBITDA": 643000000.0,
        "Total Unusual Items": -7000000.0,
        "Total Unusual Items Excluding Goodwill": -7000000.0,
        "Net Income From Continuing Operation Net Minority Interest": 92000000.0,
        "Reconciled Depreciation": 334000000.0,
        "Reconciled Cost Of Revenue": 382000000.0,
        "EBITDA": 636000000.0,
        "EBIT": 302000000.0,
        "Net Interest Income": -164000000.0,
        "Interest Expense": 149000000.0,
        "Interest Income": 19000000.0,
        "Normalized Income": 97250000.0,
        "Net Income From Continuing And Discontinued Operation": 92000000.0,
        "Total Expenses": 1176000000.0,
        "Total Operating Income As Reported": 324000000.0,
        "Diluted Average Shares": 172265000.0,
        "Basic Average Shares": 171349000.0,
        "Diluted EPS": 0.53,
        "Basic EPS": 0.54,
        "Diluted NI Availto Com Stockholders": 92000000.0,
        "Net Income Common Stockholders": 92000000.0,
        "Net Income": 92000000.0,
        "Minority Interests": 10000000.0,
        "Net Income Including Noncontrolling Interests": 82000000.0,
        "Net Income Discontinuous Operations": NaN,
        "Net Income Continuous Operations": 82000000.0,
        "Tax Provision": 71000000.0,
        "Pretax Income": 153000000.0,
        "Other Income Expense": 6000000.0,
        "Other Non Operating Income Expenses": NaN,
        "Earnings From Equity Interest": 13000000.0,
        "Gain On Sale Of Security": -7000000.0,
        "Net Non Operating Interest Income Expense": -164000000.0,
        "Total Other Finance Cost": 34000000.0,
        "Interest Expense Non Operating": 149000000.0,
        "Interest Income Non Operating": 19000000.0,
        "Operating Income": 311000000.0,
        "Operating Expense": 794000000.0,
        "Other Operating Expenses": 460000000.0,
        "Depreciation Amortization Depletion Income Statement": 334000000.0,
        "Depreciation And Amortization In Income Statement": 334000000.0,
        "Amortization": 87000000.0,
        "Amortization Of Intangibles Income Statement": 87000000.0,
        "Depreciation Income Statement": 247000000.0,
        "Gross Profit": 1105000000.0,
        "Cost Of Revenue": 382000000.0,
        "Total Revenue": 1487000000.0,
        "Operating Revenue": 1487000000.0
    },
    "2024-06-30": {
        "Tax Effect Of Unusual Items": -2250000.0,
        "Tax Rate For Calcs": 0.25,
        "Normalized EBITDA": 618000000.0,
        "Total Unusual Items": -9000000.0,
        "Total Unusual Items Excluding Goodwill": -9000000.0,
        "Net Income From Continuing Operation Net Minority Interest": 78000000.0,
        "Reconciled Depreciation": 304000000.0,
        "Reconciled Cost Of Revenue": 354000000.0,
        "EBITDA": 609000000.0,
        "EBIT": 304000000.0,
        "Net Interest Income": -180000000.0,
        "Interest Expense": 148000000.0,
        "Interest Income": 12000000.0,
        "Normalized Income": 84750000.0,
        "Net Income From Continuing And Discontinued Operation": 78000000.0,
        "Total Expenses": 1125000000.0,
        "Total Operating Income As Reported": 345000000.0,
        "Diluted Average Shares": 172903000.0,
        "Basic Average Shares": 171302000.0,
        "Diluted EPS": 0.45,
        "Basic EPS": 0.46,
        "Diluted NI Availto Com Stockholders": 78000000.0,
        "Net Income Common Stockholders": 78000000.0,
        "Net Income": 78000000.0,
        "Minority Interests": 0.0,
        "Net Income Including Noncontrolling Interests": 78000000.0,
        "Net Income Discontinuous Operations": NaN,
        "Net Income Continuous Operations": 78000000.0,
        "Tax Provision": 78000000.0,
        "Pretax Income": 156000000.0,
        "Other Income Expense": 4000000.0,
        "Other Non Operating Income Expenses": 1000000.0,
        "Earnings From Equity Interest": 12000000.0,
        "Gain On Sale Of Security": -9000000.0,
        "Net Non Operating Interest Income Expense": -180000000.0,
        "Total Other Finance Cost": 44000000.0,
        "Interest Expense Non Operating": 148000000.0,
        "Interest Income Non Operating": 12000000.0,
        "Operating Income": 333000000.0,
        "Operating Expense": 772000000.0,
        "Other Operating Expenses": 467000000.0,
        "Depreciation Amortization Depletion Income Statement": 305000000.0,
        "Depreciation And Amortization In Income Statement": 305000000.0,
        "Amortization": 77000000.0,
        "Amortization Of Intangibles Income Statement": 77000000.0,
        "Depreciation Income Statement": 228000000.0,
        "Gross Profit": 1105000000.0,
        "Cost Of Revenue": 353000000.0,
        "Total Revenue": 1458000000.0,
        "Operating Revenue": 1458000000.0
    },
    "2024-09-30": {
        "Tax Effect Of Unusual Items": -2500000.0,
        "Tax Rate For Calcs": 0.25,
        "Normalized EBITDA": 574000000.0,
        "Total Unusual Items": -10000000.0,
        "Total Unusual Items Excluding Goodwill": -10000000.0,
        "Net Income From Continuing Operation Net Minority Interest": 51000000.0,
        "Reconciled Depreciation": 300000000.0,
        "Reconciled Cost Of Revenue": 341000000.0,
        "EBITDA": 564000000.0,
        "EBIT": 264000000.0,
        "Net Interest Income": -167000000.0,
        "Interest Expense": 141000000.0,
        "Interest Income": 9000000.0,
        "Normalized Income": 58500000.0,
        "Net Income From Continuing And Discontinued Operation": 51000000.0,
        "Total Expenses": 1145000000.0,
        "Total Operating Income As Reported": 300000000.0,
        "Diluted Average Shares": 172654000.0,
        "Basic Average Shares": 171345000.0,
        "Diluted EPS": 0.3,
        "Basic EPS": 0.3,
        "Diluted NI Availto Com Stockholders": 51000000.0,
        "Net Income Common Stockholders": 51000000.0,
        "Net Income": 51000000.0,
        "Minority Interests": -6000000.0,
        "Net Income Including Noncontrolling Interests": 57000000.0,
        "Net Income Discontinuous Operations": 0.0,
        "Net Income Continuous Operations": 57000000.0,
        "Tax Provision": 66000000.0,
        "Pretax Income": 123000000.0,
        "Other Income Expense": 4000000.0,
        "Other Non Operating Income Expenses": NaN,
        "Earnings From Equity Interest": 14000000.0,
        "Gain On Sale Of Security": -10000000.0,
        "Net Non Operating Interest Income Expense": -167000000.0,
        "Total Other Finance Cost": 35000000.0,
        "Interest Expense Non Operating": 141000000.0,
        "Interest Income Non Operating": 9000000.0,
        "Operating Income": 286000000.0,
        "Operating Expense": 804000000.0,
        "Other Operating Expenses": 504000000.0,
        "Depreciation Amortization Depletion Income Statement": 300000000.0,
        "Depreciation And Amortization In Income Statement": 300000000.0,
        "Amortization": 78000000.0,
        "Amortization Of Intangibles Income Statement": 78000000.0,
        "Depreciation Income Statement": 222000000.0,
        "Gross Profit": 1090000000.0,
        "Cost Of Revenue": 341000000.0,
        "Total Revenue": 1431000000.0,
        "Operating Revenue": 1431000000.0
    },
    "2024-12-31": {
        "Tax Effect Of Unusual Items": 2250000.0,
        "Tax Rate For Calcs": 0.25,
        "Normalized EBITDA": 543000000.0,
        "Total Unusual Items": 9000000.0,
        "Total Unusual Items Excluding Goodwill": 9000000.0,
        "Net Income From Continuing Operation Net Minority Interest": 35000000.0,
        "Reconciled Depreciation": 296000000.0,
        "Reconciled Cost Of Revenue": 346000000.0,
        "EBITDA": 552000000.0,
        "EBIT": 254000000.0,
        "Net Interest Income": -161000000.0,
        "Interest Expense": 134000000.0,
        "Interest Income": 6000000.0,
        "Normalized Income": 28250000.0,
        "Net Income From Continuing And Discontinued Operation": 32000000.0,
        "Total Expenses": 1086000000.0,
        "Total Operating Income As Reported": 374000000.0,
        "Diluted Average Shares": 172711000.0,
        "Basic Average Shares": 171259000.0,
        "Diluted EPS": 0.18,
        "Basic EPS": 0.18,
        "Diluted NI Availto Com Stockholders": 32000000.0,
        "Net Income Common Stockholders": 32000000.0,
        "Net Income": 32000000.0,
        "Minority Interests": -19000000.0,
        "Net Income Including Noncontrolling Interests": 51000000.0,
        "Net Income Discontinuous Operations": -3000000.0,
        "Net Income Continuous Operations": 53000000.0,
        "Tax Provision": 67000000.0,
        "Pretax Income": 120000000.0,
        "Other Income Expense": -62000000.0,
        "Other Non Operating Income Expenses": -86000000.0,
        "Earnings From Equity Interest": 15000000.0,
        "Gain On Sale Of Security": -7000000.0,
        "Net Non Operating Interest Income Expense": -161000000.0,
        "Total Other Finance Cost": 33000000.0,
        "Interest Expense Non Operating": 134000000.0,
        "Interest Income Non Operating": 6000000.0,
        "Operating Income": 342000000.0,
        "Operating Expense": 742000000.0,
        "Other Operating Expenses": -634000000.0,
        "Depreciation Amortization Depletion Income Statement": 298000000.0,
        "Depreciation And Amortization In Income Statement": 298000000.0,
        "Amortization": 78000000.0,
        "Amortization Of Intangibles Income Statement": 78000000.0,
        "Depreciation Income Statement": 220000000.0,
        "Gross Profit": 1084000000.0,
        "Cost Of Revenue": 344000000.0,
        "Total Revenue": 1428000000.0,
        "Operating Revenue": 1428000000.0
    },
    "2025-03-31": {
        "Tax Effect Of Unusual Items": 6365517.241379,
        "Tax Rate For Calcs": 0.244828,
        "Normalized EBITDA": 697000000.0,
        "Total Unusual Items": 26000000.0,
        "Total Unusual Items Excluding Goodwill": 26000000.0,
        "Net Income From Continuing Operation Net Minority Interest": 193000000.0,
        "Reconciled Depreciation": 297000000.0,
        "Reconciled Cost Of Revenue": 316000000.0,
        "EBITDA": 723000000.0,
        "EBIT": 426000000.0,
        "Net Interest Income": -162000000.0,
        "Interest Expense": 136000000.0,
        "Interest Income": 2000000.0,
        "Normalized Income": 173365517.241379,
        "Net Income From Continuing And Discontinued Operation": 193000000.0,
        "Total Expenses": 964000000.0,
        "Total Operating Income As Reported": 423000000.0,
        "Diluted Average Shares": 169965000.0,
        "Basic Average Shares": 169238000.0,
        "Diluted EPS": 1.14,
        "Basic EPS": 1.14,
        "Diluted NI Availto Com Stockholders": 193000000.0,
        "Net Income Common Stockholders": 193000000.0,
        "Net Income": 193000000.0,
        "Minority Interests": -26000000.0,
        "Net Income Including Noncontrolling Interests": 219000000.0,
        "Net Income Discontinuous Operations": NaN,
        "Net Income Continuous Operations": 219000000.0,
        "Tax Provision": 71000000.0,
        "Pretax Income": 290000000.0,
        "Other Income Expense": 40000000.0,
        "Other Non Operating Income Expenses": 1000000.0,
        "Earnings From Equity Interest": 13000000.0,
        "Gain On Sale Of Security": 26000000.0,
        "Net Non Operating Interest Income Expense": -162000000.0,
        "Total Other Finance Cost": 28000000.0,
        "Interest Expense Non Operating": 136000000.0,
        "Interest Income Non Operating": 2000000.0,
        "Operating Income": 410000000.0,
        "Operating Expense": 648000000.0,
        "Other Operating Expenses": 351000000.0,
        "Depreciation Amortization Depletion Income Statement": 297000000.0,
        "Depreciation And Amortization In Income Statement": 297000000.0,
        "Amortization": 77000000.0,
        "Amortization Of Intangibles Income Statement": 77000000.0,
        "Depreciation Income Statement": 220000000.0,
        "Gross Profit": 1058000000.0,
        "Cost Of Revenue": 316000000.0,
        "Total Revenue": 1374000000.0,
        "Operating Revenue": 1374000000.0
    }
}