{
    "2023-03-31": {
        "Tax Effect Of Unusual Items": NaN,
        "Tax Rate For Calcs": NaN,
        "Normalized EBITDA": NaN,
        "Total Unusual Items": NaN,
        "Total Unusual Items Excluding Goodwill": NaN,
        "Net Income From Continuing Operation Net Minority Interest": NaN,
        "Reconciled Depreciation": NaN,
        "EBITDA": NaN,
        "EBIT": NaN,
        "Net Interest Income": NaN,
        "Interest Expense": NaN,
        "Interest Income": NaN,
        "Normalized Income": NaN,
        "Net Income From Continuing And Discontinued Operation": NaN,
        "Total Expenses": NaN,
        "Total Operating Income As Reported": NaN,
        "Diluted Average Shares": NaN,
        "Basic Average Shares": NaN,
        "Diluted EPS": NaN,
        "Basic EPS": NaN,
        "Diluted NI Availto Com Stockholders": NaN,
        "Net Income Common Stockholders": NaN,
        "Net Income": NaN,
        "Net Income Including Noncontrolling Interests": NaN,
        "Net Income Continuous Operations": NaN,
        "Tax Provision": 0.0,
        "Pretax Income": NaN,
        "Other Income Expense": NaN,
        "Other Non Operating Income Expenses": NaN,
        "Special Income Charges": NaN,
        "Other Special Charges": NaN,
        "Write Off": 10454000.0,
        "Impairment Of Capital Assets": NaN,
        "Restructuring And Mergern Acquisition": NaN,
        "Net Non Operating Interest Income Expense": NaN,
        "Total Other Finance Cost": 249000.0,
        "Interest Expense Non Operating": NaN,
        "Interest Income Non Operating": NaN,
        "Operating Income": NaN,
        "Operating Expense": NaN,
        "Research And Development": NaN,
        "Selling General And Administration": NaN,
        "General And Administrative Expense": NaN,
        "Other Gand A": NaN,
        "Total Revenue": NaN,
        "Operating Revenue": NaN
    },
    "2022-12-31": {
        "Tax Effect Of Unusual Items": NaN,
        "Tax Rate For Calcs": NaN,
        "Normalized EBITDA": NaN,
        "Total Unusual Items": NaN,
        "Total Unusual Items Excluding Goodwill": NaN,
        "Net Income From Continuing Operation Net Minority Interest": NaN,
        "Reconciled Depreciation": NaN,
        "EBITDA": NaN,
        "EBIT": NaN,
        "Net Interest Income": NaN,
        "Interest Expense": NaN,
        "Interest Income": NaN,
        "Normalized Income": NaN,
        "Net Income From Continuing And Discontinued Operation": NaN,
        "Total Expenses": NaN,
        "Total Operating Income As Reported": NaN,
        "Diluted Average Shares": NaN,
        "Basic Average Shares": NaN,
        "Diluted EPS": NaN,
        "Basic EPS": NaN,
        "Diluted NI Availto Com Stockholders": NaN,
        "Net Income Common Stockholders": NaN,
        "Net Income": NaN,
        "Net Income Including Noncontrolling Interests": NaN,
        "Net Income Continuous Operations": NaN,
        "Tax Provision": -605000.0,
        "Pretax Income": NaN,
        "Other Income Expense": NaN,
        "Other Non Operating Income Expenses": NaN,
        "Special Income Charges": NaN,
        "Write Off": NaN,
        "Impairment Of Capital Assets": NaN,
        "Restructuring And Mergern Acquisition": NaN,
        "Net Non Operating Interest Income Expense": NaN,
        "Total Other Finance Cost": NaN,
        "Interest Expense Non Operating": NaN,
        "Interest Income Non Operating": NaN,
        "Operating Income": NaN,
        "Operating Expense": NaN,
        "Research And Development": NaN,
        "Selling General And Administration": NaN,
        "General And Administrative Expense": NaN,
        "Other Gand A": NaN,
        "Total Revenue": NaN,
        "Operating Revenue": NaN
    },
    "2022-09-30": {
        "Tax Effect Of Unusual Items": 0.0,
        "Tax Rate For Calcs": 0.006555,
        "Normalized EBITDA": -53849000.0,
        "Total Unusual Items": NaN,
        "Total Unusual Items Excluding Goodwill": NaN,
        "Net Income From Continuing Operation Net Minority Interest": -56224000.0,
        "Reconciled Depreciation": 1939000.0,
        "EBITDA": -53849000.0,
        "EBIT": -55788000.0,
        "Net Interest Income": 469000.0,
        "Interest Expense": 807000.0,
        "Interest Income": 1276000.0,
        "Normalized Income": -56224000.0,
        "Net Income From Continuing And Discontinued Operation": -56224000.0,
        "Total Expenses": 56649000.0,
        "Total Operating Income As Reported": -56649000.0,
        "Diluted Average Shares": 129680217.0,
        "Basic Average Shares": 129680217.0,
        "Diluted EPS": -0.43,
        "Basic EPS": -0.43,
        "Diluted NI Availto Com Stockholders": -56224000.0,
        "Net Income Common Stockholders": -56224000.0,
        "Net Income": -56224000.0,
        "Net Income Including Noncontrolling Interests": -56224000.0,
        "Net Income Continuous Operations": -56224000.0,
        "Tax Provision": -371000.0,
        "Pretax Income": -56595000.0,
        "Other Income Expense": -415000.0,
        "Other Non Operating Income Expenses": -415000.0,
        "Special Income Charges": NaN,
        "Restructuring And Mergern Acquisition": NaN,
        "Net Non Operating Interest Income Expense": 469000.0,
        "Interest Expense Non Operating": 807000.0,
        "Interest Income Non Operating": 1276000.0,
        "Operating Income": -56649000.0,
        "Operating Expense": 56649000.0,
        "Research And Development": 39660000.0,
        "Selling General And Administration": 16989000.0,
        "General And Administrative Expense": 16989000.0,
        "Other Gand A": 16989000.0,
        "Total Revenue": 0.0,
        "Operating Revenue": 0.0
    },
    "2022-06-30": {
        "Tax Effect Of Unusual Items": 0.0,
        "Tax Rate For Calcs": 0.010218,
        "Normalized EBITDA": -58220000.0,
        "Total Unusual Items": NaN,
        "Total Unusual Items Excluding Goodwill": NaN,
        "Net Income From Continuing Operation Net Minority Interest": -58992000.0,
        "Reconciled Depreciation": 1050000.0,
        "EBITDA": -58220000.0,
        "EBIT": -59270000.0,
        "Net Interest Income": 155000.0,
        "Interest Expense": 331000.0,
        "Interest Income": 486000.0,
        "Normalized Income": -58992000.0,
        "Net Income From Continuing And Discontinued Operation": -58992000.0,
        "Total Expenses": 58724000.0,
        "Total Operating Income As Reported": -58724000.0,
        "Diluted Average Shares": 129367833.0,
        "Basic Average Shares": 129367833.0,
        "Diluted EPS": -0.46,
        "Basic EPS": -0.46,
        "Diluted NI Availto Com Stockholders": -58992000.0,
        "Net Income Common Stockholders": -58992000.0,
        "Net Income": -58992000.0,
        "Net Income Including Noncontrolling Interests": -58992000.0,
        "Net Income Continuous Operations": -58992000.0,
        "Tax Provision": -609000.0,
        "Pretax Income": -59601000.0,
        "Other Income Expense": -1032000.0,
        "Other Non Operating Income Expenses": -1032000.0,
        "Special Income Charges": NaN,
        "Restructuring And Mergern Acquisition": NaN,
        "Net Non Operating Interest Income Expense": 155000.0,
        "Interest Expense Non Operating": 331000.0,
        "Interest Income Non Operating": 486000.0,
        "Operating Income": -58724000.0,
        "Operating Expense": 58724000.0,
        "Research And Development": 41500000.0,
        "Selling General And Administration": 17224000.0,
        "General And Administrative Expense": 17224000.0,
        "Other Gand A": 17224000.0,
        "Total Revenue": 0.0,
        "Operating Revenue": 0.0
    },
    "2022-03-31": {
        "Diluted EPS": -0.42,
        "Total Revenue": NaN,
        "Gross Profit": NaN,
        "Operating Income": -54,
        "EBIT": -53,
        "Net Income": -54
    },
    "2021-12-31": {
        "Diluted EPS": -0.22,
        "Total Revenue": NaN,
        "Gross Profit": NaN,
        "Operating Income": -54,
        "EBIT": -53,
        "Net Income": -55
    },
    "2021-09-30": {
        "Diluted EPS": -0.33,
        "Total Revenue": NaN,
        "Gross Profit": NaN,
        "Operating Income": -43,
        "EBIT": -42,
        "Net Income": -43
    },
    "2021-06-30": {
        "Diluted EPS": -0.27,
        "Total Revenue": NaN,
        "Gross Profit": NaN,
        "Operating Income": -35,
        "EBIT": -35,
        "Net Income": -35
    },
    "2021-03-31": {
        "Diluted EPS": -0.66,
        "Total Revenue": NaN,
        "Gross Profit": NaN,
        "Operating Income": -23,
        "EBIT": -23,
        "Net Income": -23
    },
    "2020-12-31": {
        "Diluted EPS": -1.07,
        "Total Revenue": NaN,
        "Gross Profit": NaN,
        "Operating Income": -17,
        "EBIT": -17,
        "Net Income": -17
    },
    "2020-09-30": {
        "Diluted EPS": -0.43,
        "Total Revenue": 0,
        "Gross Profit": 0,
        "Operating Income": -8,
        "EBIT": -8,
        "Net Income": -7
    },
    "2020-06-30": {
        "Diluted EPS": -0.55,
        "Total Revenue": 0,
        "Gross Profit": 0,
        "Operating Income": -5,
        "EBIT": -5,
        "Net Income": -9
    },
    "2020-03-31": {
        "Diluted EPS": -0.31,
        "Total Revenue": 0,
        "Gross Profit": 0,
        "Operating Income": -4,
        "EBIT": -4,
        "Net Income": -4
    },
    "2019-12-31": {
        "Diluted EPS": 0.0,
        "Total Revenue": NaN,
        "Gross Profit": NaN,
        "Operating Income": NaN,
        "EBIT": NaN,
        "Net Income": NaN
    },
    "2023-06-30": {
        "Tax Effect Of Unusual Items": NaN,
        "Tax Rate For Calcs": NaN,
        "Normalized EBITDA": NaN,
        "Total Unusual Items": NaN,
        "Total Unusual Items Excluding Goodwill": NaN,
        "Net Income From Continuing Operation Net Minority Interest": NaN,
        "Reconciled Depreciation": NaN,
        "EBITDA": NaN,
        "EBIT": NaN,
        "Net Interest Income": NaN,
        "Interest Expense": NaN,
        "Interest Income": NaN,
        "Normalized Income": NaN,
        "Net Income From Continuing And Discontinued Operation": NaN,
        "Total Expenses": NaN,
        "Total Operating Income As Reported": NaN,
        "Diluted Average Shares": NaN,
        "Basic Average Shares": NaN,
        "Diluted EPS": NaN,
        "Basic EPS": NaN,
        "Diluted NI Availto Com Stockholders": NaN,
        "Net Income Common Stockholders": NaN,
        "Net Income": NaN,
        "Net Income Including Noncontrolling Interests": NaN,
        "Net Income Continuous Operations": NaN,
        "Tax Provision": 0.0,
        "Pretax Income": NaN,
        "Other Income Expense": NaN,
        "Other Non Operating Income Expenses": NaN,
        "Special Income Charges": NaN,
        "Other Special Charges": NaN,
        "Write Off": 1207000.0,
        "Impairment Of Capital Assets": NaN,
        "Restructuring And Mergern Acquisition": NaN,
        "Net Non Operating Interest Income Expense": NaN,
        "Total Other Finance Cost": NaN,
        "Interest Expense Non Operating": NaN,
        "Interest Income Non Operating": NaN,
        "Operating Income": NaN,
        "Operating Expense": NaN,
        "Research And Development": NaN,
        "Selling General And Administration": NaN,
        "General And Administrative Expense": NaN,
        "Other Gand A": NaN,
        "Total Revenue": NaN,
        "Operating Revenue": NaN
    },
    "2023-09-30": {
        "Tax Effect Of Unusual Items": NaN,
        "Tax Rate For Calcs": NaN,
        "Normalized EBITDA": NaN,
        "Total Unusual Items": NaN,
        "Total Unusual Items Excluding Goodwill": NaN,
        "Net Income From Continuing Operation Net Minority Interest": NaN,
        "Reconciled Depreciation": NaN,
        "EBITDA": NaN,
        "EBIT": NaN,
        "Net Interest Income": NaN,
        "Interest Expense": NaN,
        "Interest Income": NaN,
        "Normalized Income": NaN,
        "Net Income From Continuing And Discontinued Operation": NaN,
        "Total Expenses": NaN,
        "Total Operating Income As Reported": NaN,
        "Diluted Average Shares": NaN,
        "Basic Average Shares": NaN,
        "Diluted EPS": NaN,
        "Basic EPS": NaN,
        "Diluted NI Availto Com Stockholders": NaN,
        "Net Income Common Stockholders": NaN,
        "Net Income": NaN,
        "Net Income Including Noncontrolling Interests": NaN,
        "Net Income Continuous Operations": NaN,
        "Tax Provision": 0.0,
        "Pretax Income": NaN,
        "Other Income Expense": NaN,
        "Other Non Operating Income Expenses": NaN,
        "Special Income Charges": NaN,
        "Other Special Charges": NaN,
        "Write Off": NaN,
        "Impairment Of Capital Assets": NaN,
        "Restructuring And Mergern Acquisition": NaN,
        "Net Non Operating Interest Income Expense": NaN,
        "Total Other Finance Cost": NaN,
        "Interest Expense Non Operating": NaN,
        "Interest Income Non Operating": NaN,
        "Operating Income": NaN,
        "Operating Expense": NaN,
        "Research And Development": NaN,
        "Selling General And Administration": NaN,
        "General And Administrative Expense": NaN,
        "Other Gand A": NaN,
        "Total Revenue": NaN,
        "Operating Revenue": NaN
    },
    "2023-12-31": {
        "Tax Effect Of Unusual Items": NaN,
        "Tax Rate For Calcs": NaN,
        "Normalized EBITDA": NaN,
        "Total Unusual Items": NaN,
        "Total Unusual Items Excluding Goodwill": NaN,
        "Net Income From Continuing Operation Net Minority Interest": NaN,
        "Reconciled Depreciation": NaN,
        "EBITDA": NaN,
        "EBIT": NaN,
        "Net Interest Income": NaN,
        "Interest Expense": NaN,
        "Interest Income": NaN,
        "Normalized Income": NaN,
        "Net Income From Continuing And Discontinued Operation": NaN,
        "Total Expenses": NaN,
        "Total Operating Income As Reported": NaN,
        "Diluted Average Shares": NaN,
        "Basic Average Shares": NaN,
        "Diluted EPS": NaN,
        "Basic EPS": NaN,
        "Diluted NI Availto Com Stockholders": NaN,
        "Net Income Common Stockholders": NaN,
        "Net Income": NaN,
        "Net Income Including Noncontrolling Interests": NaN,
        "Net Income Continuous Operations": NaN,
        "Tax Provision": 0.0,
        "Pretax Income": NaN,
        "Other Income Expense": NaN,
        "Other Non Operating Income Expenses": NaN,
        "Special Income Charges": NaN,
        "Other Special Charges": NaN,
        "Write Off": NaN,
        "Impairment Of Capital Assets": NaN,
        "Restructuring And Mergern Acquisition": NaN,
        "Net Non Operating Interest Income Expense": NaN,
        "Total Other Finance Cost": NaN,
        "Interest Expense Non Operating": NaN,
        "Interest Income Non Operating": NaN,
        "Operating Income": NaN,
        "Operating Expense": NaN,
        "Research And Development": NaN,
        "Selling General And Administration": NaN,
        "General And Administrative Expense": NaN,
        "Other Gand A": NaN,
        "Total Revenue": NaN,
        "Operating Revenue": NaN
    },
    "2024-03-31": {
        "Tax Effect Of Unusual Items": NaN,
        "Tax Rate For Calcs": NaN,
        "Normalized EBITDA": NaN,
        "Total Unusual Items": NaN,
        "Total Unusual Items Excluding Goodwill": NaN,
        "Net Income From Continuing Operation Net Minority Interest": NaN,
        "Reconciled Depreciation": NaN,
        "EBITDA": NaN,
        "EBIT": NaN,
        "Net Interest Income": NaN,
        "Interest Expense": NaN,
        "Interest Income": NaN,
        "Normalized Income": NaN,
        "Net Income From Continuing And Discontinued Operation": NaN,
        "Total Expenses": NaN,
        "Total Operating Income As Reported": NaN,
        "Diluted Average Shares": NaN,
        "Basic Average Shares": NaN,
        "Diluted EPS": NaN,
        "Basic EPS": NaN,
        "Diluted NI Availto Com Stockholders": NaN,
        "Net Income Common Stockholders": NaN,
        "Net Income": NaN,
        "Net Income Including Noncontrolling Interests": NaN,
        "Net Income Continuous Operations": NaN,
        "Tax Provision": NaN,
        "Pretax Income": NaN,
        "Other Income Expense": NaN,
        "Other Non Operating Income Expenses": NaN,
        "Special Income Charges": NaN,
        "Other Special Charges": NaN,
        "Write Off": 2534000.0,
        "Impairment Of Capital Assets": NaN,
        "Restructuring And Mergern Acquisition": NaN,
        "Net Non Operating Interest Income Expense": NaN,
        "Total Other Finance Cost": 249000.0,
        "Interest Expense Non Operating": NaN,
        "Interest Income Non Operating": NaN,
        "Operating Income": NaN,
        "Operating Expense": NaN,
        "Research And Development": NaN,
        "Selling General And Administration": NaN,
        "General And Administrative Expense": NaN,
        "Other Gand A": NaN,
        "Total Revenue": NaN,
        "Operating Revenue": NaN
    },
    "2024-06-30": {
        "Tax Effect Of Unusual Items": 0.0,
        "Tax Rate For Calcs": 0.0,
        "Normalized EBITDA": -11435000.0,
        "Total Unusual Items": -508000.0,
        "Total Unusual Items Excluding Goodwill": -508000.0,
        "Net Income From Continuing Operation Net Minority Interest": -14917000.0,
        "Reconciled Depreciation": 975000.0,
        "EBITDA": -11943000.0,
        "EBIT": -12918000.0,
        "Net Interest Income": -80000.0,
        "Interest Expense": 1999000.0,
        "Interest Income": 1919000.0,
        "Normalized Income": -14409000.0,
        "Net Income From Continuing And Discontinued Operation": -14917000.0,
        "Total Expenses": 13627000.0,
        "Total Operating Income As Reported": -14135000.0,
        "Diluted Average Shares": 6503913.0,
        "Basic Average Shares": 6503913.0,
        "Diluted EPS": -2.29,
        "Basic EPS": -2.29,
        "Diluted NI Availto Com Stockholders": -14917000.0,
        "Net Income Common Stockholders": -14917000.0,
        "Net Income": -14917000.0,
        "Net Income Including Noncontrolling Interests": -14917000.0,
        "Net Income Continuous Operations": -14917000.0,
        "Tax Provision": NaN,
        "Pretax Income": -14917000.0,
        "Other Income Expense": -1210000.0,
        "Other Non Operating Income Expenses": -702000.0,
        "Special Income Charges": -508000.0,
        "Other Special Charges": NaN,
        "Write Off": 246000.0,
        "Impairment Of Capital Assets": 246000.0,
        "Restructuring And Mergern Acquisition": 262000.0,
        "Net Non Operating Interest Income Expense": -80000.0,
        "Total Other Finance Cost": NaN,
        "Interest Expense Non Operating": 1999000.0,
        "Interest Income Non Operating": 1919000.0,
        "Operating Income": -13627000.0,
        "Operating Expense": 13627000.0,
        "Research And Development": 2921000.0,
        "Selling General And Administration": 10706000.0,
        "General And Administrative Expense": 10706000.0,
        "Other Gand A": 10706000.0,
        "Total Revenue": 0.0,
        "Operating Revenue": 0.0
    },
    "2024-09-30": {
        "Tax Effect Of Unusual Items": 0.0,
        "Tax Rate For Calcs": 0.0,
        "Normalized EBITDA": -7751000.0,
        "Total Unusual Items": -12362000.0,
        "Total Unusual Items Excluding Goodwill": -12362000.0,
        "Net Income From Continuing Operation Net Minority Interest": -23021000.0,
        "Reconciled Depreciation": 901000.0,
        "EBITDA": -20113000.0,
        "EBIT": -21014000.0,
        "Net Interest Income": -353000.0,
        "Interest Expense": 2007000.0,
        "Interest Income": 1654000.0,
        "Normalized Income": -10659000.0,
        "Net Income From Continuing And Discontinued Operation": -23021000.0,
        "Total Expenses": 11269000.0,
        "Total Operating Income As Reported": -23631000.0,
        "Diluted Average Shares": 6506681.0,
        "Basic Average Shares": 6506681.0,
        "Diluted EPS": -3.54,
        "Basic EPS": -3.54,
        "Diluted NI Availto Com Stockholders": -23021000.0,
        "Net Income Common Stockholders": -23021000.0,
        "Net Income": -23021000.0,
        "Net Income Including Noncontrolling Interests": -23021000.0,
        "Net Income Continuous Operations": -23021000.0,
        "Tax Provision": NaN,
        "Pretax Income": -23021000.0,
        "Other Income Expense": -11399000.0,
        "Other Non Operating Income Expenses": 963000.0,
        "Special Income Charges": -12362000.0,
        "Other Special Charges": 10000000.0,
        "Write Off": NaN,
        "Impairment Of Capital Assets": 2195000.0,
        "Restructuring And Mergern Acquisition": 167000.0,
        "Net Non Operating Interest Income Expense": -353000.0,
        "Total Other Finance Cost": NaN,
        "Interest Expense Non Operating": 2007000.0,
        "Interest Income Non Operating": 1654000.0,
        "Operating Income": -11269000.0,
        "Operating Expense": 11269000.0,
        "Research And Development": 562000.0,
        "Selling General And Administration": 10707000.0,
        "General And Administrative Expense": 10707000.0,
        "Other Gand A": 10707000.0,
        "Total Revenue": 0.0,
        "Operating Revenue": 0.0
    },
    "2024-12-31": {
        "Tax Effect Of Unusual Items": 0.0,
        "Tax Rate For Calcs": 0.0,
        "Normalized EBITDA": -8798000.0,
        "Total Unusual Items": -347000.0,
        "Total Unusual Items Excluding Goodwill": -347000.0,
        "Net Income From Continuing Operation Net Minority Interest": -11895000.0,
        "Reconciled Depreciation": 741000.0,
        "EBITDA": -9145000.0,
        "EBIT": -9886000.0,
        "Net Interest Income": -1652000.0,
        "Interest Expense": 2009000.0,
        "Interest Income": 1352000.0,
        "Normalized Income": -11548000.0,
        "Net Income From Continuing And Discontinued Operation": -11895000.0,
        "Total Expenses": 11472000.0,
        "Total Operating Income As Reported": -11819000.0,
        "Diluted Average Shares": 6525885.0,
        "Basic Average Shares": 6525885.0,
        "Diluted EPS": -1.82,
        "Basic EPS": -1.82,
        "Diluted NI Availto Com Stockholders": -11895000.0,
        "Net Income Common Stockholders": -11895000.0,
        "Net Income": -11895000.0,
        "Net Income Including Noncontrolling Interests": -11895000.0,
        "Net Income Continuous Operations": -11895000.0,
        "Tax Provision": NaN,
        "Pretax Income": -11895000.0,
        "Other Income Expense": 1229000.0,
        "Other Non Operating Income Expenses": 1576000.0,
        "Special Income Charges": -347000.0,
        "Other Special Charges": 0.0,
        "Write Off": NaN,
        "Impairment Of Capital Assets": 40000.0,
        "Restructuring And Mergern Acquisition": 307000.0,
        "Net Non Operating Interest Income Expense": -1652000.0,
        "Total Other Finance Cost": NaN,
        "Interest Expense Non Operating": 2009000.0,
        "Interest Income Non Operating": 1352000.0,
        "Operating Income": -11472000.0,
        "Operating Expense": 11472000.0,
        "Research And Development": 1099000.0,
        "Selling General And Administration": 10373000.0,
        "General And Administrative Expense": 10373000.0,
        "Other Gand A": 10373000.0,
        "Total Revenue": 0.0,
        "Operating Revenue": 0.0
    },
    "2025-03-31": {
        "Tax Effect Of Unusual Items": 0.0,
        "Tax Rate For Calcs": 0.0,
        "Normalized EBITDA": -10734000.0,
        "Total Unusual Items": -16082000.0,
        "Total Unusual Items Excluding Goodwill": -16082000.0,
        "Net Income From Continuing Operation Net Minority Interest": -28200000.0,
        "Reconciled Depreciation": 498000.0,
        "EBITDA": -26816000.0,
        "EBIT": -27314000.0,
        "Net Interest Income": 77000.0,
        "Interest Expense": 886000.0,
        "Interest Income": 1175000.0,
        "Normalized Income": -12118000.0,
        "Net Income From Continuing And Discontinued Operation": -28200000.0,
        "Total Expenses": 14480000.0,
        "Total Operating Income As Reported": -30562000.0,
        "Diluted Average Shares": 6532658.0,
        "Basic Average Shares": 6532658.0,
        "Diluted EPS": -4.32,
        "Basic EPS": -4.32,
        "Diluted NI Availto Com Stockholders": -28200000.0,
        "Net Income Common Stockholders": -28200000.0,
        "Net Income": -28200000.0,
        "Net Income Including Noncontrolling Interests": -28200000.0,
        "Net Income Continuous Operations": -28200000.0,
        "Tax Provision": NaN,
        "Pretax Income": -28200000.0,
        "Other Income Expense": -13797000.0,
        "Other Non Operating Income Expenses": 2285000.0,
        "Special Income Charges": -16082000.0,
        "Other Special Charges": NaN,
        "Write Off": NaN,
        "Impairment Of Capital Assets": 16569000.0,
        "Restructuring And Mergern Acquisition": -487000.0,
        "Net Non Operating Interest Income Expense": 77000.0,
        "Total Other Finance Cost": 212000.0,
        "Interest Expense Non Operating": 886000.0,
        "Interest Income Non Operating": 1175000.0,
        "Operating Income": -14480000.0,
        "Operating Expense": 14480000.0,
        "Research And Development": 5371000.0,
        "Selling General And Administration": 9109000.0,
        "General And Administrative Expense": 9109000.0,
        "Other Gand A": 9109000.0,
        "Total Revenue": 0.0,
        "Operating Revenue": 0.0
    },
    "2025-06-30": {
        "Tax Effect Of Unusual Items": 0.0,
        "Tax Rate For Calcs": 0.0,
        "Normalized EBITDA": -9260000.0,
        "Total Unusual Items": -10540000.0,
        "Total Unusual Items Excluding Goodwill": -10540000.0,
        "Net Income From Continuing Operation Net Minority Interest": -21394000.0,
        "Reconciled Depreciation": 12000.0,
        "EBITDA": -19800000.0,
        "EBIT": -19812000.0,
        "Net Interest Income": -538000.0,
        "Interest Expense": 1582000.0,
        "Interest Income": 1044000.0,
        "Normalized Income": -10854000.0,
        "Net Income From Continuing And Discontinued Operation": -21394000.0,
        "Total Expenses": 12900000.0,
        "Total Operating Income As Reported": -23440000.0,
        "Diluted Average Shares": 6596975.0,
        "Basic Average Shares": 6596975.0,
        "Diluted EPS": -3.24,
        "Basic EPS": -3.24,
        "Diluted NI Availto Com Stockholders": -21394000.0,
        "Net Income Common Stockholders": -21394000.0,
        "Net Income": -21394000.0,
        "Net Income Including Noncontrolling Interests": -21394000.0,
        "Net Income Continuous Operations": -21394000.0,
        "Tax Provision": NaN,
        "Pretax Income": -21394000.0,
        "Other Income Expense": -7956000.0,
        "Other Non Operating Income Expenses": 2584000.0,
        "Special Income Charges": -10540000.0,
        "Other Special Charges": 10000000.0,
        "Write Off": NaN,
        "Impairment Of Capital Assets": 0.0,
        "Restructuring And Mergern Acquisition": 540000.0,
        "Net Non Operating Interest Income Expense": -538000.0,
        "Total Other Finance Cost": NaN,
        "Interest Expense Non Operating": 1582000.0,
        "Interest Income Non Operating": 1044000.0,
        "Operating Income": -12900000.0,
        "Operating Expense": 12900000.0,
        "Research And Development": 6743000.0,
        "Selling General And Administration": 6157000.0,
        "General And Administrative Expense": 6157000.0,
        "Other Gand A": 6157000.0,
        "Total Revenue": 0.0,
        "Operating Revenue": 0.0
    }
}