{
    "2023-04-30": {
        "Tax Effect Of Unusual Items": NaN,
        "Tax Rate For Calcs": NaN,
        "Normalized EBITDA": NaN,
        "Total Unusual Items": 0.0,
        "Total Unusual Items Excluding Goodwill": 0.0,
        "Net Income From Continuing Operation Net Minority Interest": NaN,
        "Reconciled Depreciation": NaN,
        "Reconciled Cost Of Revenue": NaN,
        "EBITDA": NaN,
        "EBIT": NaN,
        "Net Interest Income": NaN,
        "Interest Expense": NaN,
        "Interest Income": NaN,
        "Normalized Income": NaN,
        "Net Income From Continuing And Discontinued Operation": NaN,
        "Total Expenses": NaN,
        "Diluted Average Shares": NaN,
        "Basic Average Shares": NaN,
        "Diluted EPS": NaN,
        "Basic EPS": NaN,
        "Diluted NI Availto Com Stockholders": NaN,
        "Net Income Common Stockholders": NaN,
        "Net Income": NaN,
        "Net Income Including Noncontrolling Interests": NaN,
        "Net Income Continuous Operations": NaN,
        "Tax Provision": NaN,
        "Pretax Income": NaN,
        "Special Income Charges": 0.0,
        "Write Off": 0.0,
        "Net Non Operating Interest Income Expense": NaN,
        "Interest Expense Non Operating": NaN,
        "Interest Income Non Operating": NaN,
        "Operating Income": NaN,
        "Operating Expense": NaN,
        "Selling General And Administration": NaN,
        "Gross Profit": NaN,
        "Cost Of Revenue": NaN,
        "Total Revenue": NaN,
        "Operating Revenue": NaN
    },
    "2023-01-31": {
        "Tax Effect Of Unusual Items": NaN,
        "Tax Rate For Calcs": NaN,
        "Normalized EBITDA": NaN,
        "Total Unusual Items": -381000.0,
        "Total Unusual Items Excluding Goodwill": -381000.0,
        "Net Income From Continuing Operation Net Minority Interest": NaN,
        "Reconciled Depreciation": NaN,
        "Reconciled Cost Of Revenue": NaN,
        "EBITDA": NaN,
        "EBIT": NaN,
        "Net Interest Income": NaN,
        "Interest Expense": NaN,
        "Interest Income": NaN,
        "Normalized Income": NaN,
        "Net Income From Continuing And Discontinued Operation": NaN,
        "Total Expenses": NaN,
        "Diluted Average Shares": NaN,
        "Basic Average Shares": NaN,
        "Diluted EPS": NaN,
        "Basic EPS": NaN,
        "Diluted NI Availto Com Stockholders": NaN,
        "Net Income Common Stockholders": NaN,
        "Net Income": NaN,
        "Net Income Including Noncontrolling Interests": NaN,
        "Net Income Continuous Operations": NaN,
        "Tax Provision": NaN,
        "Pretax Income": NaN,
        "Other Income Expense": -381000.0,
        "Special Income Charges": -381000.0,
        "Write Off": 381000.0,
        "Net Non Operating Interest Income Expense": NaN,
        "Interest Expense Non Operating": NaN,
        "Interest Income Non Operating": NaN,
        "Operating Income": NaN,
        "Operating Expense": NaN,
        "Selling General And Administration": NaN,
        "Gross Profit": NaN,
        "Cost Of Revenue": NaN,
        "Total Revenue": NaN,
        "Operating Revenue": NaN
    },
    "2022-10-31": {
        "Tax Effect Of Unusual Items": NaN,
        "Tax Rate For Calcs": NaN,
        "Normalized EBITDA": NaN,
        "Total Unusual Items": 0.0,
        "Total Unusual Items Excluding Goodwill": 0.0,
        "Net Income From Continuing Operation Net Minority Interest": NaN,
        "Reconciled Depreciation": NaN,
        "Reconciled Cost Of Revenue": NaN,
        "EBITDA": NaN,
        "EBIT": NaN,
        "Net Interest Income": NaN,
        "Interest Expense": NaN,
        "Interest Income": NaN,
        "Normalized Income": NaN,
        "Net Income From Continuing And Discontinued Operation": NaN,
        "Total Expenses": NaN,
        "Diluted Average Shares": NaN,
        "Basic Average Shares": NaN,
        "Diluted EPS": NaN,
        "Basic EPS": NaN,
        "Diluted NI Availto Com Stockholders": NaN,
        "Net Income Common Stockholders": NaN,
        "Net Income": NaN,
        "Net Income Including Noncontrolling Interests": NaN,
        "Net Income Continuous Operations": NaN,
        "Tax Provision": NaN,
        "Pretax Income": NaN,
        "Other Income Expense": NaN,
        "Special Income Charges": 0.0,
        "Write Off": 0.0,
        "Net Non Operating Interest Income Expense": NaN,
        "Interest Expense Non Operating": NaN,
        "Interest Income Non Operating": NaN,
        "Operating Income": NaN,
        "Operating Expense": NaN,
        "Selling General And Administration": NaN,
        "Gross Profit": NaN,
        "Cost Of Revenue": NaN,
        "Total Revenue": NaN,
        "Operating Revenue": NaN
    },
    "2022-07-31": {
        "Tax Effect Of Unusual Items": 0.0,
        "Tax Rate For Calcs": 0.25447,
        "Normalized EBITDA": 1314697000.0,
        "Total Unusual Items": 0.0,
        "Total Unusual Items Excluding Goodwill": 0.0,
        "Net Income From Continuing Operation Net Minority Interest": 809340000.0,
        "Reconciled Depreciation": 218100000.0,
        "Reconciled Cost Of Revenue": 8571550000.0,
        "EBITDA": 1314697000.0,
        "EBIT": 1096597000.0,
        "Net Interest Income": -11007000.0,
        "Interest Expense": 11007000.0,
        "Interest Income": 10000000.0,
        "Normalized Income": 809340000.0,
        "Net Income From Continuing And Discontinued Operation": 809340000.0,
        "Total Expenses": 10746411000.0,
        "Diluted Average Shares": 1178000000.0,
        "Basic Average Shares": 1168000000.0,
        "Diluted EPS": 0.69,
        "Basic EPS": 0.69,
        "Diluted NI Availto Com Stockholders": 809340000.0,
        "Net Income Common Stockholders": 809340000.0,
        "Net Income": 809340000.0,
        "Net Income Including Noncontrolling Interests": 809340000.0,
        "Net Income Continuous Operations": 809340000.0,
        "Tax Provision": 276250000.0,
        "Pretax Income": 1085590000.0,
        "Other Income Expense": NaN,
        "Special Income Charges": 0.0,
        "Write Off": 0.0,
        "Net Non Operating Interest Income Expense": -11007000.0,
        "Total Other Finance Cost": NaN,
        "Interest Expense Non Operating": 11007000.0,
        "Interest Income Non Operating": 10000000.0,
        "Operating Income": 1096597000.0,
        "Operating Expense": 2174861000.0,
        "Selling General And Administration": 2174861000.0,
        "Gross Profit": 3271458000.0,
        "Cost Of Revenue": 8571550000.0,
        "Total Revenue": 11843008000.0,
        "Operating Revenue": 11843008000.0
    },
    "2022-04-30": {
        "Diluted EPS": 0.49,
        "Total Revenue": NaN,
        "Gross Profit": NaN,
        "Operating Income": NaN,
        "EBIT": NaN,
        "Net Income": 587
    },
    "2022-01-31": {
        "Diluted EPS": 0.78,
        "Total Revenue": NaN,
        "Gross Profit": NaN,
        "Operating Income": NaN,
        "EBIT": NaN,
        "Net Income": 940
    },
    "2021-10-31": {
        "Diluted EPS": 0.84,
        "Total Revenue": NaN,
        "Gross Profit": NaN,
        "Operating Income": NaN,
        "EBIT": NaN,
        "Net Income": NaN
    },
    "2021-07-31": {
        "Diluted EPS": 0.64,
        "Total Revenue": NaN,
        "Gross Profit": NaN,
        "Operating Income": NaN,
        "EBIT": NaN,
        "Net Income": 786
    },
    "2021-04-30": {
        "Diluted EPS": 0.44,
        "Total Revenue": NaN,
        "Gross Profit": NaN,
        "Operating Income": 766,
        "EBIT": 981,
        "Net Income": 534
    },
    "2021-01-31": {
        "Diluted EPS": 0.28,
        "Total Revenue": NaN,
        "Gross Profit": NaN,
        "Operating Income": 867,
        "EBIT": NaN,
        "Net Income": 325
    },
    "2020-10-31": {
        "Diluted EPS": 0.71,
        "Total Revenue": NaN,
        "Gross Profit": NaN,
        "Operating Income": NaN,
        "EBIT": NaN,
        "Net Income": 867
    },
    "2020-07-31": {
        "Diluted EPS": -0.18,
        "Total Revenue": NaN,
        "Gross Profit": NaN,
        "Operating Income": -35,
        "EBIT": 185,
        "Net Income": -214
    },
    "2020-04-30": {
        "Diluted EPS": -0.74,
        "Total Revenue": NaN,
        "Gross Profit": -6,
        "Operating Income": NaN,
        "EBIT": NaN,
        "Net Income": -887
    },
    "2020-01-31": {
        "Diluted EPS": 0.8,
        "Total Revenue": NaN,
        "Gross Profit": NaN,
        "Operating Income": NaN,
        "EBIT": NaN,
        "Net Income": 985
    },
    "2019-10-31": {
        "Diluted EPS": 0.68,
        "Total Revenue": NaN,
        "Gross Profit": NaN,
        "Operating Income": NaN,
        "EBIT": NaN,
        "Net Income": 828
    },
    "2019-07-31": {
        "Diluted EPS": 0.62,
        "Total Revenue": NaN,
        "Gross Profit": NaN,
        "Operating Income": NaN,
        "EBIT": NaN,
        "Net Income": 759
    },
    "2019-04-30": {
        "Diluted EPS": 0.57,
        "Total Revenue": NaN,
        "Gross Profit": NaN,
        "Operating Income": 937,
        "EBIT": NaN,
        "Net Income": 700
    },
    "2019-01-31": {
        "Diluted EPS": 0.68,
        "Total Revenue": NaN,
        "Gross Profit": NaN,
        "Operating Income": NaN,
        "EBIT": NaN,
        "Net Income": 842
    },
    "2018-10-31": {
        "Diluted EPS": 0.61,
        "Total Revenue": NaN,
        "Gross Profit": NaN,
        "Operating Income": NaN,
        "EBIT": NaN,
        "Net Income": 762
    },
    "2018-07-31": {
        "Diluted EPS": 0.58,
        "Total Revenue": NaN,
        "Gross Profit": NaN,
        "Operating Income": 996,
        "EBIT": NaN,
        "Net Income": 740
    },
    "2018-04-30": {
        "Diluted EPS": 0.56,
        "Total Revenue": NaN,
        "Gross Profit": NaN,
        "Operating Income": 960,
        "EBIT": NaN,
        "Net Income": 716
    },
    "2018-01-31": {
        "Diluted EPS": 0.69,
        "Total Revenue": NaN,
        "Gross Profit": NaN,
        "Operating Income": NaN,
        "EBIT": NaN,
        "Net Income": 877
    },
    "2017-10-31": {
        "Diluted EPS": 0.5,
        "Total Revenue": NaN,
        "Gross Profit": NaN,
        "Operating Income": NaN,
        "EBIT": NaN,
        "Net Income": 641
    },
    "2017-07-31": {
        "Diluted EPS": 0.43,
        "Total Revenue": NaN,
        "Gross Profit": NaN,
        "Operating Income": 901,
        "EBIT": NaN,
        "Net Income": 553
    },
    "2017-04-30": {
        "Diluted EPS": 0.41,
        "Total Revenue": NaN,
        "Gross Profit": NaN,
        "Operating Income": 842,
        "EBIT": NaN,
        "Net Income": 536
    },
    "2017-01-31": {
        "Diluted EPS": 0.52,
        "Total Revenue": NaN,
        "Gross Profit": NaN,
        "Operating Income": NaN,
        "EBIT": NaN,
        "Net Income": 678
    },
    "2016-10-31": {
        "Diluted EPS": 0.42,
        "Total Revenue": NaN,
        "Gross Profit": NaN,
        "Operating Income": 954,
        "EBIT": NaN,
        "Net Income": 550
    },
    "2016-07-31": {
        "Diluted EPS": 0.42,
        "Total Revenue": NaN,
        "Gross Profit": NaN,
        "Operating Income": 926,
        "EBIT": NaN,
        "Net Income": 562
    },
    "2016-04-30": {
        "Diluted EPS": 0.38,
        "Total Revenue": NaN,
        "Gross Profit": NaN,
        "Operating Income": 835,
        "EBIT": NaN,
        "Net Income": 508
    },
    "2016-01-31": {
        "Diluted EPS": 0.49,
        "Total Revenue": NaN,
        "Gross Profit": NaN,
        "Operating Income": NaN,
        "EBIT": NaN,
        "Net Income": 666
    },
    "2015-10-31": {
        "Diluted EPS": 0.43,
        "Total Revenue": NaN,
        "Gross Profit": NaN,
        "Operating Income": 954,
        "EBIT": NaN,
        "Net Income": 587
    },
    "2015-07-31": {
        "Diluted EPS": 0.4,
        "Total Revenue": NaN,
        "Gross Profit": NaN,
        "Operating Income": 897,
        "EBIT": NaN,
        "Net Income": 549
    },
    "2015-04-30": {
        "Diluted EPS": 0.35,
        "Total Revenue": NaN,
        "Gross Profit": NaN,
        "Operating Income": 777,
        "EBIT": 925,
        "Net Income": 475
    },
    "2015-01-31": {
        "Diluted EPS": 0.47,
        "Total Revenue": NaN,
        "Gross Profit": NaN,
        "Operating Income": NaN,
        "EBIT": NaN,
        "Net Income": 648
    },
    "2014-10-31": {
        "Diluted EPS": 0.43,
        "Total Revenue": NaN,
        "Gross Profit": NaN,
        "Operating Income": 969,
        "EBIT": NaN,
        "Net Income": 595
    },
    "2014-07-31": {
        "Diluted EPS": 0.37,
        "Total Revenue": NaN,
        "Gross Profit": NaN,
        "Operating Income": 859,
        "EBIT": NaN,
        "Net Income": 518
    },
    "2014-04-30": {
        "Diluted EPS": 0.32,
        "Total Revenue": NaN,
        "Gross Profit": NaN,
        "Operating Income": 740,
        "EBIT": 884,
        "Net Income": 454
    },
    "2014-01-31": {
        "Diluted EPS": 0.4,
        "Total Revenue": NaN,
        "Gross Profit": NaN,
        "Operating Income": 943,
        "EBIT": NaN,
        "Net Income": 582
    },
    "2013-10-31": {
        "Diluted EPS": 0.43,
        "Total Revenue": NaN,
        "Gross Profit": NaN,
        "Operating Income": 889,
        "EBIT": NaN,
        "Net Income": 623
    },
    "2013-07-31": {
        "Diluted EPS": 0.33,
        "Total Revenue": NaN,
        "Gross Profit": NaN,
        "Operating Income": 781,
        "EBIT": 917,
        "Net Income": 480
    },
    "2013-04-30": {
        "Diluted EPS": 0.31,
        "Total Revenue": NaN,
        "Gross Profit": NaN,
        "Operating Income": 737,
        "EBIT": 868,
        "Net Income": 453
    },
    "2013-01-31": {
        "Diluted EPS": 0.41,
        "Total Revenue": NaN,
        "Gross Profit": NaN,
        "Operating Income": 970,
        "EBIT": NaN,
        "Net Income": 605
    },
    "2012-10-31": {
        "Diluted EPS": 0.31,
        "Total Revenue": NaN,
        "Gross Profit": NaN,
        "Operating Income": 755,
        "EBIT": 880,
        "Net Income": 462
    },
    "2012-07-31": {
        "Diluted EPS": 0.28,
        "Total Revenue": NaN,
        "Gross Profit": NaN,
        "Operating Income": 692,
        "EBIT": 818,
        "Net Income": 421
    },
    "2012-04-30": {
        "Diluted EPS": 0.28,
        "Total Revenue": NaN,
        "Gross Profit": NaN,
        "Operating Income": 690,
        "EBIT": 811,
        "Net Income": 419
    },
    "2012-01-31": {
        "Diluted EPS": 0.31,
        "Total Revenue": NaN,
        "Gross Profit": NaN,
        "Operating Income": 768,
        "EBIT": 896,
        "Net Income": 475
    },
    "2011-10-31": {
        "Diluted EPS": 0.27,
        "Total Revenue": NaN,
        "Gross Profit": NaN,
        "Operating Income": 672,
        "EBIT": 793,
        "Net Income": 406
    },
    "2011-07-31": {
        "Diluted EPS": 0.23,
        "Total Revenue": NaN,
        "Gross Profit": NaN,
        "Operating Income": 569,
        "EBIT": 689,
        "Net Income": 348
    },
    "2011-04-30": {
        "Diluted EPS": 0.17,
        "Total Revenue": NaN,
        "Gross Profit": NaN,
        "Operating Income": 439,
        "EBIT": 555,
        "Net Income": 266
    },
    "2011-01-31": {
        "Diluted EPS": 0.21,
        "Total Revenue": NaN,
        "Gross Profit": NaN,
        "Operating Income": 543,
        "EBIT": 616,
        "Net Income": 334
    },
    "2010-10-31": {
        "Diluted EPS": 0.23,
        "Total Revenue": NaN,
        "Gross Profit": NaN,
        "Operating Income": 607,
        "EBIT": 765,
        "Net Income": 372
    },
    "2010-07-31": {
        "Diluted EPS": 0.19,
        "Total Revenue": NaN,
        "Gross Profit": NaN,
        "Operating Income": 507,
        "EBIT": 607,
        "Net Income": 305
    },
    "2010-04-30": {
        "Diluted EPS": 0.2,
        "Total Revenue": NaN,
        "Gross Profit": NaN,
        "Operating Income": 547,
        "EBIT": 673,
        "Net Income": 331
    },
    "2010-01-31": {
        "Diluted EPS": 0.23,
        "Total Revenue": NaN,
        "Gross Profit": NaN,
        "Operating Income": 644,
        "EBIT": 775,
        "Net Income": 395
    },
    "2009-10-31": {
        "Diluted EPS": 0.2,
        "Total Revenue": NaN,
        "Gross Profit": NaN,
        "Operating Income": 579,
        "EBIT": 703,
        "Net Income": 348
    },
    "2009-07-31": {
        "Diluted EPS": 0.15,
        "Total Revenue": NaN,
        "Gross Profit": NaN,
        "Operating Income": 422,
        "EBIT": 541,
        "Net Income": 262
    },
    "2009-04-30": {
        "Diluted EPS": 0.12,
        "Total Revenue": NaN,
        "Gross Profit": NaN,
        "Operating Income": 346,
        "EBIT": 462,
        "Net Income": 209
    },
    "2009-01-31": {
        "Diluted EPS": 0.15,
        "Total Revenue": NaN,
        "Gross Profit": NaN,
        "Operating Income": 403,
        "EBIT": 517,
        "Net Income": 251
    },
    "2023-07-31": {
        "Tax Effect Of Unusual Items": NaN,
        "Tax Rate For Calcs": NaN,
        "Normalized EBITDA": NaN,
        "Total Unusual Items": 0.0,
        "Total Unusual Items Excluding Goodwill": 0.0,
        "Net Income From Continuing Operation Net Minority Interest": NaN,
        "Reconciled Depreciation": NaN,
        "Reconciled Cost Of Revenue": NaN,
        "EBITDA": NaN,
        "EBIT": NaN,
        "Net Interest Income": NaN,
        "Interest Expense": NaN,
        "Interest Income": NaN,
        "Normalized Income": NaN,
        "Net Income From Continuing And Discontinued Operation": NaN,
        "Total Expenses": NaN,
        "Diluted Average Shares": NaN,
        "Basic Average Shares": NaN,
        "Diluted EPS": NaN,
        "Basic EPS": NaN,
        "Diluted NI Availto Com Stockholders": NaN,
        "Net Income Common Stockholders": NaN,
        "Net Income": NaN,
        "Net Income Including Noncontrolling Interests": NaN,
        "Net Income Continuous Operations": NaN,
        "Tax Provision": NaN,
        "Pretax Income": NaN,
        "Special Income Charges": 0.0,
        "Write Off": 0.0,
        "Net Non Operating Interest Income Expense": NaN,
        "Interest Expense Non Operating": NaN,
        "Interest Income Non Operating": NaN,
        "Operating Income": NaN,
        "Operating Expense": NaN,
        "Selling General And Administration": NaN,
        "Gross Profit": NaN,
        "Cost Of Revenue": NaN,
        "Total Revenue": NaN,
        "Operating Revenue": NaN
    },
    "2023-10-31": {
        "Tax Effect Of Unusual Items": NaN,
        "Tax Rate For Calcs": NaN,
        "Normalized EBITDA": NaN,
        "Total Unusual Items": 0.0,
        "Total Unusual Items Excluding Goodwill": 0.0,
        "Net Income From Continuing Operation Net Minority Interest": NaN,
        "Reconciled Depreciation": NaN,
        "Reconciled Cost Of Revenue": NaN,
        "EBITDA": NaN,
        "EBIT": NaN,
        "Net Interest Income": NaN,
        "Interest Expense": NaN,
        "Interest Income": NaN,
        "Normalized Income": NaN,
        "Net Income From Continuing And Discontinued Operation": NaN,
        "Total Expenses": NaN,
        "Diluted Average Shares": NaN,
        "Basic Average Shares": NaN,
        "Diluted EPS": NaN,
        "Basic EPS": NaN,
        "Diluted NI Availto Com Stockholders": NaN,
        "Net Income Common Stockholders": NaN,
        "Net Income": NaN,
        "Net Income Including Noncontrolling Interests": NaN,
        "Net Income Continuous Operations": NaN,
        "Tax Provision": NaN,
        "Pretax Income": NaN,
        "Special Income Charges": 0.0,
        "Write Off": 0.0,
        "Net Non Operating Interest Income Expense": NaN,
        "Interest Expense Non Operating": NaN,
        "Interest Income Non Operating": NaN,
        "Operating Income": NaN,
        "Operating Expense": NaN,
        "Selling General And Administration": NaN,
        "Gross Profit": NaN,
        "Cost Of Revenue": NaN,
        "Total Revenue": NaN,
        "Operating Revenue": NaN
    },
    "2024-01-31": {
        "Tax Effect Of Unusual Items": NaN,
        "Tax Rate For Calcs": NaN,
        "Normalized EBITDA": NaN,
        "Total Unusual Items": 0.0,
        "Total Unusual Items Excluding Goodwill": 0.0,
        "Net Income From Continuing Operation Net Minority Interest": NaN,
        "Reconciled Depreciation": NaN,
        "Reconciled Cost Of Revenue": NaN,
        "EBITDA": NaN,
        "EBIT": NaN,
        "Net Interest Income": NaN,
        "Interest Expense": NaN,
        "Interest Income": NaN,
        "Normalized Income": NaN,
        "Net Income From Continuing And Discontinued Operation": NaN,
        "Total Expenses": NaN,
        "Diluted Average Shares": NaN,
        "Basic Average Shares": NaN,
        "Diluted EPS": NaN,
        "Basic EPS": NaN,
        "Diluted NI Availto Com Stockholders": NaN,
        "Net Income Common Stockholders": NaN,
        "Net Income": NaN,
        "Net Income Including Noncontrolling Interests": NaN,
        "Net Income Continuous Operations": NaN,
        "Tax Provision": NaN,
        "Pretax Income": NaN,
        "Special Income Charges": 0.0,
        "Write Off": 0.0,
        "Net Non Operating Interest Income Expense": NaN,
        "Interest Expense Non Operating": NaN,
        "Interest Income Non Operating": NaN,
        "Operating Income": NaN,
        "Operating Expense": NaN,
        "Selling General And Administration": NaN,
        "Gross Profit": NaN,
        "Cost Of Revenue": NaN,
        "Total Revenue": NaN,
        "Operating Revenue": NaN
    },
    "2024-04-30": {
        "Tax Effect Of Unusual Items": 0.0,
        "Tax Rate For Calcs": 0.230216,
        "Normalized EBITDA": 1673000000.0,
        "Total Unusual Items": NaN,
        "Total Unusual Items Excluding Goodwill": NaN,
        "Net Income From Continuing Operation Net Minority Interest": 1070000000.0,
        "Reconciled Depreciation": 264000000.0,
        "Reconciled Cost Of Revenue": 8739000000.0,
        "EBITDA": 1673000000.0,
        "EBIT": 1409000000.0,
        "Net Interest Income": 50000000.0,
        "Interest Expense": 19000000.0,
        "Interest Income": 69000000.0,
        "Normalized Income": 1070000000.0,
        "Net Income From Continuing And Discontinued Operation": 1070000000.0,
        "Total Expenses": 11139000000.0,
        "Diluted Average Shares": 1146000000.0,
        "Basic Average Shares": 1130829890.0,
        "Diluted EPS": 0.93,
        "Basic EPS": 0.94481,
        "Diluted NI Availto Com Stockholders": 1070000000.0,
        "Net Income Common Stockholders": 1070000000.0,
        "Net Income": 1070000000.0,
        "Net Income Including Noncontrolling Interests": 1070000000.0,
        "Net Income Continuous Operations": 1070000000.0,
        "Tax Provision": 320000000.0,
        "Pretax Income": 1390000000.0,
        "Special Income Charges": NaN,
        "Write Off": NaN,
        "Net Non Operating Interest Income Expense": 50000000.0,
        "Interest Expense Non Operating": 19000000.0,
        "Interest Income Non Operating": 69000000.0,
        "Operating Income": 1340000000.0,
        "Operating Expense": 2400000000.0,
        "Selling General And Administration": 2400000000.0,
        "Gross Profit": 3740000000.0,
        "Cost Of Revenue": 8739000000.0,
        "Total Revenue": 12479000000.0,
        "Operating Revenue": 12479000000.0
    },
    "2024-07-31": {
        "Tax Effect Of Unusual Items": 0.0,
        "Tax Rate For Calcs": 0.251,
        "Normalized EBITDA": 1753000000.0,
        "Total Unusual Items": NaN,
        "Total Unusual Items Excluding Goodwill": NaN,
        "Net Income From Continuing Operation Net Minority Interest": 1099000000.0,
        "Reconciled Depreciation": 265000000.0,
        "Reconciled Cost Of Revenue": 9380000000.0,
        "EBITDA": 1753000000.0,
        "EBIT": 1488000000.0,
        "Net Interest Income": 46000000.0,
        "Interest Expense": 20000000.0,
        "Interest Income": 66000000.0,
        "Normalized Income": 1099000000.0,
        "Net Income From Continuing And Discontinued Operation": 1099000000.0,
        "Total Expenses": 12046000000.0,
        "Diluted Average Shares": 1144000000.0,
        "Basic Average Shares": 1127978175.0,
        "Diluted EPS": 0.96,
        "Basic EPS": 0.972438,
        "Diluted NI Availto Com Stockholders": 1099000000.0,
        "Net Income Common Stockholders": 1099000000.0,
        "Net Income": 1099000000.0,
        "Net Income Including Noncontrolling Interests": 1099000000.0,
        "Net Income Continuous Operations": 1099000000.0,
        "Tax Provision": 369000000.0,
        "Pretax Income": 1468000000.0,
        "Special Income Charges": NaN,
        "Write Off": NaN,
        "Net Non Operating Interest Income Expense": 46000000.0,
        "Interest Expense Non Operating": 20000000.0,
        "Interest Income Non Operating": 66000000.0,
        "Operating Income": 1422000000.0,
        "Operating Expense": 2666000000.0,
        "Selling General And Administration": 2666000000.0,
        "Gross Profit": 4088000000.0,
        "Cost Of Revenue": 9380000000.0,
        "Total Revenue": 13468000000.0,
        "Operating Revenue": 13468000000.0
    },
    "2024-10-31": {
        "Tax Effect Of Unusual Items": 0.0,
        "Tax Rate For Calcs": 0.253,
        "Normalized EBITDA": 2022000000.0,
        "Total Unusual Items": NaN,
        "Total Unusual Items Excluding Goodwill": NaN,
        "Net Income From Continuing Operation Net Minority Interest": 1297000000.0,
        "Reconciled Depreciation": 266000000.0,
        "Reconciled Cost Of Revenue": 9622000000.0,
        "EBITDA": 2022000000.0,
        "EBIT": 1756000000.0,
        "Net Interest Income": 43000000.0,
        "Interest Expense": 20000000.0,
        "Interest Income": 63000000.0,
        "Normalized Income": 1297000000.0,
        "Net Income From Continuing And Discontinued Operation": 1297000000.0,
        "Total Expenses": 12370000000.0,
        "Diluted Average Shares": 1141000000.0,
        "Basic Average Shares": 1124355838.0,
        "Diluted EPS": 1.14,
        "Basic EPS": 1.149952,
        "Diluted NI Availto Com Stockholders": 1297000000.0,
        "Net Income Common Stockholders": 1297000000.0,
        "Net Income": 1297000000.0,
        "Net Income Including Noncontrolling Interests": 1297000000.0,
        "Net Income Continuous Operations": 1297000000.0,
        "Tax Provision": 439000000.0,
        "Pretax Income": 1736000000.0,
        "Special Income Charges": NaN,
        "Write Off": NaN,
        "Net Non Operating Interest Income Expense": 43000000.0,
        "Interest Expense Non Operating": 20000000.0,
        "Interest Income Non Operating": 63000000.0,
        "Operating Income": 1693000000.0,
        "Operating Expense": 2748000000.0,
        "Selling General And Administration": 2748000000.0,
        "Gross Profit": 4441000000.0,
        "Cost Of Revenue": 9622000000.0,
        "Total Revenue": 14063000000.0,
        "Operating Revenue": 14063000000.0
    },
    "2025-01-31": {
        "Tax Effect Of Unusual Items": 0.0,
        "Tax Rate For Calcs": 0.259926,
        "Normalized EBITDA": 2215000000.0,
        "Total Unusual Items": NaN,
        "Total Unusual Items Excluding Goodwill": NaN,
        "Net Income From Continuing Operation Net Minority Interest": 1398000000.0,
        "Reconciled Depreciation": 309000000.0,
        "Reconciled Cost Of Revenue": 11371000000.0,
        "EBITDA": 2215000000.0,
        "EBIT": 1906000000.0,
        "Net Interest Income": 42000000.0,
        "Interest Expense": 17000000.0,
        "Interest Income": 59000000.0,
        "Normalized Income": 1398000000.0,
        "Net Income From Continuing And Discontinued Operation": 1398000000.0,
        "Total Expenses": 14503000000.0,
        "Diluted Average Shares": 1138000000.0,
        "Basic Average Shares": 1119333622.0,
        "Diluted EPS": 1.23,
        "Basic EPS": 1.243597,
        "Diluted NI Availto Com Stockholders": 1398000000.0,
        "Net Income Common Stockholders": 1398000000.0,
        "Net Income": 1398000000.0,
        "Net Income Including Noncontrolling Interests": 1398000000.0,
        "Net Income Continuous Operations": 1398000000.0,
        "Tax Provision": 491000000.0,
        "Pretax Income": 1889000000.0,
        "Special Income Charges": NaN,
        "Write Off": NaN,
        "Net Non Operating Interest Income Expense": 42000000.0,
        "Interest Expense Non Operating": 17000000.0,
        "Interest Income Non Operating": 59000000.0,
        "Operating Income": 1847000000.0,
        "Operating Expense": 3132000000.0,
        "Selling General And Administration": 3132000000.0,
        "Gross Profit": 4979000000.0,
        "Cost Of Revenue": 11371000000.0,
        "Total Revenue": 16350000000.0,
        "Operating Revenue": 16350000000.0
    },
    "2025-04-30": {
        "Tax Effect Of Unusual Items": 0.0,
        "Tax Rate For Calcs": 0.23,
        "Normalized EBITDA": 1660000000.0,
        "Total Unusual Items": NaN,
        "Total Unusual Items Excluding Goodwill": NaN,
        "Net Income From Continuing Operation Net Minority Interest": 1036000000.0,
        "Reconciled Depreciation": 296000000.0,
        "Reconciled Cost Of Revenue": 9246000000.0,
        "EBITDA": 1660000000.0,
        "EBIT": 1364000000.0,
        "Net Interest Income": 30000000.0,
        "Interest Expense": 18000000.0,
        "Interest Income": 48000000.0,
        "Normalized Income": 1036000000.0,
        "Net Income From Continuing And Discontinued Operation": 1036000000.0,
        "Total Expenses": 11795000000.0,
        "Diluted Average Shares": 1132000000.0,
        "Basic Average Shares": 1115814224.0,
        "Diluted EPS": 0.92,
        "Basic EPS": 0.927907,
        "Diluted NI Availto Com Stockholders": 1036000000.0,
        "Net Income Common Stockholders": 1036000000.0,
        "Net Income": 1036000000.0,
        "Net Income Including Noncontrolling Interests": 1036000000.0,
        "Net Income Continuous Operations": 1036000000.0,
        "Tax Provision": 310000000.0,
        "Pretax Income": 1346000000.0,
        "Special Income Charges": NaN,
        "Write Off": NaN,
        "Net Non Operating Interest Income Expense": 30000000.0,
        "Interest Expense Non Operating": 18000000.0,
        "Interest Income Non Operating": 48000000.0,
        "Operating Income": 1316000000.0,
        "Operating Expense": 2549000000.0,
        "Selling General And Administration": 2549000000.0,
        "Gross Profit": 3865000000.0,
        "Cost Of Revenue": 9246000000.0,
        "Total Revenue": 13111000000.0,
        "Operating Revenue": 13111000000.0
    }
}