{
    "2023-03-31": {
        "Tax Effect Of Unusual Items": NaN,
        "Tax Rate For Calcs": NaN,
        "Normalized EBITDA": NaN,
        "Total Unusual Items": NaN,
        "Total Unusual Items Excluding Goodwill": NaN,
        "Net Income From Continuing Operation Net Minority Interest": NaN,
        "Reconciled Depreciation": NaN,
        "Reconciled Cost Of Revenue": NaN,
        "EBITDA": NaN,
        "EBIT": NaN,
        "Net Interest Income": NaN,
        "Interest Expense": NaN,
        "Interest Income": NaN,
        "Normalized Income": NaN,
        "Net Income From Continuing And Discontinued Operation": NaN,
        "Total Expenses": NaN,
        "Total Operating Income As Reported": NaN,
        "Diluted Average Shares": NaN,
        "Basic Average Shares": NaN,
        "Diluted EPS": NaN,
        "Basic EPS": NaN,
        "Diluted NI Availto Com Stockholders": NaN,
        "Net Income Common Stockholders": NaN,
        "Net Income": NaN,
        "Minority Interests": NaN,
        "Net Income Including Noncontrolling Interests": NaN,
        "Net Income Discontinuous Operations": NaN,
        "Net Income Continuous Operations": NaN,
        "Tax Provision": NaN,
        "Pretax Income": NaN,
        "Other Income Expense": NaN,
        "Other Non Operating Income Expenses": NaN,
        "Special Income Charges": NaN,
        "Gain On Sale Of Ppe": NaN,
        "Gain On Sale Of Business": NaN,
        "Other Special Charges": NaN,
        "Write Off": NaN,
        "Impairment Of Capital Assets": NaN,
        "Restructuring And Mergern Acquisition": NaN,
        "Earnings From Equity Interest": NaN,
        "Gain On Sale Of Security": NaN,
        "Net Non Operating Interest Income Expense": NaN,
        "Total Other Finance Cost": NaN,
        "Interest Expense Non Operating": NaN,
        "Interest Income Non Operating": NaN,
        "Operating Income": NaN,
        "Operating Expense": NaN,
        "Other Operating Expenses": -59900000.0,
        "Other Taxes": NaN,
        "Selling General And Administration": NaN,
        "Selling And Marketing Expense": NaN,
        "General And Administrative Expense": NaN,
        "Other Gand A": NaN,
        "Gross Profit": NaN,
        "Cost Of Revenue": NaN,
        "Total Revenue": NaN,
        "Operating Revenue": NaN
    },
    "2022-12-31": {
        "Tax Effect Of Unusual Items": -754221520.0,
        "Tax Rate For Calcs": 0.23,
        "Normalized EBITDA": 15804291000.0,
        "Total Unusual Items": -3279224000.0,
        "Total Unusual Items Excluding Goodwill": -3279224000.0,
        "Net Income From Continuing Operation Net Minority Interest": -881232000.0,
        "Reconciled Depreciation": 14594338000.0,
        "Reconciled Cost Of Revenue": 26675787000.0,
        "EBITDA": 12525067000.0,
        "EBIT": -2069271000.0,
        "Net Interest Income": 425670000.0,
        "Interest Expense": 999378000.0,
        "Interest Income": 142237000.0,
        "Normalized Income": 1643770480.0,
        "Net Income From Continuing And Discontinued Operation": -881232000.0,
        "Total Expenses": 28868773000.0,
        "Total Operating Income As Reported": -11752421000.0,
        "Diluted Average Shares": NaN,
        "Basic Average Shares": NaN,
        "Diluted EPS": NaN,
        "Basic EPS": NaN,
        "Diluted NI Availto Com Stockholders": -881232000.0,
        "Net Income Common Stockholders": -881232000.0,
        "Net Income": -881232000.0,
        "Minority Interests": 879000.0,
        "Net Income Including Noncontrolling Interests": -882111000.0,
        "Net Income Continuous Operations": -882111000.0,
        "Tax Provision": -2186538000.0,
        "Pretax Income": -3068649000.0,
        "Other Income Expense": 1664739000.0,
        "Special Income Charges": -585980000.0,
        "Gain On Sale Of Ppe": -89315000.0,
        "Other Special Charges": 205870000.0,
        "Write Off": 117697000.0,
        "Impairment Of Capital Assets": NaN,
        "Restructuring And Mergern Acquisition": 173098000.0,
        "Earnings From Equity Interest": 378387000.0,
        "Gain On Sale Of Security": -2693244000.0,
        "Net Non Operating Interest Income Expense": 425670000.0,
        "Total Other Finance Cost": -1282811000.0,
        "Interest Expense Non Operating": 999378000.0,
        "Interest Income Non Operating": 142237000.0,
        "Operating Income": -5159058000.0,
        "Operating Expense": 2192986000.0,
        "Other Operating Expenses": NaN,
        "Other Taxes": NaN,
        "Selling General And Administration": 1878699000.0,
        "Selling And Marketing Expense": -158616000.0,
        "General And Administrative Expense": 2037315000.0,
        "Other Gand A": -535034000.0,
        "Gross Profit": -2966072000.0,
        "Cost Of Revenue": 26675787000.0,
        "Total Revenue": 23709715000.0,
        "Operating Revenue": 23709715000.0
    },
    "2022-09-30": {
        "Tax Effect Of Unusual Items": NaN,
        "Tax Rate For Calcs": NaN,
        "Normalized EBITDA": NaN,
        "Total Unusual Items": NaN,
        "Total Unusual Items Excluding Goodwill": NaN,
        "Net Income From Continuing Operation Net Minority Interest": NaN,
        "Reconciled Depreciation": NaN,
        "Reconciled Cost Of Revenue": NaN,
        "EBITDA": NaN,
        "EBIT": NaN,
        "Net Interest Income": NaN,
        "Interest Expense": NaN,
        "Interest Income": NaN,
        "Normalized Income": NaN,
        "Net Income From Continuing And Discontinued Operation": NaN,
        "Total Expenses": NaN,
        "Total Operating Income As Reported": NaN,
        "Diluted Average Shares": 871211636.0,
        "Basic Average Shares": 871211636.0,
        "Diluted EPS": 2.75,
        "Basic EPS": 2.75,
        "Diluted NI Availto Com Stockholders": NaN,
        "Net Income Common Stockholders": NaN,
        "Net Income": NaN,
        "Minority Interests": NaN,
        "Net Income Including Noncontrolling Interests": NaN,
        "Net Income Discontinuous Operations": NaN,
        "Net Income Continuous Operations": NaN,
        "Tax Provision": NaN,
        "Pretax Income": NaN,
        "Other Income Expense": NaN,
        "Other Non Operating Income Expenses": NaN,
        "Special Income Charges": NaN,
        "Gain On Sale Of Ppe": NaN,
        "Other Special Charges": NaN,
        "Write Off": NaN,
        "Impairment Of Capital Assets": 4643000.0,
        "Restructuring And Mergern Acquisition": NaN,
        "Earnings From Equity Interest": NaN,
        "Gain On Sale Of Security": NaN,
        "Net Non Operating Interest Income Expense": NaN,
        "Total Other Finance Cost": NaN,
        "Interest Expense Non Operating": NaN,
        "Interest Income Non Operating": NaN,
        "Operating Income": NaN,
        "Operating Expense": NaN,
        "Other Operating Expenses": 44355000.0,
        "Other Taxes": 0.0,
        "Selling General And Administration": NaN,
        "Selling And Marketing Expense": NaN,
        "General And Administrative Expense": NaN,
        "Other Gand A": NaN,
        "Gross Profit": NaN,
        "Cost Of Revenue": NaN,
        "Total Revenue": NaN,
        "Operating Revenue": NaN
    },
    "2022-06-30": {
        "Tax Effect Of Unusual Items": -166662400.0,
        "Tax Rate For Calcs": 0.4,
        "Normalized EBITDA": 5163893000.0,
        "Total Unusual Items": -416656000.0,
        "Total Unusual Items Excluding Goodwill": -416656000.0,
        "Net Income From Continuing Operation Net Minority Interest": 1858214000.0,
        "Reconciled Depreciation": 2290437000.0,
        "Reconciled Cost Of Revenue": 8907511000.0,
        "EBITDA": 4747237000.0,
        "EBIT": 2456800000.0,
        "Net Interest Income": -395436000.0,
        "Interest Expense": 674468000.0,
        "Interest Income": 380852000.0,
        "Normalized Income": 2108207600.0,
        "Net Income From Continuing And Discontinued Operation": 1858214000.0,
        "Total Expenses": 9831529000.0,
        "Total Operating Income As Reported": 4508624000.0,
        "Diluted Average Shares": 874453647.0,
        "Basic Average Shares": 874453647.0,
        "Diluted EPS": 2.125,
        "Basic EPS": 2.125,
        "Diluted NI Availto Com Stockholders": 1858214000.0,
        "Net Income Common Stockholders": 1858214000.0,
        "Net Income": 1858214000.0,
        "Minority Interests": 32000.0,
        "Net Income Including Noncontrolling Interests": 1858182000.0,
        "Net Income Continuous Operations": 1858182000.0,
        "Tax Provision": -75850000.0,
        "Pretax Income": 1782332000.0,
        "Other Income Expense": -467759000.0,
        "Special Income Charges": 46142000.0,
        "Gain On Sale Of Ppe": 18781000.0,
        "Other Special Charges": 13231000.0,
        "Write Off": 95541000.0,
        "Restructuring And Mergern Acquisition": -136133000.0,
        "Earnings From Equity Interest": -51103000.0,
        "Gain On Sale Of Security": -462798000.0,
        "Net Non Operating Interest Income Expense": -395436000.0,
        "Total Other Finance Cost": 101820000.0,
        "Interest Expense Non Operating": 674468000.0,
        "Interest Income Non Operating": 380852000.0,
        "Operating Income": 2645527000.0,
        "Operating Expense": 924018000.0,
        "Other Operating Expenses": NaN,
        "Other Taxes": NaN,
        "Selling General And Administration": 924018000.0,
        "Selling And Marketing Expense": 575875000.0,
        "General And Administrative Expense": 348143000.0,
        "Other Gand A": 348143000.0,
        "Gross Profit": 3569545000.0,
        "Cost Of Revenue": 8907511000.0,
        "Total Revenue": 12477056000.0,
        "Operating Revenue": 12477056000.0
    },
    "2022-03-31": {
        "Diluted EPS": 0.07,
        "Total Revenue": 770,
        "Gross Profit": 224,
        "Operating Income": 161,
        "EBIT": 312,
        "Net Income": 58
    },
    "2021-06-30": {
        "Diluted EPS": 0.15,
        "Total Revenue": NaN,
        "Gross Profit": 288,
        "Operating Income": 171,
        "EBIT": 351,
        "Net Income": 133
    },
    "2021-03-31": {
        "Diluted EPS": 0.17,
        "Total Revenue": NaN,
        "Gross Profit": 307,
        "Operating Income": 222,
        "EBIT": 447,
        "Net Income": 150
    },
    "2020-12-31": {
        "Diluted EPS": 0.2,
        "Total Revenue": NaN,
        "Gross Profit": 294,
        "Operating Income": 157,
        "EBIT": 412,
        "Net Income": 173
    },
    "2020-09-30": {
        "Diluted EPS": 0.19,
        "Total Revenue": NaN,
        "Gross Profit": 334,
        "Operating Income": 259,
        "EBIT": 450,
        "Net Income": 168
    },
    "2020-06-30": {
        "Diluted EPS": 0.14,
        "Total Revenue": NaN,
        "Gross Profit": 288,
        "Operating Income": 193,
        "EBIT": 380,
        "Net Income": 124
    },
    "2020-03-31": {
        "Diluted EPS": 0.16,
        "Total Revenue": NaN,
        "Gross Profit": 343,
        "Operating Income": 220,
        "EBIT": 445,
        "Net Income": 143
    },
    "2019-12-31": {
        "Diluted EPS": 0.14,
        "Total Revenue": NaN,
        "Gross Profit": 355,
        "Operating Income": 210,
        "EBIT": 455,
        "Net Income": 122
    },
    "2019-09-30": {
        "Diluted EPS": 0.16,
        "Total Revenue": NaN,
        "Gross Profit": 407,
        "Operating Income": 273,
        "EBIT": 500,
        "Net Income": 141
    },
    "2019-06-30": {
        "Diluted EPS": 0.09,
        "Total Revenue": NaN,
        "Gross Profit": 325,
        "Operating Income": 207,
        "EBIT": 404,
        "Net Income": 79
    },
    "2019-03-31": {
        "Diluted EPS": 0.26,
        "Total Revenue": NaN,
        "Gross Profit": 329,
        "Operating Income": 196,
        "EBIT": 415,
        "Net Income": 228
    },
    "2018-12-31": {
        "Diluted EPS": 0.17,
        "Total Revenue": 924,
        "Gross Profit": 278,
        "Operating Income": 158,
        "EBIT": 501,
        "Net Income": 147
    },
    "2018-09-30": {
        "Diluted EPS": 0.05,
        "Total Revenue": NaN,
        "Gross Profit": 370,
        "Operating Income": 233,
        "EBIT": 309,
        "Net Income": 43
    },
    "2018-06-30": {
        "Diluted EPS": 0.11,
        "Total Revenue": NaN,
        "Gross Profit": 394,
        "Operating Income": 243,
        "EBIT": 451,
        "Net Income": 95
    },
    "2018-03-31": {
        "Diluted EPS": 0.15,
        "Total Revenue": NaN,
        "Gross Profit": 432,
        "Operating Income": 265,
        "EBIT": 522,
        "Net Income": 131
    },
    "2017-12-31": {
        "Diluted EPS": 0.06,
        "Total Revenue": NaN,
        "Gross Profit": 426,
        "Operating Income": 99,
        "EBIT": 270,
        "Net Income": 49
    },
    "2017-09-30": {
        "Diluted EPS": 0.19,
        "Total Revenue": NaN,
        "Gross Profit": 474,
        "Operating Income": 268,
        "EBIT": 461,
        "Net Income": 171
    },
    "2017-06-30": {
        "Diluted EPS": 0.22,
        "Total Revenue": NaN,
        "Gross Profit": 428,
        "Operating Income": 225,
        "EBIT": 400,
        "Net Income": 197
    },
    "2017-03-31": {
        "Diluted EPS": 0.14,
        "Total Revenue": NaN,
        "Gross Profit": 394,
        "Operating Income": 213,
        "EBIT": 385,
        "Net Income": 126
    },
    "2016-12-31": {
        "Diluted EPS": 0.12,
        "Total Revenue": NaN,
        "Gross Profit": 438,
        "Operating Income": 224,
        "EBIT": 413,
        "Net Income": 104
    },
    "2016-09-30": {
        "Diluted EPS": 0.06,
        "Total Revenue": NaN,
        "Gross Profit": 434,
        "Operating Income": 151,
        "EBIT": 338,
        "Net Income": 55
    },
    "2016-06-30": {
        "Diluted EPS": 0.17,
        "Total Revenue": NaN,
        "Gross Profit": 387,
        "Operating Income": 164,
        "EBIT": 363,
        "Net Income": 144
    },
    "2016-03-31": {
        "Diluted EPS": 0.22,
        "Total Revenue": NaN,
        "Gross Profit": 410,
        "Operating Income": 182,
        "EBIT": 336,
        "Net Income": 191
    },
    "2015-12-31": {
        "Diluted EPS": 0.23,
        "Total Revenue": NaN,
        "Gross Profit": 421,
        "Operating Income": 183,
        "EBIT": 335,
        "Net Income": 199
    },
    "2015-09-30": {
        "Diluted EPS": 0.29,
        "Total Revenue": NaN,
        "Gross Profit": 377,
        "Operating Income": 145,
        "EBIT": 398,
        "Net Income": 257
    },
    "2015-06-30": {
        "Diluted EPS": 0.31,
        "Total Revenue": NaN,
        "Gross Profit": 447,
        "Operating Income": 171,
        "EBIT": 223,
        "Net Income": 267
    },
    "2015-03-31": {
        "Diluted EPS": 0.15,
        "Total Revenue": NaN,
        "Gross Profit": 330,
        "Operating Income": 58,
        "EBIT": 219,
        "Net Income": 136
    },
    "2014-12-31": {
        "Diluted EPS": 0.23,
        "Total Revenue": NaN,
        "Gross Profit": 505,
        "Operating Income": 209,
        "EBIT": 957,
        "Net Income": 205
    },
    "2014-09-30": {
        "Diluted EPS": 0.38,
        "Total Revenue": NaN,
        "Gross Profit": 544,
        "Operating Income": 250,
        "EBIT": -112,
        "Net Income": 338
    },
    "2014-06-30": {
        "Diluted EPS": 0.27,
        "Total Revenue": NaN,
        "Gross Profit": 567,
        "Operating Income": 278,
        "EBIT": 460,
        "Net Income": 238
    },
    "2014-03-31": {
        "Diluted EPS": 0.18,
        "Total Revenue": NaN,
        "Gross Profit": 500,
        "Operating Income": 219,
        "EBIT": 399,
        "Net Income": 163
    },
    "2013-12-31": {
        "Diluted EPS": 0.3,
        "Total Revenue": NaN,
        "Gross Profit": 512,
        "Operating Income": 202,
        "EBIT": 436,
        "Net Income": 254
    },
    "2013-09-30": {
        "Diluted EPS": 0.4,
        "Total Revenue": NaN,
        "Gross Profit": 621,
        "Operating Income": 320,
        "EBIT": 514,
        "Net Income": 355
    },
    "2013-06-30": {
        "Diluted EPS": 0.32,
        "Total Revenue": NaN,
        "Gross Profit": 497,
        "Operating Income": 167,
        "EBIT": 365,
        "Net Income": 285
    },
    "2013-03-31": {
        "Diluted EPS": 0.36,
        "Total Revenue": NaN,
        "Gross Profit": 550,
        "Operating Income": 240,
        "EBIT": 442,
        "Net Income": 315
    },
    "2012-12-31": {
        "Diluted EPS": 0.29,
        "Total Revenue": NaN,
        "Gross Profit": 578,
        "Operating Income": 221,
        "EBIT": 443,
        "Net Income": 256
    },
    "2012-09-30": {
        "Diluted EPS": 0.35,
        "Total Revenue": NaN,
        "Gross Profit": 605,
        "Operating Income": 273,
        "EBIT": 463,
        "Net Income": 317
    },
    "2012-06-30": {
        "Diluted EPS": 0.33,
        "Total Revenue": NaN,
        "Gross Profit": 529,
        "Operating Income": 216,
        "EBIT": 407,
        "Net Income": 294
    },
    "2012-03-31": {
        "Diluted EPS": 0.21,
        "Total Revenue": NaN,
        "Gross Profit": 367,
        "Operating Income": 68,
        "EBIT": 255,
        "Net Income": 187
    },
    "2011-12-31": {
        "Diluted EPS": 0.21,
        "Total Revenue": NaN,
        "Gross Profit": 435,
        "Operating Income": -29,
        "EBIT": 283,
        "Net Income": 189
    },
    "2011-09-30": {
        "Diluted EPS": 0.36,
        "Total Revenue": NaN,
        "Gross Profit": 613,
        "Operating Income": 313,
        "EBIT": 508,
        "Net Income": 314
    },
    "2011-06-30": {
        "Diluted EPS": 0.33,
        "Total Revenue": NaN,
        "Gross Profit": 552,
        "Operating Income": 230,
        "EBIT": 472,
        "Net Income": 277
    },
    "2011-03-31": {
        "Diluted EPS": 0.25,
        "Total Revenue": NaN,
        "Gross Profit": 552,
        "Operating Income": 221,
        "EBIT": 398,
        "Net Income": 210
    },
    "2010-12-31": {
        "Diluted EPS": 0.26,
        "Total Revenue": NaN,
        "Gross Profit": 420,
        "Operating Income": 35,
        "EBIT": -175,
        "Net Income": 232
    },
    "2010-09-30": {
        "Diluted EPS": 0.42,
        "Total Revenue": NaN,
        "Gross Profit": 697,
        "Operating Income": 366,
        "EBIT": 554,
        "Net Income": 367
    },
    "2010-06-30": {
        "Diluted EPS": 0.31,
        "Total Revenue": NaN,
        "Gross Profit": 669,
        "Operating Income": 293,
        "EBIT": 439,
        "Net Income": 277
    },
    "2010-03-31": {
        "Diluted EPS": 0.31,
        "Total Revenue": NaN,
        "Gross Profit": 643,
        "Operating Income": 301,
        "EBIT": 471,
        "Net Income": 277
    },
    "2009-12-31": {
        "Diluted EPS": 0.19,
        "Total Revenue": NaN,
        "Gross Profit": 632,
        "Operating Income": 270,
        "EBIT": 459,
        "Net Income": 171
    },
    "2009-09-30": {
        "Diluted EPS": 0.38,
        "Total Revenue": NaN,
        "Gross Profit": 752,
        "Operating Income": 395,
        "EBIT": 545,
        "Net Income": 333
    },
    "2009-06-30": {
        "Diluted EPS": 0.28,
        "Total Revenue": NaN,
        "Gross Profit": 657,
        "Operating Income": 316,
        "EBIT": 449,
        "Net Income": 246
    },
    "2009-03-31": {
        "Diluted EPS": 0.16,
        "Total Revenue": NaN,
        "Gross Profit": 652,
        "Operating Income": 354,
        "EBIT": 472,
        "Net Income": 344
    },
    "2023-06-30": {
        "Tax Effect Of Unusual Items": NaN,
        "Tax Rate For Calcs": NaN,
        "Normalized EBITDA": NaN,
        "Total Unusual Items": NaN,
        "Total Unusual Items Excluding Goodwill": NaN,
        "Net Income From Continuing Operation Net Minority Interest": NaN,
        "Reconciled Depreciation": NaN,
        "Reconciled Cost Of Revenue": NaN,
        "EBITDA": NaN,
        "EBIT": NaN,
        "Net Interest Income": NaN,
        "Interest Expense": NaN,
        "Interest Income": NaN,
        "Normalized Income": NaN,
        "Net Income From Continuing And Discontinued Operation": NaN,
        "Total Expenses": NaN,
        "Total Operating Income As Reported": NaN,
        "Diluted Average Shares": 863540000.0,
        "Basic Average Shares": 863540000.0,
        "Diluted EPS": -0.95,
        "Basic EPS": -0.95,
        "Diluted NI Availto Com Stockholders": NaN,
        "Net Income Common Stockholders": NaN,
        "Net Income": NaN,
        "Minority Interests": NaN,
        "Net Income Including Noncontrolling Interests": NaN,
        "Net Income Discontinuous Operations": 698789000.0,
        "Net Income Continuous Operations": NaN,
        "Tax Provision": NaN,
        "Pretax Income": NaN,
        "Other Income Expense": NaN,
        "Other Non Operating Income Expenses": 644198000.0,
        "Special Income Charges": NaN,
        "Gain On Sale Of Ppe": NaN,
        "Gain On Sale Of Business": NaN,
        "Other Special Charges": NaN,
        "Write Off": NaN,
        "Impairment Of Capital Assets": NaN,
        "Restructuring And Mergern Acquisition": NaN,
        "Earnings From Equity Interest": NaN,
        "Gain On Sale Of Security": NaN,
        "Net Non Operating Interest Income Expense": NaN,
        "Total Other Finance Cost": NaN,
        "Interest Expense Non Operating": NaN,
        "Interest Income Non Operating": NaN,
        "Operating Income": NaN,
        "Operating Expense": NaN,
        "Other Operating Expenses": -231241000.0,
        "Other Taxes": 621000.0,
        "Selling General And Administration": NaN,
        "Selling And Marketing Expense": NaN,
        "General And Administrative Expense": NaN,
        "Other Gand A": NaN,
        "Gross Profit": NaN,
        "Cost Of Revenue": NaN,
        "Total Revenue": NaN,
        "Operating Revenue": NaN
    },
    "2023-09-30": {
        "Tax Effect Of Unusual Items": NaN,
        "Tax Rate For Calcs": NaN,
        "Normalized EBITDA": NaN,
        "Total Unusual Items": NaN,
        "Total Unusual Items Excluding Goodwill": NaN,
        "Net Income From Continuing Operation Net Minority Interest": NaN,
        "Reconciled Depreciation": NaN,
        "Reconciled Cost Of Revenue": NaN,
        "EBITDA": NaN,
        "EBIT": NaN,
        "Net Interest Income": NaN,
        "Interest Expense": NaN,
        "Interest Income": NaN,
        "Normalized Income": NaN,
        "Net Income From Continuing And Discontinued Operation": NaN,
        "Total Expenses": NaN,
        "Total Operating Income As Reported": NaN,
        "Diluted Average Shares": 872834951.0,
        "Basic Average Shares": 872834951.0,
        "Diluted EPS": -5.15,
        "Basic EPS": -5.15,
        "Diluted NI Availto Com Stockholders": NaN,
        "Net Income Common Stockholders": NaN,
        "Net Income": NaN,
        "Minority Interests": NaN,
        "Net Income Including Noncontrolling Interests": NaN,
        "Net Income Discontinuous Operations": NaN,
        "Net Income Continuous Operations": NaN,
        "Tax Provision": NaN,
        "Pretax Income": NaN,
        "Other Income Expense": NaN,
        "Other Non Operating Income Expenses": NaN,
        "Special Income Charges": NaN,
        "Gain On Sale Of Ppe": NaN,
        "Gain On Sale Of Business": 0.0,
        "Other Special Charges": NaN,
        "Write Off": NaN,
        "Impairment Of Capital Assets": 14091000.0,
        "Restructuring And Mergern Acquisition": NaN,
        "Earnings From Equity Interest": NaN,
        "Gain On Sale Of Security": NaN,
        "Net Non Operating Interest Income Expense": NaN,
        "Total Other Finance Cost": NaN,
        "Interest Expense Non Operating": NaN,
        "Interest Income Non Operating": NaN,
        "Operating Income": NaN,
        "Operating Expense": NaN,
        "Other Operating Expenses": 2000457000.0,
        "Other Taxes": 11000.0,
        "Selling General And Administration": NaN,
        "Selling And Marketing Expense": NaN,
        "General And Administrative Expense": NaN,
        "Other Gand A": NaN,
        "Gross Profit": NaN,
        "Cost Of Revenue": NaN,
        "Total Revenue": NaN,
        "Operating Revenue": NaN
    },
    "2023-12-31": {
        "Tax Effect Of Unusual Items": NaN,
        "Tax Rate For Calcs": NaN,
        "Normalized EBITDA": NaN,
        "Total Unusual Items": NaN,
        "Total Unusual Items Excluding Goodwill": NaN,
        "Net Income From Continuing Operation Net Minority Interest": NaN,
        "Reconciled Depreciation": NaN,
        "Reconciled Cost Of Revenue": NaN,
        "EBITDA": NaN,
        "EBIT": NaN,
        "Net Interest Income": NaN,
        "Interest Expense": NaN,
        "Interest Income": NaN,
        "Normalized Income": NaN,
        "Net Income From Continuing And Discontinued Operation": NaN,
        "Total Expenses": NaN,
        "Total Operating Income As Reported": NaN,
        "Diluted Average Shares": NaN,
        "Basic Average Shares": NaN,
        "Diluted EPS": NaN,
        "Basic EPS": NaN,
        "Diluted NI Availto Com Stockholders": NaN,
        "Net Income Common Stockholders": NaN,
        "Net Income": NaN,
        "Minority Interests": NaN,
        "Net Income Including Noncontrolling Interests": NaN,
        "Net Income Discontinuous Operations": NaN,
        "Net Income Continuous Operations": NaN,
        "Tax Provision": NaN,
        "Pretax Income": NaN,
        "Other Income Expense": NaN,
        "Other Non Operating Income Expenses": NaN,
        "Special Income Charges": NaN,
        "Gain On Sale Of Ppe": NaN,
        "Gain On Sale Of Business": NaN,
        "Other Special Charges": NaN,
        "Write Off": NaN,
        "Restructuring And Mergern Acquisition": NaN,
        "Earnings From Equity Interest": NaN,
        "Gain On Sale Of Security": NaN,
        "Net Non Operating Interest Income Expense": NaN,
        "Total Other Finance Cost": NaN,
        "Interest Expense Non Operating": NaN,
        "Interest Income Non Operating": NaN,
        "Operating Income": NaN,
        "Operating Expense": NaN,
        "Other Operating Expenses": -1769918000.0,
        "Other Taxes": 300000.0,
        "Selling General And Administration": NaN,
        "Selling And Marketing Expense": NaN,
        "General And Administrative Expense": NaN,
        "Other Gand A": NaN,
        "Gross Profit": NaN,
        "Cost Of Revenue": NaN,
        "Total Revenue": NaN,
        "Operating Revenue": NaN
    },
    "2024-03-31": {
        "Tax Effect Of Unusual Items": NaN,
        "Tax Rate For Calcs": NaN,
        "Normalized EBITDA": NaN,
        "Total Unusual Items": NaN,
        "Total Unusual Items Excluding Goodwill": NaN,
        "Net Income From Continuing Operation Net Minority Interest": NaN,
        "Reconciled Depreciation": NaN,
        "Reconciled Cost Of Revenue": NaN,
        "EBITDA": NaN,
        "EBIT": NaN,
        "Net Interest Income": NaN,
        "Interest Expense": NaN,
        "Interest Income": NaN,
        "Normalized Income": NaN,
        "Net Income From Continuing And Discontinued Operation": NaN,
        "Total Expenses": NaN,
        "Total Operating Income As Reported": NaN,
        "Diluted Average Shares": 871480479.0,
        "Basic Average Shares": 871480479.0,
        "Diluted EPS": 4.175,
        "Basic EPS": 4.175,
        "Diluted NI Availto Com Stockholders": NaN,
        "Net Income Common Stockholders": NaN,
        "Net Income": NaN,
        "Minority Interests": NaN,
        "Net Income Including Noncontrolling Interests": NaN,
        "Net Income Discontinuous Operations": NaN,
        "Net Income Continuous Operations": NaN,
        "Tax Provision": NaN,
        "Pretax Income": NaN,
        "Other Income Expense": NaN,
        "Other Non Operating Income Expenses": NaN,
        "Special Income Charges": NaN,
        "Gain On Sale Of Ppe": NaN,
        "Gain On Sale Of Business": NaN,
        "Other Special Charges": NaN,
        "Write Off": NaN,
        "Restructuring And Mergern Acquisition": NaN,
        "Earnings From Equity Interest": NaN,
        "Gain On Sale Of Security": NaN,
        "Net Non Operating Interest Income Expense": NaN,
        "Total Other Finance Cost": NaN,
        "Interest Expense Non Operating": NaN,
        "Interest Income Non Operating": NaN,
        "Operating Income": NaN,
        "Operating Expense": NaN,
        "Other Operating Expenses": NaN,
        "Other Taxes": NaN,
        "Selling General And Administration": NaN,
        "Selling And Marketing Expense": NaN,
        "General And Administrative Expense": NaN,
        "Other Gand A": NaN,
        "Gross Profit": NaN,
        "Cost Of Revenue": NaN,
        "Total Revenue": NaN,
        "Operating Revenue": NaN
    },
    "2024-06-30": {
        "Tax Effect Of Unusual Items": -730224750.0,
        "Tax Rate For Calcs": 0.25,
        "Normalized EBITDA": 25037252000.0,
        "Total Unusual Items": -2920899000.0,
        "Total Unusual Items Excluding Goodwill": -2920899000.0,
        "Net Income From Continuing Operation Net Minority Interest": 3209099000.0,
        "Reconciled Depreciation": 15532893000.0,
        "Reconciled Cost Of Revenue": 35823715000.0,
        "EBITDA": 22116353000.0,
        "EBIT": 6583460000.0,
        "Net Interest Income": -1211010000.0,
        "Interest Expense": 3585559000.0,
        "Interest Income": 2192559000.0,
        "Normalized Income": 5399773250.0,
        "Net Income From Continuing And Discontinued Operation": 3922266000.0,
        "Total Expenses": 40488764000.0,
        "Total Operating Income As Reported": 6038305000.0,
        "Diluted Average Shares": 871614667.0,
        "Basic Average Shares": 871614667.0,
        "Diluted EPS": 4.5,
        "Basic EPS": 4.5,
        "Diluted NI Availto Com Stockholders": 3922266000.0,
        "Net Income Common Stockholders": 3922266000.0,
        "Net Income": 3922266000.0,
        "Minority Interests": 1783000.0,
        "Net Income Including Noncontrolling Interests": 3920483000.0,
        "Net Income Discontinuous Operations": 713167000.0,
        "Net Income Continuous Operations": 3207316000.0,
        "Tax Provision": -209415000.0,
        "Pretax Income": 2997901000.0,
        "Other Income Expense": -2452500000.0,
        "Other Non Operating Income Expenses": 1497311000.0,
        "Special Income Charges": -494183000.0,
        "Gain On Sale Of Ppe": -44203000.0,
        "Gain On Sale Of Business": NaN,
        "Other Special Charges": 105893000.0,
        "Write Off": 339478000.0,
        "Restructuring And Mergern Acquisition": 4609000.0,
        "Earnings From Equity Interest": -1028912000.0,
        "Gain On Sale Of Security": -2426716000.0,
        "Net Non Operating Interest Income Expense": -1211010000.0,
        "Total Other Finance Cost": -181990000.0,
        "Interest Expense Non Operating": 3585559000.0,
        "Interest Income Non Operating": 2192559000.0,
        "Operating Income": 6661411000.0,
        "Operating Expense": 4665049000.0,
        "Other Operating Expenses": NaN,
        "Other Taxes": NaN,
        "Selling General And Administration": 4665049000.0,
        "Selling And Marketing Expense": 3047825000.0,
        "General And Administrative Expense": 1617224000.0,
        "Other Gand A": 1617224000.0,
        "Gross Profit": 11326460000.0,
        "Cost Of Revenue": 35823715000.0,
        "Total Revenue": 47150175000.0,
        "Operating Revenue": 45715780000.0
    },
    "2024-09-30": {
        "Tax Effect Of Unusual Items": -35908750.0,
        "Tax Rate For Calcs": 0.25,
        "Normalized EBITDA": 13890741000.0,
        "Total Unusual Items": -143635000.0,
        "Total Unusual Items Excluding Goodwill": -143635000.0,
        "Net Income From Continuing Operation Net Minority Interest": 3065966000.0,
        "Reconciled Depreciation": 3915496000.0,
        "Reconciled Cost Of Revenue": 29195526000.0,
        "EBITDA": 13747106000.0,
        "EBIT": 9831610000.0,
        "Net Interest Income": -2145775000.0,
        "Interest Expense": 4476603000.0,
        "Interest Income": 1961401000.0,
        "Normalized Income": 3173692250.0,
        "Net Income From Continuing And Discontinued Operation": 14280415000.0,
        "Total Expenses": 33367484000.0,
        "Total Operating Income As Reported": 6372554000.0,
        "Diluted Average Shares": 872086412.0,
        "Basic Average Shares": 872086412.0,
        "Diluted EPS": 16.375,
        "Basic EPS": 16.375,
        "Diluted NI Availto Com Stockholders": 14280415000.0,
        "Net Income Common Stockholders": 14280415000.0,
        "Net Income": 14280415000.0,
        "Minority Interests": 704000.0,
        "Net Income Including Noncontrolling Interests": 14279711000.0,
        "Net Income Discontinuous Operations": 11214449000.0,
        "Net Income Continuous Operations": 3065262000.0,
        "Tax Provision": 2289745000.0,
        "Pretax Income": 5355007000.0,
        "Other Income Expense": 696891000.0,
        "Other Non Operating Income Expenses": 1512864000.0,
        "Special Income Charges": -418255000.0,
        "Gain On Sale Of Ppe": -4276000.0,
        "Gain On Sale Of Business": -14556000.0,
        "Other Special Charges": 148988000.0,
        "Write Off": 252073000.0,
        "Restructuring And Mergern Acquisition": -1638000.0,
        "Earnings From Equity Interest": -672338000.0,
        "Gain On Sale Of Security": 274620000.0,
        "Net Non Operating Interest Income Expense": -2145775000.0,
        "Total Other Finance Cost": -369427000.0,
        "Interest Expense Non Operating": 4476603000.0,
        "Interest Income Non Operating": 1961401000.0,
        "Operating Income": 6803891000.0,
        "Operating Expense": 4171958000.0,
        "Other Operating Expenses": NaN,
        "Other Taxes": NaN,
        "Selling General And Administration": 4171958000.0,
        "Selling And Marketing Expense": 2539317000.0,
        "General And Administrative Expense": 1632641000.0,
        "Other Gand A": 1632641000.0,
        "Gross Profit": 10975849000.0,
        "Cost Of Revenue": 29195526000.0,
        "Total Revenue": 40171375000.0,
        "Operating Revenue": 40171375000.0
    },
    "2024-12-31": {
        "Tax Effect Of Unusual Items": -1654709596.022466,
        "Tax Rate For Calcs": 0.285464,
        "Normalized EBITDA": 21791025000.0,
        "Total Unusual Items": -5796561000.0,
        "Total Unusual Items Excluding Goodwill": -5796561000.0,
        "Net Income From Continuing Operation Net Minority Interest": 2968887000.0,
        "Reconciled Depreciation": 14216759000.0,
        "Reconciled Cost Of Revenue": 38904182000.0,
        "EBITDA": 15994464000.0,
        "EBIT": 1777705000.0,
        "Net Interest Income": 5297883000.0,
        "Interest Expense": -2377281000.0,
        "Interest Income": 2475241000.0,
        "Normalized Income": 7110738403.977534,
        "Net Income From Continuing And Discontinued Operation": 2968887000.0,
        "Total Expenses": 45391760000.0,
        "Total Operating Income As Reported": 4768724000.0,
        "Diluted Average Shares": NaN,
        "Basic Average Shares": NaN,
        "Diluted EPS": NaN,
        "Basic EPS": NaN,
        "Diluted NI Availto Com Stockholders": 2968887000.0,
        "Net Income Common Stockholders": 2968887000.0,
        "Net Income": 2968887000.0,
        "Minority Interests": 0.0,
        "Net Income Including Noncontrolling Interests": 2968887000.0,
        "Net Income Discontinuous Operations": 0.0,
        "Net Income Continuous Operations": 2968887000.0,
        "Tax Provision": 1186099000.0,
        "Pretax Income": 4154986000.0,
        "Other Income Expense": -7830340000.0,
        "Other Non Operating Income Expenses": -439322000.0,
        "Special Income Charges": -1592562000.0,
        "Gain On Sale Of Ppe": -22199000.0,
        "Gain On Sale Of Business": NaN,
        "Other Special Charges": 100369000.0,
        "Write Off": 258105000.0,
        "Restructuring And Mergern Acquisition": 1226445000.0,
        "Earnings From Equity Interest": -1594457000.0,
        "Gain On Sale Of Security": -4203999000.0,
        "Net Non Operating Interest Income Expense": 5297883000.0,
        "Total Other Finance Cost": -445361000.0,
        "Interest Expense Non Operating": -2377281000.0,
        "Interest Income Non Operating": 2475241000.0,
        "Operating Income": 6687443000.0,
        "Operating Expense": 6487578000.0,
        "Other Operating Expenses": NaN,
        "Other Taxes": NaN,
        "Selling General And Administration": 6382522000.0,
        "Selling And Marketing Expense": -1961626000.0,
        "General And Administrative Expense": 8344148000.0,
        "Other Gand A": -2486639000.0,
        "Gross Profit": 13175021000.0,
        "Cost Of Revenue": 38904182000.0,
        "Total Revenue": 52079203000.0,
        "Operating Revenue": 55525240000.0
    },
    "2025-03-31": {
        "Tax Effect Of Unusual Items": -356389000.0,
        "Tax Rate For Calcs": 0.25,
        "Normalized EBITDA": 24166805000.0,
        "Total Unusual Items": -1425556000.0,
        "Total Unusual Items Excluding Goodwill": -1425556000.0,
        "Net Income From Continuing Operation Net Minority Interest": 3082110000.0,
        "Reconciled Depreciation": 12745528000.0,
        "Reconciled Cost Of Revenue": 34339793000.0,
        "EBITDA": 22741249000.0,
        "EBIT": 9995721000.0,
        "Net Interest Income": -230681000.0,
        "Interest Expense": 3453928000.0,
        "Interest Income": 3259135000.0,
        "Normalized Income": 4151277000.0,
        "Net Income From Continuing And Discontinued Operation": 3082110000.0,
        "Total Expenses": 39555057000.0,
        "Total Operating Income As Reported": 7763879000.0,
        "Diluted Average Shares": 874357447.0,
        "Basic Average Shares": 874357447.0,
        "Diluted EPS": 3.525,
        "Basic EPS": 3.525,
        "Diluted NI Availto Com Stockholders": 3082110000.0,
        "Net Income Common Stockholders": 3082110000.0,
        "Net Income": 3082110000.0,
        "Minority Interests": 0.0,
        "Net Income Including Noncontrolling Interests": 3082110000.0,
        "Net Income Discontinuous Operations": 0.0,
        "Net Income Continuous Operations": 3082110000.0,
        "Tax Provision": 3459683000.0,
        "Pretax Income": 6541793000.0,
        "Other Income Expense": -1635111000.0,
        "Other Non Operating Income Expenses": 654454000.0,
        "Special Income Charges": -339324000.0,
        "Gain On Sale Of Ppe": -6904000.0,
        "Gain On Sale Of Business": NaN,
        "Other Special Charges": 138368000.0,
        "Write Off": 194052000.0,
        "Restructuring And Mergern Acquisition": 0.0,
        "Earnings From Equity Interest": -864009000.0,
        "Gain On Sale Of Security": -1086232000.0,
        "Net Non Operating Interest Income Expense": -230681000.0,
        "Total Other Finance Cost": 35888000.0,
        "Interest Expense Non Operating": 3453928000.0,
        "Interest Income Non Operating": 3259135000.0,
        "Operating Income": 8407585000.0,
        "Operating Expense": 5215264000.0,
        "Other Operating Expenses": NaN,
        "Other Taxes": NaN,
        "Selling General And Administration": 5215264000.0,
        "Selling And Marketing Expense": 3214947000.0,
        "General And Administrative Expense": 2000317000.0,
        "Other Gand A": 2000317000.0,
        "Gross Profit": 13622849000.0,
        "Cost Of Revenue": 34339793000.0,
        "Total Revenue": 47962642000.0,
        "Operating Revenue": 46713989000.0
    },
    "2025-06-30": {
        "Tax Effect Of Unusual Items": -651136019.383674,
        "Tax Rate For Calcs": 0.278073,
        "Normalized EBITDA": 26868694000.0,
        "Total Unusual Items": -2341603000.0,
        "Total Unusual Items Excluding Goodwill": -2341603000.0,
        "Net Income From Continuing Operation Net Minority Interest": 4387912000.0,
        "Reconciled Depreciation": 15033331000.0,
        "Reconciled Cost Of Revenue": 38579088000.0,
        "EBITDA": 24527091000.0,
        "EBIT": 9493760000.0,
        "Net Interest Income": -205964000.0,
        "Interest Expense": 3415707000.0,
        "Interest Income": 2022483000.0,
        "Normalized Income": 6078378980.616326,
        "Net Income From Continuing And Discontinued Operation": 4200509000.0,
        "Total Expenses": 43895973000.0,
        "Total Operating Income As Reported": 8623424000.0,
        "Diluted Average Shares": 870571813.0,
        "Basic Average Shares": 870571813.0,
        "Diluted EPS": 4.825,
        "Basic EPS": 4.825,
        "Diluted NI Availto Com Stockholders": 4200509000.0,
        "Net Income Common Stockholders": 4200509000.0,
        "Net Income": 4200509000.0,
        "Minority Interests": 0.0,
        "Net Income Including Noncontrolling Interests": 4200509000.0,
        "Net Income Discontinuous Operations": -187403000.0,
        "Net Income Continuous Operations": 4387912000.0,
        "Tax Provision": 1690141000.0,
        "Pretax Income": 6078053000.0,
        "Other Income Expense": -2841929000.0,
        "Other Non Operating Income Expenses": 703830000.0,
        "Special Income Charges": -380218000.0,
        "Gain On Sale Of Ppe": 14646000.0,
        "Gain On Sale Of Business": NaN,
        "Other Special Charges": 73397000.0,
        "Write Off": 308007000.0,
        "Restructuring And Mergern Acquisition": 13460000.0,
        "Earnings From Equity Interest": -1204156000.0,
        "Gain On Sale Of Security": -1961385000.0,
        "Net Non Operating Interest Income Expense": -205964000.0,
        "Total Other Finance Cost": -1187260000.0,
        "Interest Expense Non Operating": 3415707000.0,
        "Interest Income Non Operating": 2022483000.0,
        "Operating Income": 9125946000.0,
        "Operating Expense": 5316885000.0,
        "Other Operating Expenses": NaN,
        "Other Taxes": NaN,
        "Selling General And Administration": 5316885000.0,
        "Selling And Marketing Expense": 3341475000.0,
        "General And Administrative Expense": 1975410000.0,
        "Other Gand A": 1975410000.0,
        "Gross Profit": 14442831000.0,
        "Cost Of Revenue": 38579088000.0,
        "Total Revenue": 53021919000.0,
        "Operating Revenue": 51726923000.0
    }
}