{
    "2023-06-30": {
        "Tax Effect Of Unusual Items": NaN,
        "Tax Rate For Calcs": NaN,
        "Normalized EBITDA": NaN,
        "Total Unusual Items": NaN,
        "Total Unusual Items Excluding Goodwill": NaN,
        "Net Income From Continuing Operation Net Minority Interest": NaN,
        "Reconciled Depreciation": NaN,
        "Reconciled Cost Of Revenue": NaN,
        "EBITDA": NaN,
        "EBIT": NaN,
        "Net Interest Income": NaN,
        "Interest Expense": NaN,
        "Interest Income": NaN,
        "Normalized Income": NaN,
        "Net Income From Continuing And Discontinued Operation": NaN,
        "Total Expenses": NaN,
        "Rent Expense Supplemental": NaN,
        "Total Operating Income As Reported": NaN,
        "Diluted Average Shares": NaN,
        "Basic Average Shares": NaN,
        "Diluted EPS": NaN,
        "Basic EPS": NaN,
        "Diluted NI Availto Com Stockholders": NaN,
        "Net Income Common Stockholders": NaN,
        "Net Income": NaN,
        "Minority Interests": NaN,
        "Net Income Including Noncontrolling Interests": NaN,
        "Net Income Continuous Operations": NaN,
        "Tax Provision": NaN,
        "Pretax Income": NaN,
        "Other Income Expense": NaN,
        "Other Non Operating Income Expenses": 288000000000.0,
        "Earnings From Equity Interest": NaN,
        "Gain On Sale Of Security": NaN,
        "Net Non Operating Interest Income Expense": NaN,
        "Interest Expense Non Operating": NaN,
        "Interest Income Non Operating": NaN,
        "Operating Income": NaN,
        "Operating Expense": NaN,
        "Other Operating Expenses": NaN,
        "Provision For Doubtful Accounts": NaN,
        "Depreciation Amortization Depletion Income Statement": NaN,
        "Depreciation And Amortization In Income Statement": NaN,
        "Selling General And Administration": NaN,
        "Selling And Marketing Expense": NaN,
        "General And Administrative Expense": NaN,
        "Other Gand A": NaN,
        "Salaries And Wages": NaN,
        "Gross Profit": NaN,
        "Cost Of Revenue": NaN,
        "Total Revenue": NaN,
        "Operating Revenue": NaN
    },
    "2023-03-31": {
        "Tax Effect Of Unusual Items": NaN,
        "Tax Rate For Calcs": NaN,
        "Normalized EBITDA": NaN,
        "Total Unusual Items": NaN,
        "Total Unusual Items Excluding Goodwill": NaN,
        "Net Income From Continuing Operation Net Minority Interest": NaN,
        "Reconciled Depreciation": NaN,
        "Reconciled Cost Of Revenue": NaN,
        "EBITDA": NaN,
        "EBIT": NaN,
        "Net Interest Income": NaN,
        "Interest Expense": NaN,
        "Interest Income": NaN,
        "Normalized Income": NaN,
        "Net Income From Continuing And Discontinued Operation": NaN,
        "Total Expenses": NaN,
        "Rent Expense Supplemental": NaN,
        "Total Operating Income As Reported": NaN,
        "Diluted Average Shares": 990622166.0,
        "Basic Average Shares": 990622166.0,
        "Diluted EPS": 6485.0,
        "Basic EPS": 6485.0,
        "Diluted NI Availto Com Stockholders": NaN,
        "Net Income Common Stockholders": NaN,
        "Net Income": NaN,
        "Minority Interests": NaN,
        "Net Income Including Noncontrolling Interests": NaN,
        "Net Income Continuous Operations": NaN,
        "Tax Provision": NaN,
        "Pretax Income": NaN,
        "Other Income Expense": NaN,
        "Other Non Operating Income Expenses": -5000000000.0,
        "Earnings From Equity Interest": NaN,
        "Gain On Sale Of Security": NaN,
        "Net Non Operating Interest Income Expense": NaN,
        "Interest Expense Non Operating": NaN,
        "Interest Income Non Operating": NaN,
        "Operating Income": NaN,
        "Operating Expense": NaN,
        "Other Operating Expenses": 5000000000.0,
        "Provision For Doubtful Accounts": NaN,
        "Depreciation Amortization Depletion Income Statement": NaN,
        "Depreciation And Amortization In Income Statement": NaN,
        "Selling General And Administration": NaN,
        "Selling And Marketing Expense": NaN,
        "General And Administrative Expense": NaN,
        "Other Gand A": NaN,
        "Salaries And Wages": NaN,
        "Gross Profit": NaN,
        "Cost Of Revenue": NaN,
        "Total Revenue": NaN,
        "Operating Revenue": NaN
    },
    "2022-12-31": {
        "Tax Effect Of Unusual Items": -1051640259919.812,
        "Tax Rate For Calcs": 0.321996,
        "Normalized EBITDA": 19678000000000.0,
        "Total Unusual Items": -3266000000000.0,
        "Total Unusual Items Excluding Goodwill": -3266000000000.0,
        "Net Income From Continuing Operation Net Minority Interest": 4155000000000.0,
        "Reconciled Depreciation": 8111000000000.0,
        "Reconciled Cost Of Revenue": 12592000000000.0,
        "EBITDA": 16412000000000.0,
        "EBIT": 8301000000000.0,
        "Net Interest Income": -817000000000.0,
        "Interest Expense": 1068000000000.0,
        "Interest Income": 251000000000.0,
        "Normalized Income": 6369359740080.188,
        "Net Income From Continuing And Discontinued Operation": 4155000000000.0,
        "Total Expenses": 26975000000000.0,
        "Rent Expense Supplemental": 1502000000000.0,
        "Total Operating Income As Reported": 8143000000000.0,
        "Diluted Average Shares": NaN,
        "Basic Average Shares": NaN,
        "Diluted EPS": NaN,
        "Basic EPS": NaN,
        "Diluted NI Availto Com Stockholders": 4155000000000.0,
        "Net Income Common Stockholders": 4155000000000.0,
        "Net Income": 4155000000000.0,
        "Minority Interests": -749000000000.0,
        "Net Income Including Noncontrolling Interests": 4904000000000.0,
        "Net Income Continuous Operations": 4904000000000.0,
        "Tax Provision": 2329000000000.0,
        "Pretax Income": 7233000000000.0,
        "Other Income Expense": -3407000000000.0,
        "Other Non Operating Income Expenses": NaN,
        "Earnings From Equity Interest": -93000000000.0,
        "Gain On Sale Of Security": -3266000000000.0,
        "Net Non Operating Interest Income Expense": -817000000000.0,
        "Interest Expense Non Operating": 1068000000000.0,
        "Interest Income Non Operating": 251000000000.0,
        "Operating Income": 11457000000000.0,
        "Operating Expense": 14383000000000.0,
        "Provision For Doubtful Accounts": -358000000000.0,
        "Depreciation Amortization Depletion Income Statement": 8111000000000.0,
        "Depreciation And Amortization In Income Statement": 8111000000000.0,
        "Selling General And Administration": 6557000000000.0,
        "Selling And Marketing Expense": 1150000000000.0,
        "General And Administrative Expense": 5407000000000.0,
        "Other Gand A": 1284000000000.0,
        "Salaries And Wages": 4123000000000.0,
        "Gross Profit": 25840000000000.0,
        "Cost Of Revenue": 12592000000000.0,
        "Total Revenue": 38432000000000.0,
        "Operating Revenue": 38432000000000.0
    },
    "2022-09-30": {
        "Tax Effect Of Unusual Items": NaN,
        "Tax Rate For Calcs": NaN,
        "Normalized EBITDA": NaN,
        "Total Unusual Items": NaN,
        "Total Unusual Items Excluding Goodwill": NaN,
        "Net Income From Continuing Operation Net Minority Interest": NaN,
        "Reconciled Depreciation": NaN,
        "Reconciled Cost Of Revenue": NaN,
        "EBITDA": NaN,
        "EBIT": NaN,
        "Net Interest Income": NaN,
        "Interest Expense": NaN,
        "Interest Income": NaN,
        "Normalized Income": NaN,
        "Net Income From Continuing And Discontinued Operation": NaN,
        "Total Expenses": NaN,
        "Rent Expense Supplemental": NaN,
        "Total Operating Income As Reported": NaN,
        "Diluted Average Shares": NaN,
        "Basic Average Shares": NaN,
        "Diluted EPS": NaN,
        "Basic EPS": NaN,
        "Diluted NI Availto Com Stockholders": NaN,
        "Net Income Common Stockholders": NaN,
        "Net Income": NaN,
        "Minority Interests": NaN,
        "Net Income Including Noncontrolling Interests": NaN,
        "Net Income Continuous Operations": NaN,
        "Tax Provision": NaN,
        "Pretax Income": NaN,
        "Other Income Expense": NaN,
        "Other Non Operating Income Expenses": -9000000000.0,
        "Earnings From Equity Interest": NaN,
        "Gain On Sale Of Security": NaN,
        "Net Non Operating Interest Income Expense": NaN,
        "Interest Expense Non Operating": NaN,
        "Interest Income Non Operating": NaN,
        "Operating Income": NaN,
        "Operating Expense": NaN,
        "Other Operating Expenses": NaN,
        "Provision For Doubtful Accounts": NaN,
        "Depreciation Amortization Depletion Income Statement": NaN,
        "Depreciation And Amortization In Income Statement": NaN,
        "Selling General And Administration": NaN,
        "Selling And Marketing Expense": NaN,
        "General And Administrative Expense": NaN,
        "Other Gand A": NaN,
        "Salaries And Wages": NaN,
        "Gross Profit": NaN,
        "Cost Of Revenue": NaN,
        "Total Revenue": NaN,
        "Operating Revenue": NaN
    },
    "2022-06-30": {
        "Tax Effect Of Unusual Items": 204451283824.67365,
        "Tax Rate For Calcs": 0.161494,
        "Normalized EBITDA": 20319000000000.0,
        "Total Unusual Items": 1266000000000.0,
        "Total Unusual Items Excluding Goodwill": 1266000000000.0,
        "Net Income From Continuing Operation Net Minority Interest": 7192000000000.0,
        "Reconciled Depreciation": 9010000000000.0,
        "Reconciled Cost Of Revenue": 10202000000000.0,
        "EBITDA": 21585000000000.0,
        "EBIT": 12575000000000.0,
        "Net Interest Income": -767000000000.0,
        "Interest Expense": 1008000000000.0,
        "Interest Income": 241000000000.0,
        "Normalized Income": 6130451283824.674,
        "Net Income From Continuing And Discontinued Operation": 7192000000000.0,
        "Total Expenses": 25726000000000.0,
        "Rent Expense Supplemental": 679000000000.0,
        "Total Operating Income As Reported": 12325000000000.0,
        "Diluted Average Shares": 990622166.0,
        "Basic Average Shares": 990622166.0,
        "Diluted EPS": 7260.0,
        "Basic EPS": 7260.0,
        "Diluted NI Availto Com Stockholders": 7192000000000.0,
        "Net Income Common Stockholders": 7192000000000.0,
        "Net Income": 7192000000000.0,
        "Minority Interests": -2507000000000.0,
        "Net Income Including Noncontrolling Interests": 9699000000000.0,
        "Net Income Continuous Operations": 9699000000000.0,
        "Tax Provision": 1868000000000.0,
        "Pretax Income": 11567000000000.0,
        "Other Income Expense": 1285000000000.0,
        "Other Non Operating Income Expenses": 10000000000.0,
        "Earnings From Equity Interest": 9000000000.0,
        "Gain On Sale Of Security": 1266000000000.0,
        "Net Non Operating Interest Income Expense": -767000000000.0,
        "Interest Expense Non Operating": 1008000000000.0,
        "Interest Income Non Operating": 241000000000.0,
        "Operating Income": 11049000000000.0,
        "Operating Expense": 15524000000000.0,
        "Provision For Doubtful Accounts": 336000000000.0,
        "Depreciation Amortization Depletion Income Statement": 9010000000000.0,
        "Depreciation And Amortization In Income Statement": 9010000000000.0,
        "Selling General And Administration": 6178000000000.0,
        "Selling And Marketing Expense": 884000000000.0,
        "General And Administrative Expense": 5294000000000.0,
        "Other Gand A": 1284000000000.0,
        "Salaries And Wages": 4010000000000.0,
        "Gross Profit": 26573000000000.0,
        "Cost Of Revenue": 10202000000000.0,
        "Total Revenue": 36775000000000.0,
        "Operating Revenue": 36775000000000.0
    },
    "2022-03-31": {
        "Diluted EPS": 0.43,
        "Total Revenue": NaN,
        "Gross Profit": NaN,
        "Operating Income": 743,
        "EBIT": 743,
        "Net Income": 428
    },
    "2021-03-31": {
        "Diluted EPS": 0.43,
        "Total Revenue": NaN,
        "Gross Profit": NaN,
        "Operating Income": 819,
        "EBIT": 819,
        "Net Income": 421
    },
    "2020-03-31": {
        "Diluted EPS": 0.41,
        "Total Revenue": NaN,
        "Gross Profit": NaN,
        "Operating Income": 835,
        "EBIT": 835,
        "Net Income": 410
    },
    "2019-03-31": {
        "Diluted EPS": 0.44,
        "Total Revenue": NaN,
        "Gross Profit": NaN,
        "Operating Income": 842,
        "EBIT": 842,
        "Net Income": 436
    },
    "2018-03-31": {
        "Diluted EPS": 0.58,
        "Total Revenue": NaN,
        "Gross Profit": NaN,
        "Operating Income": NaN,
        "EBIT": NaN,
        "Net Income": 573
    },
    "2017-03-31": {
        "Diluted EPS": 0.68,
        "Total Revenue": NaN,
        "Gross Profit": NaN,
        "Operating Income": NaN,
        "EBIT": NaN,
        "Net Income": 938
    },
    "2016-03-31": {
        "Diluted EPS": 0.47,
        "Total Revenue": NaN,
        "Gross Profit": NaN,
        "Operating Income": 957,
        "EBIT": 957,
        "Net Income": 459
    },
    "2015-12-31": {
        "Diluted EPS": 0.4,
        "Total Revenue": NaN,
        "Gross Profit": NaN,
        "Operating Income": NaN,
        "EBIT": NaN,
        "Net Income": 437
    },
    "2015-09-30": {
        "Diluted EPS": 0.42,
        "Total Revenue": NaN,
        "Gross Profit": NaN,
        "Operating Income": NaN,
        "EBIT": NaN,
        "Net Income": 410
    },
    "2015-06-30": {
        "Diluted EPS": 0.37,
        "Total Revenue": NaN,
        "Gross Profit": NaN,
        "Operating Income": NaN,
        "EBIT": NaN,
        "Net Income": 363
    },
    "2015-03-31": {
        "Diluted EPS": 0.39,
        "Total Revenue": NaN,
        "Gross Profit": NaN,
        "Operating Income": 726,
        "EBIT": 726,
        "Net Income": 381
    },
    "2014-12-31": {
        "Diluted EPS": 0.33,
        "Total Revenue": NaN,
        "Gross Profit": NaN,
        "Operating Income": NaN,
        "EBIT": NaN,
        "Net Income": 319
    },
    "2014-06-30": {
        "Diluted EPS": 0.69,
        "Total Revenue": NaN,
        "Gross Profit": NaN,
        "Operating Income": NaN,
        "EBIT": NaN,
        "Net Income": 667
    },
    "2014-03-31": {
        "Diluted EPS": 0.34,
        "Total Revenue": NaN,
        "Gross Profit": NaN,
        "Operating Income": 634,
        "EBIT": 634,
        "Net Income": 328
    },
    "2013-12-31": {
        "Diluted EPS": 0.33,
        "Total Revenue": NaN,
        "Gross Profit": NaN,
        "Operating Income": NaN,
        "EBIT": NaN,
        "Net Income": 315
    },
    "2013-09-30": {
        "Diluted EPS": 0.37,
        "Total Revenue": NaN,
        "Gross Profit": NaN,
        "Operating Income": NaN,
        "EBIT": NaN,
        "Net Income": 354
    },
    "2013-06-30": {
        "Diluted EPS": 0.38,
        "Total Revenue": NaN,
        "Gross Profit": NaN,
        "Operating Income": NaN,
        "EBIT": NaN,
        "Net Income": 361
    },
    "2013-03-31": {
        "Diluted EPS": 0.37,
        "Total Revenue": NaN,
        "Gross Profit": NaN,
        "Operating Income": 659,
        "EBIT": 659,
        "Net Income": 348
    },
    "2012-12-31": {
        "Diluted EPS": 0.3,
        "Total Revenue": NaN,
        "Gross Profit": NaN,
        "Operating Income": NaN,
        "EBIT": NaN,
        "Net Income": 285
    },
    "2012-09-30": {
        "Diluted EPS": 0.41,
        "Total Revenue": NaN,
        "Gross Profit": NaN,
        "Operating Income": NaN,
        "EBIT": NaN,
        "Net Income": 393
    },
    "2012-06-30": {
        "Diluted EPS": 0.36,
        "Total Revenue": NaN,
        "Gross Profit": NaN,
        "Operating Income": NaN,
        "EBIT": NaN,
        "Net Income": 342
    },
    "2012-03-31": {
        "Diluted EPS": 0.38,
        "Total Revenue": NaN,
        "Gross Profit": NaN,
        "Operating Income": 677,
        "EBIT": 677,
        "Net Income": 365
    },
    "2011-12-31": {
        "Diluted EPS": 0.28,
        "Total Revenue": NaN,
        "Gross Profit": NaN,
        "Operating Income": NaN,
        "EBIT": NaN,
        "Net Income": 271
    },
    "2011-09-30": {
        "Diluted EPS": 0.2,
        "Total Revenue": NaN,
        "Gross Profit": NaN,
        "Operating Income": NaN,
        "EBIT": NaN,
        "Net Income": 261
    },
    "2011-06-30": {
        "Diluted EPS": 0.4,
        "Total Revenue": NaN,
        "Gross Profit": NaN,
        "Operating Income": NaN,
        "EBIT": NaN,
        "Net Income": 499
    },
    "2011-03-31": {
        "Diluted EPS": 0.4,
        "Total Revenue": NaN,
        "Gross Profit": NaN,
        "Operating Income": 597,
        "EBIT": 597,
        "Net Income": 325
    },
    "2010-12-31": {
        "Diluted EPS": 0.4,
        "Total Revenue": NaN,
        "Gross Profit": NaN,
        "Operating Income": NaN,
        "EBIT": NaN,
        "Net Income": 280
    },
    "2010-09-30": {
        "Diluted EPS": 0.4,
        "Total Revenue": NaN,
        "Gross Profit": NaN,
        "Operating Income": NaN,
        "EBIT": NaN,
        "Net Income": 339
    },
    "2010-06-30": {
        "Diluted EPS": 0.2,
        "Total Revenue": NaN,
        "Gross Profit": NaN,
        "Operating Income": NaN,
        "EBIT": NaN,
        "Net Income": 357
    },
    "2010-03-31": {
        "Diluted EPS": 0.4,
        "Total Revenue": NaN,
        "Gross Profit": NaN,
        "Operating Income": 585,
        "EBIT": 585,
        "Net Income": 305
    },
    "2009-12-31": {
        "Diluted EPS": 0.4,
        "Total Revenue": NaN,
        "Gross Profit": NaN,
        "Operating Income": NaN,
        "EBIT": NaN,
        "Net Income": 240
    },
    "2009-09-30": {
        "Diluted EPS": 0.2,
        "Total Revenue": NaN,
        "Gross Profit": NaN,
        "Operating Income": NaN,
        "EBIT": NaN,
        "Net Income": 370
    },
    "2009-06-30": {
        "Diluted EPS": 0.4,
        "Total Revenue": NaN,
        "Gross Profit": NaN,
        "Operating Income": NaN,
        "EBIT": NaN,
        "Net Income": 379
    },
    "2009-03-31": {
        "Diluted EPS": 0.2,
        "Total Revenue": NaN,
        "Gross Profit": 988,
        "Operating Income": 458,
        "EBIT": 458,
        "Net Income": 213
    },
    "2023-09-30": {
        "Tax Effect Of Unusual Items": NaN,
        "Tax Rate For Calcs": NaN,
        "Normalized EBITDA": NaN,
        "Total Unusual Items": NaN,
        "Total Unusual Items Excluding Goodwill": NaN,
        "Net Income From Continuing Operation Net Minority Interest": NaN,
        "Reconciled Depreciation": NaN,
        "Reconciled Cost Of Revenue": NaN,
        "EBITDA": NaN,
        "EBIT": NaN,
        "Net Interest Income": NaN,
        "Interest Expense": NaN,
        "Interest Income": NaN,
        "Normalized Income": NaN,
        "Net Income From Continuing And Discontinued Operation": NaN,
        "Total Expenses": NaN,
        "Rent Expense Supplemental": NaN,
        "Total Operating Income As Reported": NaN,
        "Diluted Average Shares": NaN,
        "Basic Average Shares": NaN,
        "Diluted EPS": NaN,
        "Basic EPS": NaN,
        "Diluted NI Availto Com Stockholders": NaN,
        "Net Income Common Stockholders": NaN,
        "Net Income": NaN,
        "Minority Interests": NaN,
        "Net Income Including Noncontrolling Interests": NaN,
        "Net Income Continuous Operations": NaN,
        "Tax Provision": NaN,
        "Pretax Income": NaN,
        "Other Income Expense": NaN,
        "Other Non Operating Income Expenses": -60000000000.0,
        "Earnings From Equity Interest": NaN,
        "Gain On Sale Of Security": NaN,
        "Net Non Operating Interest Income Expense": NaN,
        "Interest Expense Non Operating": NaN,
        "Interest Income Non Operating": NaN,
        "Operating Income": NaN,
        "Operating Expense": NaN,
        "Other Operating Expenses": NaN,
        "Provision For Doubtful Accounts": NaN,
        "Depreciation Amortization Depletion Income Statement": NaN,
        "Depreciation And Amortization In Income Statement": NaN,
        "Selling General And Administration": NaN,
        "Selling And Marketing Expense": NaN,
        "General And Administrative Expense": NaN,
        "Other Gand A": NaN,
        "Salaries And Wages": NaN,
        "Gross Profit": NaN,
        "Cost Of Revenue": NaN,
        "Total Revenue": NaN,
        "Operating Revenue": NaN
    },
    "2023-12-31": {
        "Tax Effect Of Unusual Items": -123939577744.08025,
        "Tax Rate For Calcs": 0.220926,
        "Normalized EBITDA": 18852000000000.0,
        "Total Unusual Items": -561000000000.0,
        "Total Unusual Items Excluding Goodwill": -561000000000.0,
        "Net Income From Continuing Operation Net Minority Interest": 4928000000000.0,
        "Reconciled Depreciation": 8488000000000.0,
        "Reconciled Cost Of Revenue": 12692000000000.0,
        "EBITDA": 18291000000000.0,
        "EBIT": 9803000000000.0,
        "Net Interest Income": -927000000000.0,
        "Interest Expense": 1230000000000.0,
        "Interest Income": 303000000000.0,
        "Normalized Income": 5365060422255.92,
        "Net Income From Continuing And Discontinued Operation": 4928000000000.0,
        "Total Expenses": 27691000000000.0,
        "Rent Expense Supplemental": 1536000000000.0,
        "Total Operating Income As Reported": 9503000000000.0,
        "Diluted Average Shares": NaN,
        "Basic Average Shares": NaN,
        "Diluted EPS": NaN,
        "Basic EPS": NaN,
        "Diluted NI Availto Com Stockholders": 4928000000000.0,
        "Net Income Common Stockholders": 4928000000000.0,
        "Net Income": 4928000000000.0,
        "Minority Interests": -1751000000000.0,
        "Net Income Including Noncontrolling Interests": 6679000000000.0,
        "Net Income Continuous Operations": 6679000000000.0,
        "Tax Provision": 1894000000000.0,
        "Pretax Income": 8573000000000.0,
        "Other Income Expense": -787000000000.0,
        "Other Non Operating Income Expenses": NaN,
        "Earnings From Equity Interest": -3000000000.0,
        "Gain On Sale Of Security": -561000000000.0,
        "Net Non Operating Interest Income Expense": -927000000000.0,
        "Interest Expense Non Operating": 1230000000000.0,
        "Interest Income Non Operating": 303000000000.0,
        "Operating Income": 10287000000000.0,
        "Operating Expense": 14999000000000.0,
        "Other Operating Expenses": NaN,
        "Provision For Doubtful Accounts": -173000000000.0,
        "Depreciation Amortization Depletion Income Statement": 8488000000000.0,
        "Depreciation And Amortization In Income Statement": 8488000000000.0,
        "Selling General And Administration": 6943000000000.0,
        "Selling And Marketing Expense": 942000000000.0,
        "General And Administrative Expense": 6001000000000.0,
        "Other Gand A": 1291000000000.0,
        "Salaries And Wages": 4710000000000.0,
        "Gross Profit": 25286000000000.0,
        "Cost Of Revenue": 12692000000000.0,
        "Total Revenue": 37978000000000.0,
        "Operating Revenue": 31795000000000.0
    },
    "2024-03-31": {
        "Tax Effect Of Unusual Items": NaN,
        "Tax Rate For Calcs": NaN,
        "Normalized EBITDA": NaN,
        "Total Unusual Items": NaN,
        "Total Unusual Items Excluding Goodwill": NaN,
        "Net Income From Continuing Operation Net Minority Interest": NaN,
        "Reconciled Depreciation": NaN,
        "Reconciled Cost Of Revenue": NaN,
        "EBITDA": NaN,
        "EBIT": NaN,
        "Net Interest Income": NaN,
        "Interest Expense": NaN,
        "Interest Income": NaN,
        "Normalized Income": NaN,
        "Net Income From Continuing And Discontinued Operation": NaN,
        "Total Expenses": NaN,
        "Rent Expense Supplemental": NaN,
        "Total Operating Income As Reported": NaN,
        "Diluted Average Shares": 990622166.0,
        "Basic Average Shares": 990622166.0,
        "Diluted EPS": 6110.0,
        "Basic EPS": 6110.0,
        "Diluted NI Availto Com Stockholders": NaN,
        "Net Income Common Stockholders": NaN,
        "Net Income": NaN,
        "Minority Interests": NaN,
        "Net Income Including Noncontrolling Interests": NaN,
        "Net Income Continuous Operations": NaN,
        "Tax Provision": NaN,
        "Pretax Income": NaN,
        "Other Income Expense": NaN,
        "Other Non Operating Income Expenses": NaN,
        "Earnings From Equity Interest": NaN,
        "Gain On Sale Of Security": NaN,
        "Net Non Operating Interest Income Expense": NaN,
        "Interest Expense Non Operating": NaN,
        "Interest Income Non Operating": NaN,
        "Operating Income": NaN,
        "Operating Expense": NaN,
        "Other Operating Expenses": 2000000000.0,
        "Provision For Doubtful Accounts": NaN,
        "Depreciation Amortization Depletion Income Statement": NaN,
        "Depreciation And Amortization In Income Statement": NaN,
        "Selling General And Administration": NaN,
        "Selling And Marketing Expense": NaN,
        "General And Administrative Expense": NaN,
        "Other Gand A": NaN,
        "Salaries And Wages": NaN,
        "Gross Profit": NaN,
        "Cost Of Revenue": NaN,
        "Total Revenue": NaN,
        "Operating Revenue": NaN
    },
    "2024-06-30": {
        "Tax Effect Of Unusual Items": -76093251533.74232,
        "Tax Rate For Calcs": 0.222495,
        "Normalized EBITDA": 19386000000000.0,
        "Total Unusual Items": -342000000000.0,
        "Total Unusual Items Excluding Goodwill": -342000000000.0,
        "Net Income From Continuing Operation Net Minority Interest": 5708000000000.0,
        "Reconciled Depreciation": 8044000000000.0,
        "Reconciled Cost Of Revenue": 11448000000000.0,
        "EBITDA": 19044000000000.0,
        "EBIT": 11000000000000.0,
        "Net Interest Income": -850000000000.0,
        "Interest Expense": 1220000000000.0,
        "Interest Income": 370000000000.0,
        "Normalized Income": 5973906748466.258,
        "Net Income From Continuing And Discontinued Operation": 5708000000000.0,
        "Total Expenses": 27458000000000.0,
        "Rent Expense Supplemental": 888000000000.0,
        "Total Operating Income As Reported": 10627000000000.0,
        "Diluted Average Shares": NaN,
        "Basic Average Shares": NaN,
        "Diluted EPS": NaN,
        "Basic EPS": NaN,
        "Diluted NI Availto Com Stockholders": 5708000000000.0,
        "Net Income Common Stockholders": 5708000000000.0,
        "Net Income": 5708000000000.0,
        "Minority Interests": -1896000000000.0,
        "Net Income Including Noncontrolling Interests": 7604000000000.0,
        "Net Income Continuous Operations": 7604000000000.0,
        "Tax Provision": 2176000000000.0,
        "Pretax Income": 9780000000000.0,
        "Other Income Expense": 225000000000.0,
        "Other Non Operating Income Expenses": NaN,
        "Earnings From Equity Interest": 3000000000.0,
        "Gain On Sale Of Security": -342000000000.0,
        "Net Non Operating Interest Income Expense": -850000000000.0,
        "Interest Expense Non Operating": 1220000000000.0,
        "Interest Income Non Operating": 370000000000.0,
        "Operating Income": 10405000000000.0,
        "Operating Expense": 16010000000000.0,
        "Other Operating Expenses": NaN,
        "Provision For Doubtful Accounts": 322000000000.0,
        "Depreciation Amortization Depletion Income Statement": 8044000000000.0,
        "Depreciation And Amortization In Income Statement": 8044000000000.0,
        "Selling General And Administration": 7646000000000.0,
        "Selling And Marketing Expense": 777000000000.0,
        "General And Administrative Expense": 6869000000000.0,
        "Other Gand A": 1613000000000.0,
        "Salaries And Wages": 5256000000000.0,
        "Gross Profit": 26415000000000.0,
        "Cost Of Revenue": 11448000000000.0,
        "Total Revenue": 37863000000000.0,
        "Operating Revenue": 37863000000000.0
    },
    "2024-09-30": {
        "Tax Effect Of Unusual Items": 36125335258.92304,
        "Tax Rate For Calcs": 0.216319,
        "Normalized EBITDA": 19086000000000.0,
        "Total Unusual Items": 167000000000.0,
        "Total Unusual Items Excluding Goodwill": 167000000000.0,
        "Net Income From Continuing Operation Net Minority Interest": 5914000000000.0,
        "Reconciled Depreciation": 8121000000000.0,
        "Reconciled Cost Of Revenue": 11975000000000.0,
        "EBITDA": 19253000000000.0,
        "EBIT": 11132000000000.0,
        "Net Interest Income": -1123000000000.0,
        "Interest Expense": 1438000000000.0,
        "Interest Income": 315000000000.0,
        "Normalized Income": 5783125335258.923,
        "Net Income From Continuing And Discontinued Operation": 5914000000000.0,
        "Total Expenses": 26289000000000.0,
        "Rent Expense Supplemental": 940000000000.0,
        "Total Operating Income As Reported": 10815000000000.0,
        "Diluted Average Shares": NaN,
        "Basic Average Shares": NaN,
        "Diluted EPS": NaN,
        "Basic EPS": NaN,
        "Diluted NI Availto Com Stockholders": 5914000000000.0,
        "Net Income Common Stockholders": 5914000000000.0,
        "Net Income": 5914000000000.0,
        "Minority Interests": -1683000000000.0,
        "Net Income Including Noncontrolling Interests": 7597000000000.0,
        "Net Income Continuous Operations": 7597000000000.0,
        "Tax Provision": 2097000000000.0,
        "Pretax Income": 9694000000000.0,
        "Other Income Expense": 179000000000.0,
        "Other Non Operating Income Expenses": 10000000000.0,
        "Earnings From Equity Interest": 2000000000.0,
        "Gain On Sale Of Security": 167000000000.0,
        "Net Non Operating Interest Income Expense": -1123000000000.0,
        "Interest Expense Non Operating": 1438000000000.0,
        "Interest Income Non Operating": 315000000000.0,
        "Operating Income": 10638000000000.0,
        "Operating Expense": 14314000000000.0,
        "Other Operating Expenses": NaN,
        "Provision For Doubtful Accounts": 221000000000.0,
        "Depreciation Amortization Depletion Income Statement": 8121000000000.0,
        "Depreciation And Amortization In Income Statement": 8121000000000.0,
        "Selling General And Administration": 5972000000000.0,
        "Selling And Marketing Expense": 956000000000.0,
        "General And Administrative Expense": 5016000000000.0,
        "Other Gand A": 1345000000000.0,
        "Salaries And Wages": 3671000000000.0,
        "Gross Profit": 24952000000000.0,
        "Cost Of Revenue": 11975000000000.0,
        "Total Revenue": 36927000000000.0,
        "Operating Revenue": 36927000000000.0
    },
    "2025-03-31": {
        "Tax Effect Of Unusual Items": 80426590198.12305,
        "Tax Rate For Calcs": 0.207821,
        "Normalized EBITDA": 18574000000000.0,
        "Total Unusual Items": 387000000000.0,
        "Total Unusual Items Excluding Goodwill": 387000000000.0,
        "Net Income From Continuing Operation Net Minority Interest": 5810000000000.0,
        "Reconciled Depreciation": 8055000000000.0,
        "Reconciled Cost Of Revenue": 11672000000000.0,
        "EBITDA": 18961000000000.0,
        "EBIT": 10906000000000.0,
        "Net Interest Income": -896000000000.0,
        "Interest Expense": 1316000000000.0,
        "Interest Income": 420000000000.0,
        "Normalized Income": 5503426590198.123,
        "Net Income From Continuing And Discontinued Operation": 5810000000000.0,
        "Total Expenses": 26538000000000.0,
        "Rent Expense Supplemental": 825000000000.0,
        "Total Operating Income As Reported": 10488000000000.0,
        "Diluted Average Shares": 990622166.0,
        "Basic Average Shares": 990622166.0,
        "Diluted EPS": 5865.0,
        "Basic EPS": 5865.0,
        "Diluted NI Availto Com Stockholders": 5810000000000.0,
        "Net Income Common Stockholders": 5810000000000.0,
        "Net Income": 5810000000000.0,
        "Minority Interests": -1787000000000.0,
        "Net Income Including Noncontrolling Interests": 7597000000000.0,
        "Net Income Continuous Operations": 7597000000000.0,
        "Tax Provision": 1993000000000.0,
        "Pretax Income": 9590000000000.0,
        "Other Income Expense": 385000000000.0,
        "Other Non Operating Income Expenses": NaN,
        "Earnings From Equity Interest": -2000000000.0,
        "Gain On Sale Of Security": 387000000000.0,
        "Net Non Operating Interest Income Expense": -896000000000.0,
        "Interest Expense Non Operating": 1316000000000.0,
        "Interest Income Non Operating": 420000000000.0,
        "Operating Income": 10101000000000.0,
        "Operating Expense": 14866000000000.0,
        "Other Operating Expenses": 76000000000.0,
        "Provision For Doubtful Accounts": 675000000000.0,
        "Depreciation Amortization Depletion Income Statement": 8055000000000.0,
        "Depreciation And Amortization In Income Statement": 8055000000000.0,
        "Selling General And Administration": 6060000000000.0,
        "Selling And Marketing Expense": 766000000000.0,
        "General And Administrative Expense": 5294000000000.0,
        "Other Gand A": 1136000000000.0,
        "Salaries And Wages": 4158000000000.0,
        "Gross Profit": 24967000000000.0,
        "Cost Of Revenue": 11672000000000.0,
        "Total Revenue": 36639000000000.0,
        "Operating Revenue": 36639000000000.0
    },
    "2024-12-31": {
        "Tax Effect Of Unusual Items": 158843412640.18448,
        "Tax Rate For Calcs": 0.192537,
        "Normalized EBITDA": 18426000000000.0,
        "Total Unusual Items": 825000000000.0,
        "Total Unusual Items Excluding Goodwill": 825000000000.0,
        "Net Income From Continuing Operation Net Minority Interest": 5936000000000.0,
        "Reconciled Depreciation": 8346000000000.0,
        "Reconciled Cost Of Revenue": 13097000000000.0,
        "EBITDA": 19251000000000.0,
        "EBIT": 10905000000000.0,
        "Net Interest Income": -1017000000000.0,
        "Interest Expense": 1364000000000.0,
        "Interest Income": 347000000000.0,
        "Normalized Income": 5269843412640.185,
        "Net Income From Continuing And Discontinued Operation": 5936000000000.0,
        "Total Expenses": 27440000000000.0,
        "Rent Expense Supplemental": 1089000000000.0,
        "Total Operating Income As Reported": 10559000000000.0,
        "Diluted Average Shares": NaN,
        "Basic Average Shares": NaN,
        "Diluted EPS": NaN,
        "Basic EPS": NaN,
        "Diluted NI Availto Com Stockholders": 5936000000000.0,
        "Net Income Common Stockholders": 5936000000000.0,
        "Net Income": 5936000000000.0,
        "Minority Interests": -1768000000000.0,
        "Net Income Including Noncontrolling Interests": 7704000000000.0,
        "Net Income Continuous Operations": 7704000000000.0,
        "Tax Provision": 1837000000000.0,
        "Pretax Income": 9541000000000.0,
        "Other Income Expense": 250000000000.0,
        "Other Non Operating Income Expenses": NaN,
        "Earnings From Equity Interest": -1000000000.0,
        "Gain On Sale Of Security": 825000000000.0,
        "Net Non Operating Interest Income Expense": -1017000000000.0,
        "Interest Expense Non Operating": 1364000000000.0,
        "Interest Income Non Operating": 347000000000.0,
        "Operating Income": 10308000000000.0,
        "Operating Expense": 14343000000000.0,
        "Other Operating Expenses": NaN,
        "Provision For Doubtful Accounts": -85000000000.0,
        "Depreciation Amortization Depletion Income Statement": 8346000000000.0,
        "Depreciation And Amortization In Income Statement": 8346000000000.0,
        "Selling General And Administration": 6334000000000.0,
        "Selling And Marketing Expense": 1297000000000.0,
        "General And Administrative Expense": 5037000000000.0,
        "Other Gand A": 933000000000.0,
        "Salaries And Wages": 4104000000000.0,
        "Gross Profit": 24651000000000.0,
        "Cost Of Revenue": 13097000000000.0,
        "Total Revenue": 37748000000000.0,
        "Operating Revenue": 30515000000000.0
    },
    "2025-06-30": {
        "Tax Effect Of Unusual Items": -149219141219.1412,
        "Tax Rate For Calcs": 0.236106,
        "Normalized EBITDA": 18653000000000.0,
        "Total Unusual Items": -632000000000.0,
        "Total Unusual Items Excluding Goodwill": -632000000000.0,
        "Net Income From Continuing Operation Net Minority Interest": 5165000000000.0,
        "Reconciled Depreciation": 8143000000000.0,
        "Reconciled Cost Of Revenue": 12283000000000.0,
        "EBITDA": 18021000000000.0,
        "EBIT": 9878000000000.0,
        "Net Interest Income": -864000000000.0,
        "Interest Expense": 1331000000000.0,
        "Interest Income": 467000000000.0,
        "Normalized Income": 5647780858780.858,
        "Net Income From Continuing And Discontinued Operation": 5165000000000.0,
        "Total Expenses": 26563000000000.0,
        "Rent Expense Supplemental": 838000000000.0,
        "Total Operating Income As Reported": 9413000000000.0,
        "Diluted Average Shares": NaN,
        "Basic Average Shares": NaN,
        "Diluted EPS": NaN,
        "Basic EPS": NaN,
        "Diluted NI Availto Com Stockholders": 5165000000000.0,
        "Net Income Common Stockholders": 5165000000000.0,
        "Net Income": 5165000000000.0,
        "Minority Interests": -1364000000000.0,
        "Net Income Including Noncontrolling Interests": 6529000000000.0,
        "Net Income Continuous Operations": 6529000000000.0,
        "Tax Provision": 2018000000000.0,
        "Pretax Income": 8547000000000.0,
        "Other Income Expense": -391000000000.0,
        "Other Non Operating Income Expenses": NaN,
        "Earnings From Equity Interest": -2000000000.0,
        "Gain On Sale Of Security": -632000000000.0,
        "Net Non Operating Interest Income Expense": -864000000000.0,
        "Interest Expense Non Operating": 1331000000000.0,
        "Interest Income Non Operating": 467000000000.0,
        "Operating Income": 9802000000000.0,
        "Operating Expense": 14280000000000.0,
        "Other Operating Expenses": NaN,
        "Provision For Doubtful Accounts": 295000000000.0,
        "Depreciation Amortization Depletion Income Statement": 8143000000000.0,
        "Depreciation And Amortization In Income Statement": 8143000000000.0,
        "Selling General And Administration": 5918000000000.0,
        "Selling And Marketing Expense": 765000000000.0,
        "General And Administrative Expense": 5153000000000.0,
        "Other Gand A": 1236000000000.0,
        "Salaries And Wages": 3917000000000.0,
        "Gross Profit": 24082000000000.0,
        "Cost Of Revenue": 12283000000000.0,
        "Total Revenue": 36365000000000.0,
        "Operating Revenue": 36365000000000.0
    },
    "2025-09-30": {
        "Tax Effect Of Unusual Items": 4822208811.104406,
        "Tax Rate For Calcs": 0.219191,
        "Normalized EBITDA": 18516000000000.0,
        "Total Unusual Items": 22000000000.0,
        "Total Unusual Items Excluding Goodwill": 22000000000.0,
        "Net Income From Continuing Operation Net Minority Interest": 4809000000000.0,
        "Reconciled Depreciation": 8869000000000.0,
        "Reconciled Cost Of Revenue": 11990000000000.0,
        "EBITDA": 18538000000000.0,
        "EBIT": 9669000000000.0,
        "Net Interest Income": -986000000000.0,
        "Interest Expense": 1384000000000.0,
        "Interest Income": 398000000000.0,
        "Normalized Income": 4791822208811.1045,
        "Net Income From Continuing And Discontinued Operation": 4809000000000.0,
        "Total Expenses": 27195000000000.0,
        "Rent Expense Supplemental": 1201000000000.0,
        "Total Operating Income As Reported": 9272000000000.0,
        "Diluted Average Shares": NaN,
        "Basic Average Shares": NaN,
        "Diluted EPS": NaN,
        "Basic EPS": NaN,
        "Diluted NI Availto Com Stockholders": 4809000000000.0,
        "Net Income Common Stockholders": 4809000000000.0,
        "Net Income": 4809000000000.0,
        "Minority Interests": -1660000000000.0,
        "Net Income Including Noncontrolling Interests": 6469000000000.0,
        "Net Income Continuous Operations": 6469000000000.0,
        "Tax Provision": 1816000000000.0,
        "Pretax Income": 8285000000000.0,
        "Other Income Expense": -147000000000.0,
        "Other Non Operating Income Expenses": -168000000000.0,
        "Earnings From Equity Interest": -1000000000.0,
        "Gain On Sale Of Security": 22000000000.0,
        "Net Non Operating Interest Income Expense": -986000000000.0,
        "Interest Expense Non Operating": 1384000000000.0,
        "Interest Income Non Operating": 398000000000.0,
        "Operating Income": 9418000000000.0,
        "Operating Expense": 15205000000000.0,
        "Other Operating Expenses": NaN,
        "Provision For Doubtful Accounts": 478000000000.0,
        "Depreciation Amortization Depletion Income Statement": 8869000000000.0,
        "Depreciation And Amortization In Income Statement": 8869000000000.0,
        "Selling General And Administration": 5858000000000.0,
        "Selling And Marketing Expense": 847000000000.0,
        "General And Administrative Expense": 5011000000000.0,
        "Other Gand A": 1183000000000.0,
        "Salaries And Wages": 3828000000000.0,
        "Gross Profit": 24623000000000.0,
        "Cost Of Revenue": 11990000000000.0,
        "Total Revenue": 36613000000000.0,
        "Operating Revenue": 36613000000000.0
    }
}