{
    "2023-09-30": {
        "Tax Effect Of Unusual Items": NaN,
        "Tax Rate For Calcs": NaN,
        "Normalized EBITDA": NaN,
        "Total Unusual Items": NaN,
        "Total Unusual Items Excluding Goodwill": NaN,
        "Net Income From Continuing Operation Net Minority Interest": NaN,
        "Reconciled Depreciation": NaN,
        "EBITDA": NaN,
        "EBIT": NaN,
        "Net Interest Income": NaN,
        "Interest Expense": NaN,
        "Interest Income": NaN,
        "Normalized Income": NaN,
        "Net Income From Continuing And Discontinued Operation": NaN,
        "Total Expenses": NaN,
        "Total Operating Income As Reported": NaN,
        "Diluted Average Shares": 16758322.0,
        "Basic Average Shares": 16758322.0,
        "Diluted EPS": -0.08,
        "Basic EPS": -0.08,
        "Diluted NI Availto Com Stockholders": NaN,
        "Net Income Common Stockholders": NaN,
        "Otherunder Preferred Stock Dividend": 0.0,
        "Net Income": NaN,
        "Net Income Including Noncontrolling Interests": NaN,
        "Net Income Discontinuous Operations": NaN,
        "Net Income Continuous Operations": NaN,
        "Tax Provision": 2000.0,
        "Pretax Income": NaN,
        "Other Income Expense": 1706000.0,
        "Special Income Charges": 0.0,
        "Impairment Of Capital Assets": 0.0,
        "Gain On Sale Of Security": 1706000.0,
        "Net Non Operating Interest Income Expense": NaN,
        "Interest Expense Non Operating": NaN,
        "Interest Income Non Operating": NaN,
        "Operating Income": NaN,
        "Operating Expense": NaN,
        "Research And Development": NaN,
        "Selling General And Administration": NaN,
        "Total Revenue": NaN,
        "Operating Revenue": NaN
    },
    "2023-06-30": {
        "Tax Effect Of Unusual Items": NaN,
        "Tax Rate For Calcs": NaN,
        "Normalized EBITDA": NaN,
        "Total Unusual Items": NaN,
        "Total Unusual Items Excluding Goodwill": NaN,
        "Net Income From Continuing Operation Net Minority Interest": NaN,
        "Reconciled Depreciation": NaN,
        "EBITDA": NaN,
        "EBIT": NaN,
        "Net Interest Income": NaN,
        "Interest Expense": NaN,
        "Interest Income": NaN,
        "Normalized Income": NaN,
        "Net Income From Continuing And Discontinued Operation": NaN,
        "Total Expenses": NaN,
        "Total Operating Income As Reported": NaN,
        "Diluted Average Shares": 10924294.0,
        "Basic Average Shares": 10924294.0,
        "Diluted EPS": -0.4,
        "Basic EPS": -0.4,
        "Diluted NI Availto Com Stockholders": NaN,
        "Net Income Common Stockholders": NaN,
        "Otherunder Preferred Stock Dividend": 0.0,
        "Net Income": NaN,
        "Net Income Including Noncontrolling Interests": NaN,
        "Net Income Discontinuous Operations": NaN,
        "Net Income Continuous Operations": NaN,
        "Tax Provision": 3000.0,
        "Pretax Income": NaN,
        "Other Income Expense": -1299000.0,
        "Special Income Charges": 0.0,
        "Impairment Of Capital Assets": 0.0,
        "Gain On Sale Of Security": -1299000.0,
        "Net Non Operating Interest Income Expense": NaN,
        "Interest Expense Non Operating": NaN,
        "Interest Income Non Operating": NaN,
        "Operating Income": NaN,
        "Operating Expense": NaN,
        "Research And Development": NaN,
        "Selling General And Administration": NaN,
        "Total Revenue": NaN,
        "Operating Revenue": NaN
    },
    "2023-03-31": {
        "Tax Effect Of Unusual Items": NaN,
        "Tax Rate For Calcs": NaN,
        "Normalized EBITDA": NaN,
        "Total Unusual Items": NaN,
        "Total Unusual Items Excluding Goodwill": NaN,
        "Net Income From Continuing Operation Net Minority Interest": NaN,
        "Reconciled Depreciation": NaN,
        "EBITDA": NaN,
        "EBIT": NaN,
        "Net Interest Income": NaN,
        "Interest Expense": NaN,
        "Interest Income": NaN,
        "Normalized Income": NaN,
        "Net Income From Continuing And Discontinued Operation": NaN,
        "Total Expenses": NaN,
        "Total Operating Income As Reported": NaN,
        "Diluted Average Shares": 10893954.0,
        "Basic Average Shares": 10893954.0,
        "Diluted EPS": -0.75,
        "Basic EPS": -0.75,
        "Diluted NI Availto Com Stockholders": NaN,
        "Net Income Common Stockholders": NaN,
        "Otherunder Preferred Stock Dividend": NaN,
        "Net Income": NaN,
        "Net Income Including Noncontrolling Interests": NaN,
        "Net Income Discontinuous Operations": NaN,
        "Net Income Continuous Operations": NaN,
        "Tax Provision": NaN,
        "Pretax Income": NaN,
        "Other Income Expense": 5311000.0,
        "Special Income Charges": NaN,
        "Impairment Of Capital Assets": NaN,
        "Gain On Sale Of Security": 5311000.0,
        "Net Non Operating Interest Income Expense": NaN,
        "Interest Expense Non Operating": NaN,
        "Interest Income Non Operating": NaN,
        "Operating Income": NaN,
        "Operating Expense": NaN,
        "Research And Development": NaN,
        "Selling General And Administration": NaN,
        "Total Revenue": NaN,
        "Operating Revenue": NaN
    },
    "2022-12-31": {
        "Tax Effect Of Unusual Items": NaN,
        "Tax Rate For Calcs": NaN,
        "Normalized EBITDA": NaN,
        "Total Unusual Items": NaN,
        "Total Unusual Items Excluding Goodwill": NaN,
        "Net Income From Continuing Operation Net Minority Interest": NaN,
        "Reconciled Depreciation": NaN,
        "Reconciled Cost Of Revenue": 362000.0,
        "EBITDA": NaN,
        "EBIT": NaN,
        "Net Interest Income": NaN,
        "Interest Expense": NaN,
        "Interest Income": NaN,
        "Normalized Income": NaN,
        "Net Income From Continuing And Discontinued Operation": NaN,
        "Total Expenses": NaN,
        "Total Operating Income As Reported": NaN,
        "Diluted Average Shares": NaN,
        "Basic Average Shares": NaN,
        "Diluted EPS": NaN,
        "Basic EPS": NaN,
        "Diluted NI Availto Com Stockholders": NaN,
        "Net Income Common Stockholders": NaN,
        "Otherunder Preferred Stock Dividend": 5111000.0,
        "Preferred Stock Dividends": 0.0,
        "Net Income": NaN,
        "Net Income Including Noncontrolling Interests": NaN,
        "Net Income Discontinuous Operations": NaN,
        "Net Income Continuous Operations": NaN,
        "Tax Provision": -1000.0,
        "Pretax Income": NaN,
        "Other Income Expense": -47000.0,
        "Other Non Operating Income Expenses": 0.0,
        "Special Income Charges": -47000.0,
        "Other Special Charges": 0.0,
        "Impairment Of Capital Assets": 47000.0,
        "Gain On Sale Of Security": NaN,
        "Net Non Operating Interest Income Expense": NaN,
        "Interest Expense Non Operating": NaN,
        "Interest Income Non Operating": NaN,
        "Operating Income": NaN,
        "Operating Expense": NaN,
        "Research And Development": NaN,
        "Selling General And Administration": NaN,
        "Gross Profit": -110000.0,
        "Cost Of Revenue": 362000.0,
        "Total Revenue": NaN,
        "Operating Revenue": NaN
    },
    "2023-12-31": {
        "Tax Effect Of Unusual Items": 0.0,
        "Tax Rate For Calcs": 0.001109,
        "Normalized EBITDA": -4510000.0,
        "Total Unusual Items": 0.0,
        "Total Unusual Items Excluding Goodwill": 0.0,
        "Net Income From Continuing Operation Net Minority Interest": -4505000.0,
        "Reconciled Depreciation": 0.0,
        "EBITDA": -4510000.0,
        "EBIT": -4510000.0,
        "Net Interest Income": -227000.0,
        "Interest Expense": 0.0,
        "Interest Income": -227000.0,
        "Normalized Income": -4505000.0,
        "Net Income From Continuing And Discontinued Operation": -4517000.0,
        "Total Expenses": 4564000.0,
        "Total Operating Income As Reported": -4283000.0,
        "Diluted Average Shares": NaN,
        "Basic Average Shares": NaN,
        "Diluted EPS": NaN,
        "Basic EPS": NaN,
        "Diluted NI Availto Com Stockholders": -4517000.0,
        "Net Income Common Stockholders": -4517000.0,
        "Otherunder Preferred Stock Dividend": 0.0,
        "Net Income": -4517000.0,
        "Net Income Including Noncontrolling Interests": -4517000.0,
        "Net Income Discontinuous Operations": -12000.0,
        "Net Income Continuous Operations": -4505000.0,
        "Tax Provision": -5000.0,
        "Pretax Income": -4510000.0,
        "Other Income Expense": NaN,
        "Special Income Charges": 0.0,
        "Impairment Of Capital Assets": 0.0,
        "Gain On Sale Of Security": NaN,
        "Net Non Operating Interest Income Expense": -227000.0,
        "Interest Expense Non Operating": 0.0,
        "Interest Income Non Operating": -227000.0,
        "Operating Income": -4283000.0,
        "Operating Expense": 4564000.0,
        "Research And Development": 1769000.0,
        "Selling General And Administration": 2795000.0,
        "Total Revenue": 281000.0,
        "Operating Revenue": 281000.0
    },
    "2024-03-31": {
        "Tax Effect Of Unusual Items": 0.0,
        "Tax Rate For Calcs": 0.0,
        "Normalized EBITDA": -4017000.0,
        "Total Unusual Items": 244000.0,
        "Total Unusual Items Excluding Goodwill": 244000.0,
        "Net Income From Continuing Operation Net Minority Interest": -3954000.0,
        "Reconciled Depreciation": 0.0,
        "EBITDA": -3773000.0,
        "EBIT": -3773000.0,
        "Net Interest Income": 39000.0,
        "Interest Expense": 181000.0,
        "Interest Income": 220000.0,
        "Normalized Income": -4198000.0,
        "Net Income From Continuing And Discontinued Operation": -3954000.0,
        "Total Expenses": 4237000.0,
        "Total Operating Income As Reported": -4237000.0,
        "Diluted Average Shares": 24721964.0,
        "Basic Average Shares": 24721964.0,
        "Diluted EPS": -0.16,
        "Basic EPS": -0.16,
        "Diluted NI Availto Com Stockholders": -3954000.0,
        "Net Income Common Stockholders": -3954000.0,
        "Otherunder Preferred Stock Dividend": NaN,
        "Net Income": -3954000.0,
        "Net Income Including Noncontrolling Interests": -3954000.0,
        "Net Income Discontinuous Operations": 0.0,
        "Net Income Continuous Operations": -3954000.0,
        "Tax Provision": NaN,
        "Pretax Income": -3954000.0,
        "Other Income Expense": 244000.0,
        "Special Income Charges": NaN,
        "Impairment Of Capital Assets": NaN,
        "Gain On Sale Of Security": 244000.0,
        "Net Non Operating Interest Income Expense": 39000.0,
        "Interest Expense Non Operating": 181000.0,
        "Interest Income Non Operating": 220000.0,
        "Operating Income": -4237000.0,
        "Operating Expense": 4237000.0,
        "Research And Development": 1433000.0,
        "Selling General And Administration": 2804000.0,
        "Total Revenue": 0.0,
        "Operating Revenue": 0.0
    },
    "2022-09-30": {
        "Tax Effect Of Unusual Items": NaN,
        "Tax Rate For Calcs": NaN,
        "Normalized EBITDA": NaN,
        "Total Unusual Items": NaN,
        "Total Unusual Items Excluding Goodwill": NaN,
        "Net Income From Continuing Operation Net Minority Interest": NaN,
        "Reconciled Depreciation": NaN,
        "Reconciled Cost Of Revenue": 569000.0,
        "EBITDA": NaN,
        "EBIT": NaN,
        "Net Interest Income": NaN,
        "Interest Expense": NaN,
        "Interest Income": NaN,
        "Normalized Income": NaN,
        "Net Income From Continuing And Discontinued Operation": NaN,
        "Total Expenses": NaN,
        "Total Operating Income As Reported": NaN,
        "Diluted Average Shares": NaN,
        "Basic Average Shares": NaN,
        "Diluted EPS": NaN,
        "Basic EPS": NaN,
        "Diluted NI Availto Com Stockholders": NaN,
        "Net Income Common Stockholders": NaN,
        "Otherunder Preferred Stock Dividend": 0.0,
        "Preferred Stock Dividends": 186000.0,
        "Net Income": NaN,
        "Net Income Including Noncontrolling Interests": NaN,
        "Net Income Discontinuous Operations": NaN,
        "Net Income Continuous Operations": NaN,
        "Tax Provision": 11000.0,
        "Pretax Income": NaN,
        "Other Income Expense": NaN,
        "Other Non Operating Income Expenses": NaN,
        "Special Income Charges": 0.0,
        "Other Special Charges": NaN,
        "Impairment Of Capital Assets": 0.0,
        "Gain On Sale Of Security": NaN,
        "Net Non Operating Interest Income Expense": NaN,
        "Interest Expense Non Operating": NaN,
        "Interest Income Non Operating": NaN,
        "Operating Income": NaN,
        "Operating Expense": NaN,
        "Research And Development": NaN,
        "Selling General And Administration": NaN,
        "Gross Profit": -62000.0,
        "Cost Of Revenue": 569000.0,
        "Total Revenue": NaN,
        "Operating Revenue": NaN
    },
    "2024-06-30": {
        "Tax Effect Of Unusual Items": 0.0,
        "Tax Rate For Calcs": 0.0,
        "Normalized EBITDA": -4069000.0,
        "Total Unusual Items": 455000.0,
        "Total Unusual Items Excluding Goodwill": 455000.0,
        "Net Income From Continuing Operation Net Minority Interest": -3827000.0,
        "Reconciled Depreciation": 0.0,
        "EBITDA": -3614000.0,
        "EBIT": -3614000.0,
        "Net Interest Income": -12000.0,
        "Interest Expense": 213000.0,
        "Interest Income": 201000.0,
        "Normalized Income": -4282000.0,
        "Net Income From Continuing And Discontinued Operation": -3827000.0,
        "Total Expenses": 4270000.0,
        "Total Operating Income As Reported": -4270000.0,
        "Diluted Average Shares": 26201650.0,
        "Basic Average Shares": 26201650.0,
        "Diluted EPS": -0.15,
        "Basic EPS": -0.15,
        "Diluted NI Availto Com Stockholders": -3827000.0,
        "Net Income Common Stockholders": -3827000.0,
        "Otherunder Preferred Stock Dividend": NaN,
        "Net Income": -3827000.0,
        "Net Income Including Noncontrolling Interests": -3827000.0,
        "Net Income Discontinuous Operations": 0.0,
        "Net Income Continuous Operations": -3827000.0,
        "Tax Provision": 0.0,
        "Pretax Income": -3827000.0,
        "Other Income Expense": 455000.0,
        "Special Income Charges": NaN,
        "Impairment Of Capital Assets": NaN,
        "Gain On Sale Of Security": 455000.0,
        "Net Non Operating Interest Income Expense": -12000.0,
        "Interest Expense Non Operating": 213000.0,
        "Interest Income Non Operating": 201000.0,
        "Operating Income": -4270000.0,
        "Operating Expense": 4270000.0,
        "Research And Development": 1909000.0,
        "Selling General And Administration": 2361000.0,
        "Total Revenue": 0.0,
        "Operating Revenue": 0.0
    },
    "2024-09-30": {
        "Tax Effect Of Unusual Items": 0.0,
        "Tax Rate For Calcs": 0.0,
        "Normalized EBITDA": -3594000.0,
        "Total Unusual Items": 241000.0,
        "Total Unusual Items Excluding Goodwill": 241000.0,
        "Net Income From Continuing Operation Net Minority Interest": -3353000.0,
        "Reconciled Depreciation": 0.0,
        "EBITDA": -3353000.0,
        "EBIT": -3353000.0,
        "Net Interest Income": 155000.0,
        "Interest Expense": 0.0,
        "Interest Income": 155000.0,
        "Normalized Income": -3594000.0,
        "Net Income From Continuing And Discontinued Operation": -3353000.0,
        "Total Expenses": 3749000.0,
        "Total Operating Income As Reported": -3749000.0,
        "Diluted Average Shares": 26212902.0,
        "Basic Average Shares": 26212902.0,
        "Diluted EPS": -0.13,
        "Basic EPS": -0.13,
        "Diluted NI Availto Com Stockholders": -3353000.0,
        "Net Income Common Stockholders": -3353000.0,
        "Otherunder Preferred Stock Dividend": NaN,
        "Net Income": -3353000.0,
        "Net Income Including Noncontrolling Interests": -3353000.0,
        "Net Income Discontinuous Operations": 0.0,
        "Net Income Continuous Operations": -3353000.0,
        "Tax Provision": 0.0,
        "Pretax Income": -3353000.0,
        "Other Income Expense": 241000.0,
        "Special Income Charges": NaN,
        "Impairment Of Capital Assets": NaN,
        "Gain On Sale Of Security": 241000.0,
        "Net Non Operating Interest Income Expense": 155000.0,
        "Interest Expense Non Operating": 0.0,
        "Interest Income Non Operating": 155000.0,
        "Operating Income": -3749000.0,
        "Operating Expense": 3749000.0,
        "Research And Development": 2053000.0,
        "Selling General And Administration": 1696000.0,
        "Total Revenue": 0.0,
        "Operating Revenue": 0.0
    },
    "2024-12-31": {
        "Tax Effect Of Unusual Items": 0.0,
        "Tax Rate For Calcs": 0.0,
        "Normalized EBITDA": -2893000.0,
        "Total Unusual Items": 1023000.0,
        "Total Unusual Items Excluding Goodwill": 1023000.0,
        "Net Income From Continuing Operation Net Minority Interest": -1870000.0,
        "Reconciled Depreciation": 0.0,
        "EBITDA": -1870000.0,
        "EBIT": -1870000.0,
        "Net Interest Income": 103000.0,
        "Interest Expense": 0.0,
        "Interest Income": 103000.0,
        "Normalized Income": -2893000.0,
        "Net Income From Continuing And Discontinued Operation": -1870000.0,
        "Total Expenses": 2996000.0,
        "Total Operating Income As Reported": -2996000.0,
        "Diluted Average Shares": 26238000.0,
        "Basic Average Shares": 26238000.0,
        "Diluted EPS": -0.07,
        "Basic EPS": -0.07,
        "Diluted NI Availto Com Stockholders": -1870000.0,
        "Net Income Common Stockholders": -1870000.0,
        "Otherunder Preferred Stock Dividend": NaN,
        "Net Income": -1870000.0,
        "Net Income Including Noncontrolling Interests": -1870000.0,
        "Net Income Discontinuous Operations": 0.0,
        "Net Income Continuous Operations": -1870000.0,
        "Tax Provision": NaN,
        "Pretax Income": -1870000.0,
        "Other Income Expense": 1023000.0,
        "Special Income Charges": NaN,
        "Impairment Of Capital Assets": NaN,
        "Gain On Sale Of Security": 1023000.0,
        "Net Non Operating Interest Income Expense": 103000.0,
        "Interest Expense Non Operating": 0.0,
        "Interest Income Non Operating": 103000.0,
        "Operating Income": -2996000.0,
        "Operating Expense": 2996000.0,
        "Research And Development": 1323000.0,
        "Selling General And Administration": 1673000.0,
        "Total Revenue": 0.0,
        "Operating Revenue": 0.0
    }
}