{
    "2024-03-31": {
        "Tax Effect Of Unusual Items": NaN,
        "Tax Rate For Calcs": NaN,
        "Normalized EBITDA": NaN,
        "Total Unusual Items": NaN,
        "Total Unusual Items Excluding Goodwill": NaN,
        "Net Income From Continuing Operation Net Minority Interest": NaN,
        "Reconciled Depreciation": NaN,
        "Reconciled Cost Of Revenue": NaN,
        "EBITDA": NaN,
        "EBIT": NaN,
        "Net Interest Income": NaN,
        "Interest Expense": NaN,
        "Interest Income": NaN,
        "Normalized Income": NaN,
        "Net Income From Continuing And Discontinued Operation": NaN,
        "Total Expenses": NaN,
        "Total Operating Income As Reported": NaN,
        "Diluted Average Shares": NaN,
        "Basic Average Shares": NaN,
        "Diluted EPS": NaN,
        "Basic EPS": NaN,
        "Diluted NI Availto Com Stockholders": NaN,
        "Net Income Common Stockholders": NaN,
        "Otherunder Preferred Stock Dividend": 801000.0,
        "Preferred Stock Dividends": NaN,
        "Net Income": NaN,
        "Net Income Including Noncontrolling Interests": NaN,
        "Net Income Continuous Operations": NaN,
        "Tax Provision": NaN,
        "Pretax Income": NaN,
        "Other Income Expense": NaN,
        "Other Non Operating Income Expenses": NaN,
        "Special Income Charges": NaN,
        "Restructuring And Mergern Acquisition": NaN,
        "Gain On Sale Of Security": NaN,
        "Net Non Operating Interest Income Expense": NaN,
        "Interest Expense Non Operating": NaN,
        "Interest Income Non Operating": NaN,
        "Operating Income": NaN,
        "Operating Expense": NaN,
        "Research And Development": NaN,
        "Selling General And Administration": NaN,
        "Selling And Marketing Expense": NaN,
        "General And Administrative Expense": NaN,
        "Other Gand A": NaN,
        "Gross Profit": NaN,
        "Cost Of Revenue": NaN,
        "Total Revenue": NaN,
        "Operating Revenue": NaN
    },
    "2023-12-31": {
        "Tax Effect Of Unusual Items": NaN,
        "Tax Rate For Calcs": NaN,
        "Normalized EBITDA": NaN,
        "Total Unusual Items": NaN,
        "Total Unusual Items Excluding Goodwill": NaN,
        "Net Income From Continuing Operation Net Minority Interest": NaN,
        "Reconciled Depreciation": NaN,
        "Reconciled Cost Of Revenue": NaN,
        "EBITDA": NaN,
        "EBIT": NaN,
        "Net Interest Income": NaN,
        "Interest Expense": NaN,
        "Interest Income": NaN,
        "Normalized Income": NaN,
        "Net Income From Continuing And Discontinued Operation": NaN,
        "Total Expenses": NaN,
        "Total Operating Income As Reported": NaN,
        "Diluted Average Shares": NaN,
        "Basic Average Shares": NaN,
        "Diluted EPS": NaN,
        "Basic EPS": NaN,
        "Diluted NI Availto Com Stockholders": NaN,
        "Net Income Common Stockholders": NaN,
        "Otherunder Preferred Stock Dividend": NaN,
        "Preferred Stock Dividends": NaN,
        "Net Income": NaN,
        "Net Income Including Noncontrolling Interests": NaN,
        "Net Income Continuous Operations": NaN,
        "Tax Provision": NaN,
        "Pretax Income": NaN,
        "Other Income Expense": NaN,
        "Other Non Operating Income Expenses": NaN,
        "Special Income Charges": NaN,
        "Other Special Charges": 182000.0,
        "Restructuring And Mergern Acquisition": NaN,
        "Gain On Sale Of Security": NaN,
        "Net Non Operating Interest Income Expense": NaN,
        "Interest Expense Non Operating": NaN,
        "Interest Income Non Operating": NaN,
        "Operating Income": NaN,
        "Operating Expense": NaN,
        "Research And Development": NaN,
        "Selling General And Administration": NaN,
        "Selling And Marketing Expense": NaN,
        "General And Administrative Expense": NaN,
        "Other Gand A": NaN,
        "Gross Profit": NaN,
        "Cost Of Revenue": NaN,
        "Total Revenue": NaN,
        "Operating Revenue": NaN
    },
    "2023-09-30": {
        "Tax Effect Of Unusual Items": NaN,
        "Tax Rate For Calcs": NaN,
        "Normalized EBITDA": NaN,
        "Total Unusual Items": NaN,
        "Total Unusual Items Excluding Goodwill": NaN,
        "Net Income From Continuing Operation Net Minority Interest": NaN,
        "Reconciled Depreciation": NaN,
        "Reconciled Cost Of Revenue": NaN,
        "EBITDA": NaN,
        "EBIT": NaN,
        "Net Interest Income": NaN,
        "Interest Expense": NaN,
        "Interest Income": NaN,
        "Normalized Income": NaN,
        "Net Income From Continuing And Discontinued Operation": NaN,
        "Total Expenses": NaN,
        "Total Operating Income As Reported": NaN,
        "Diluted Average Shares": NaN,
        "Basic Average Shares": NaN,
        "Diluted EPS": NaN,
        "Basic EPS": NaN,
        "Diluted NI Availto Com Stockholders": NaN,
        "Net Income Common Stockholders": NaN,
        "Otherunder Preferred Stock Dividend": NaN,
        "Preferred Stock Dividends": 458000.0,
        "Net Income": NaN,
        "Net Income Including Noncontrolling Interests": NaN,
        "Net Income Continuous Operations": NaN,
        "Tax Provision": NaN,
        "Pretax Income": NaN,
        "Other Income Expense": NaN,
        "Other Non Operating Income Expenses": NaN,
        "Special Income Charges": NaN,
        "Other Special Charges": -19000.0,
        "Restructuring And Mergern Acquisition": NaN,
        "Gain On Sale Of Security": NaN,
        "Net Non Operating Interest Income Expense": NaN,
        "Interest Expense Non Operating": NaN,
        "Interest Income Non Operating": NaN,
        "Operating Income": NaN,
        "Operating Expense": NaN,
        "Research And Development": NaN,
        "Selling General And Administration": NaN,
        "Selling And Marketing Expense": NaN,
        "General And Administrative Expense": NaN,
        "Other Gand A": NaN,
        "Gross Profit": NaN,
        "Cost Of Revenue": NaN,
        "Total Revenue": NaN,
        "Operating Revenue": NaN
    },
    "2023-06-30": {
        "Tax Effect Of Unusual Items": NaN,
        "Tax Rate For Calcs": NaN,
        "Normalized EBITDA": NaN,
        "Total Unusual Items": NaN,
        "Total Unusual Items Excluding Goodwill": NaN,
        "Net Income From Continuing Operation Net Minority Interest": NaN,
        "Reconciled Depreciation": NaN,
        "Reconciled Cost Of Revenue": NaN,
        "EBITDA": NaN,
        "EBIT": NaN,
        "Net Interest Income": NaN,
        "Interest Expense": NaN,
        "Interest Income": NaN,
        "Normalized Income": NaN,
        "Net Income From Continuing And Discontinued Operation": NaN,
        "Total Expenses": NaN,
        "Total Operating Income As Reported": NaN,
        "Diluted Average Shares": NaN,
        "Basic Average Shares": NaN,
        "Diluted EPS": NaN,
        "Basic EPS": NaN,
        "Diluted NI Availto Com Stockholders": NaN,
        "Net Income Common Stockholders": NaN,
        "Preferred Stock Dividends": NaN,
        "Net Income": NaN,
        "Net Income Including Noncontrolling Interests": NaN,
        "Net Income Continuous Operations": NaN,
        "Tax Provision": NaN,
        "Pretax Income": NaN,
        "Other Income Expense": NaN,
        "Other Non Operating Income Expenses": NaN,
        "Special Income Charges": NaN,
        "Other Special Charges": -621000.0,
        "Restructuring And Mergern Acquisition": NaN,
        "Gain On Sale Of Security": NaN,
        "Net Non Operating Interest Income Expense": NaN,
        "Interest Expense Non Operating": NaN,
        "Interest Income Non Operating": NaN,
        "Operating Income": NaN,
        "Operating Expense": NaN,
        "Research And Development": NaN,
        "Selling General And Administration": NaN,
        "Selling And Marketing Expense": NaN,
        "General And Administrative Expense": NaN,
        "Other Gand A": NaN,
        "Gross Profit": NaN,
        "Cost Of Revenue": NaN,
        "Total Revenue": NaN,
        "Operating Revenue": NaN
    },
    "2023-03-31": {
        "Tax Effect Of Unusual Items": NaN,
        "Tax Rate For Calcs": NaN,
        "Normalized EBITDA": NaN,
        "Total Unusual Items": NaN,
        "Total Unusual Items Excluding Goodwill": NaN,
        "Net Income From Continuing Operation Net Minority Interest": NaN,
        "Reconciled Depreciation": NaN,
        "Reconciled Cost Of Revenue": NaN,
        "EBITDA": NaN,
        "EBIT": NaN,
        "Net Interest Income": NaN,
        "Interest Expense": NaN,
        "Interest Income": NaN,
        "Normalized Income": NaN,
        "Net Income From Continuing And Discontinued Operation": NaN,
        "Total Expenses": NaN,
        "Total Operating Income As Reported": NaN,
        "Diluted Average Shares": NaN,
        "Basic Average Shares": NaN,
        "Diluted EPS": NaN,
        "Basic EPS": NaN,
        "Diluted NI Availto Com Stockholders": NaN,
        "Net Income Common Stockholders": NaN,
        "Preferred Stock Dividends": NaN,
        "Net Income": NaN,
        "Net Income Including Noncontrolling Interests": NaN,
        "Net Income Continuous Operations": NaN,
        "Tax Provision": NaN,
        "Pretax Income": NaN,
        "Other Income Expense": NaN,
        "Other Non Operating Income Expenses": NaN,
        "Special Income Charges": NaN,
        "Other Special Charges": -881000.0,
        "Restructuring And Mergern Acquisition": NaN,
        "Gain On Sale Of Security": NaN,
        "Net Non Operating Interest Income Expense": NaN,
        "Interest Expense Non Operating": NaN,
        "Interest Income Non Operating": NaN,
        "Operating Income": NaN,
        "Operating Expense": NaN,
        "Research And Development": NaN,
        "Selling General And Administration": NaN,
        "Selling And Marketing Expense": NaN,
        "General And Administrative Expense": NaN,
        "Other Gand A": NaN,
        "Gross Profit": NaN,
        "Cost Of Revenue": NaN,
        "Total Revenue": NaN,
        "Operating Revenue": NaN
    },
    "2022-12-31": {
        "Tax Effect Of Unusual Items": -463470.0,
        "Tax Rate For Calcs": 0.21,
        "Normalized EBITDA": -20328000.0,
        "Total Unusual Items": -2207000.0,
        "Total Unusual Items Excluding Goodwill": -2207000.0,
        "Net Income From Continuing Operation Net Minority Interest": -22542000.0,
        "Reconciled Depreciation": -54000.0,
        "Reconciled Cost Of Revenue": 816000.0,
        "EBITDA": -22535000.0,
        "EBIT": -22535000.0,
        "Net Interest Income": 104000.0,
        "Interest Expense": 1000.0,
        "Interest Income": 105000.0,
        "Normalized Income": -20798470.0,
        "Net Income From Continuing And Discontinued Operation": -22542000.0,
        "Total Expenses": 14998000.0,
        "Total Operating Income As Reported": -11772000.0,
        "Diluted Average Shares": NaN,
        "Basic Average Shares": NaN,
        "Diluted EPS": NaN,
        "Basic EPS": NaN,
        "Diluted NI Availto Com Stockholders": -25371000.0,
        "Net Income Common Stockholders": -25371000.0,
        "Preferred Stock Dividends": NaN,
        "Net Income": -22542000.0,
        "Net Income Including Noncontrolling Interests": -22542000.0,
        "Net Income Continuous Operations": -22542000.0,
        "Tax Provision": 6000.0,
        "Pretax Income": -22536000.0,
        "Other Income Expense": -10868000.0,
        "Other Non Operating Income Expenses": -8661000.0,
        "Special Income Charges": 0.0,
        "Other Special Charges": NaN,
        "Restructuring And Mergern Acquisition": NaN,
        "Gain On Sale Of Security": -2207000.0,
        "Net Non Operating Interest Income Expense": 104000.0,
        "Interest Expense Non Operating": 1000.0,
        "Interest Income Non Operating": 105000.0,
        "Operating Income": -11772000.0,
        "Operating Expense": 14182000.0,
        "Research And Development": 6267000.0,
        "Selling General And Administration": 7915000.0,
        "Selling And Marketing Expense": 3857000.0,
        "General And Administrative Expense": 4058000.0,
        "Other Gand A": 4058000.0,
        "Gross Profit": 2410000.0,
        "Cost Of Revenue": 816000.0,
        "Total Revenue": 3226000.0,
        "Operating Revenue": 3226000.0
    },
    "2024-06-30": {
        "Tax Effect Of Unusual Items": NaN,
        "Tax Rate For Calcs": NaN,
        "Normalized EBITDA": NaN,
        "Total Unusual Items": NaN,
        "Total Unusual Items Excluding Goodwill": NaN,
        "Net Income From Continuing Operation Net Minority Interest": NaN,
        "Reconciled Depreciation": NaN,
        "Reconciled Cost Of Revenue": NaN,
        "EBITDA": NaN,
        "EBIT": NaN,
        "Net Interest Income": NaN,
        "Interest Expense": NaN,
        "Interest Income": NaN,
        "Normalized Income": NaN,
        "Net Income From Continuing And Discontinued Operation": NaN,
        "Total Expenses": NaN,
        "Total Operating Income As Reported": NaN,
        "Diluted Average Shares": NaN,
        "Basic Average Shares": NaN,
        "Diluted EPS": NaN,
        "Basic EPS": NaN,
        "Diluted NI Availto Com Stockholders": NaN,
        "Net Income Common Stockholders": NaN,
        "Otherunder Preferred Stock Dividend": 801000.0,
        "Preferred Stock Dividends": 801000.0,
        "Net Income": NaN,
        "Net Income Including Noncontrolling Interests": NaN,
        "Net Income Continuous Operations": NaN,
        "Tax Provision": NaN,
        "Pretax Income": NaN,
        "Other Income Expense": NaN,
        "Other Non Operating Income Expenses": NaN,
        "Special Income Charges": NaN,
        "Restructuring And Mergern Acquisition": NaN,
        "Gain On Sale Of Security": NaN,
        "Net Non Operating Interest Income Expense": NaN,
        "Interest Expense Non Operating": NaN,
        "Interest Income Non Operating": NaN,
        "Operating Income": NaN,
        "Operating Expense": NaN,
        "Research And Development": NaN,
        "Selling General And Administration": NaN,
        "Selling And Marketing Expense": NaN,
        "General And Administrative Expense": NaN,
        "Other Gand A": NaN,
        "Gross Profit": NaN,
        "Cost Of Revenue": NaN,
        "Total Revenue": NaN,
        "Operating Revenue": NaN
    },
    "2024-09-30": {
        "Tax Effect Of Unusual Items": 9159.866778,
        "Tax Rate For Calcs": 0.001249,
        "Normalized EBITDA": -8412000.0,
        "Total Unusual Items": 7334000.0,
        "Total Unusual Items Excluding Goodwill": 7334000.0,
        "Net Income From Continuing Operation Net Minority Interest": -2399000.0,
        "Reconciled Depreciation": 182000.0,
        "Reconciled Cost Of Revenue": 1004000.0,
        "EBITDA": -1078000.0,
        "EBIT": -1260000.0,
        "Net Interest Income": -984000.0,
        "Interest Expense": 1142000.0,
        "Interest Income": 158000.0,
        "Normalized Income": -9723840.133222,
        "Net Income From Continuing And Discontinued Operation": -2399000.0,
        "Total Expenses": 16088000.0,
        "Total Operating Income As Reported": -8739000.0,
        "Diluted Average Shares": 26501597.0,
        "Basic Average Shares": 26501597.0,
        "Diluted EPS": -0.12,
        "Basic EPS": -0.12,
        "Diluted NI Availto Com Stockholders": -3202000.0,
        "Net Income Common Stockholders": -3202000.0,
        "Otherunder Preferred Stock Dividend": 0.0,
        "Preferred Stock Dividends": 803000.0,
        "Net Income": -2399000.0,
        "Net Income Including Noncontrolling Interests": -2399000.0,
        "Net Income Continuous Operations": -2399000.0,
        "Tax Provision": -3000.0,
        "Pretax Income": -2402000.0,
        "Other Income Expense": 7321000.0,
        "Other Non Operating Income Expenses": -13000.0,
        "Special Income Charges": 2360000.0,
        "Restructuring And Mergern Acquisition": -2360000.0,
        "Gain On Sale Of Security": 4974000.0,
        "Net Non Operating Interest Income Expense": -984000.0,
        "Interest Expense Non Operating": 1142000.0,
        "Interest Income Non Operating": 158000.0,
        "Operating Income": -8739000.0,
        "Operating Expense": 15084000.0,
        "Research And Development": 4219000.0,
        "Selling General And Administration": 10865000.0,
        "Selling And Marketing Expense": 6138000.0,
        "General And Administrative Expense": 4727000.0,
        "Other Gand A": 4727000.0,
        "Gross Profit": 6345000.0,
        "Cost Of Revenue": 1004000.0,
        "Total Revenue": 7349000.0,
        "Operating Revenue": 7349000.0
    },
    "2024-12-31": {
        "Tax Effect Of Unusual Items": -140.073202,
        "Tax Rate For Calcs": 9.9e-05,
        "Normalized EBITDA": -7432000.0,
        "Total Unusual Items": -1416000.0,
        "Total Unusual Items Excluding Goodwill": -1416000.0,
        "Net Income From Continuing Operation Net Minority Interest": -10108000.0,
        "Reconciled Depreciation": 193000.0,
        "Reconciled Cost Of Revenue": 1216000.0,
        "EBITDA": -8848000.0,
        "EBIT": -9041000.0,
        "Net Interest Income": -1011000.0,
        "Interest Expense": 1068000.0,
        "Interest Income": 57000.0,
        "Normalized Income": -8692140.073202,
        "Net Income From Continuing And Discontinued Operation": -10108000.0,
        "Total Expenses": 15841000.0,
        "Total Operating Income As Reported": -7580000.0,
        "Diluted Average Shares": 27551189.0,
        "Basic Average Shares": 27551189.0,
        "Diluted EPS": -0.4,
        "Basic EPS": -0.4,
        "Diluted NI Availto Com Stockholders": -10891000.0,
        "Net Income Common Stockholders": -10891000.0,
        "Otherunder Preferred Stock Dividend": 0.0,
        "Preferred Stock Dividends": 783000.0,
        "Net Income": -10108000.0,
        "Net Income Including Noncontrolling Interests": -10108000.0,
        "Net Income Continuous Operations": -10108000.0,
        "Tax Provision": -1000.0,
        "Pretax Income": -10109000.0,
        "Other Income Expense": -1518000.0,
        "Other Non Operating Income Expenses": -102000.0,
        "Special Income Charges": -830000.0,
        "Restructuring And Mergern Acquisition": 830000.0,
        "Gain On Sale Of Security": -586000.0,
        "Net Non Operating Interest Income Expense": -1011000.0,
        "Interest Expense Non Operating": 1068000.0,
        "Interest Income Non Operating": 57000.0,
        "Operating Income": -7580000.0,
        "Operating Expense": 14625000.0,
        "Research And Development": 2959000.0,
        "Selling General And Administration": 11666000.0,
        "Selling And Marketing Expense": 7010000.0,
        "General And Administrative Expense": 4656000.0,
        "Other Gand A": 4656000.0,
        "Gross Profit": 7045000.0,
        "Cost Of Revenue": 1216000.0,
        "Total Revenue": 8261000.0,
        "Operating Revenue": 8261000.0
    },
    "2025-03-31": {
        "Tax Effect Of Unusual Items": -347550.0,
        "Tax Rate For Calcs": 0.21,
        "Normalized EBITDA": -7334000.0,
        "Total Unusual Items": -1655000.0,
        "Total Unusual Items Excluding Goodwill": -1655000.0,
        "Net Income From Continuing Operation Net Minority Interest": -10375000.0,
        "Reconciled Depreciation": 172000.0,
        "Reconciled Cost Of Revenue": 1495000.0,
        "EBITDA": -8989000.0,
        "EBIT": -9161000.0,
        "Net Interest Income": -1135000.0,
        "Interest Expense": 1209000.0,
        "Interest Income": 74000.0,
        "Normalized Income": -9067550.0,
        "Net Income From Continuing And Discontinued Operation": -10375000.0,
        "Total Expenses": 16496000.0,
        "Total Operating Income As Reported": -7329000.0,
        "Diluted Average Shares": 28527453.0,
        "Basic Average Shares": 28527453.0,
        "Diluted EPS": -0.39,
        "Basic EPS": -0.39,
        "Diluted NI Availto Com Stockholders": -11087000.0,
        "Net Income Common Stockholders": -11087000.0,
        "Otherunder Preferred Stock Dividend": 712000.0,
        "Preferred Stock Dividends": 712000.0,
        "Net Income": -10375000.0,
        "Net Income Including Noncontrolling Interests": -10375000.0,
        "Net Income Continuous Operations": -10375000.0,
        "Tax Provision": 5000.0,
        "Pretax Income": -10370000.0,
        "Other Income Expense": -1906000.0,
        "Other Non Operating Income Expenses": -251000.0,
        "Special Income Charges": -820000.0,
        "Restructuring And Mergern Acquisition": 820000.0,
        "Gain On Sale Of Security": -835000.0,
        "Net Non Operating Interest Income Expense": -1135000.0,
        "Interest Expense Non Operating": 1209000.0,
        "Interest Income Non Operating": 74000.0,
        "Operating Income": -7329000.0,
        "Operating Expense": 15001000.0,
        "Research And Development": 3296000.0,
        "Selling General And Administration": 11705000.0,
        "Selling And Marketing Expense": 6734000.0,
        "General And Administrative Expense": 4971000.0,
        "Other Gand A": 4971000.0,
        "Gross Profit": 7672000.0,
        "Cost Of Revenue": 1495000.0,
        "Total Revenue": 9167000.0,
        "Operating Revenue": 9167000.0
    },
    "2025-06-30": {
        "Tax Effect Of Unusual Items": 133.880111,
        "Tax Rate For Calcs": 0.000362,
        "Normalized EBITDA": -7073000.0,
        "Total Unusual Items": 370000.0,
        "Total Unusual Items Excluding Goodwill": 370000.0,
        "Net Income From Continuing Operation Net Minority Interest": -8288000.0,
        "Reconciled Depreciation": 165000.0,
        "Reconciled Cost Of Revenue": 1802000.0,
        "EBITDA": -6703000.0,
        "EBIT": -6868000.0,
        "Net Interest Income": -1289000.0,
        "Interest Expense": 1423000.0,
        "Interest Income": 134000.0,
        "Normalized Income": -8657866.119889,
        "Net Income From Continuing And Discontinued Operation": -8288000.0,
        "Total Expenses": 18545000.0,
        "Total Operating Income As Reported": -7332000.0,
        "Diluted Average Shares": 32899297.0,
        "Basic Average Shares": 32899297.0,
        "Diluted EPS": -0.27,
        "Basic EPS": -0.27,
        "Diluted NI Availto Com Stockholders": -9002000.0,
        "Net Income Common Stockholders": -9002000.0,
        "Otherunder Preferred Stock Dividend": NaN,
        "Preferred Stock Dividends": 714000.0,
        "Net Income": -8288000.0,
        "Net Income Including Noncontrolling Interests": -8288000.0,
        "Net Income Continuous Operations": -8288000.0,
        "Tax Provision": -3000.0,
        "Pretax Income": -8291000.0,
        "Other Income Expense": 330000.0,
        "Other Non Operating Income Expenses": -40000.0,
        "Special Income Charges": 700000.0,
        "Restructuring And Mergern Acquisition": -700000.0,
        "Gain On Sale Of Security": -330000.0,
        "Net Non Operating Interest Income Expense": -1289000.0,
        "Interest Expense Non Operating": 1423000.0,
        "Interest Income Non Operating": 134000.0,
        "Operating Income": -7332000.0,
        "Operating Expense": 16743000.0,
        "Research And Development": 3923000.0,
        "Selling General And Administration": 12820000.0,
        "Selling And Marketing Expense": 7163000.0,
        "General And Administrative Expense": 5657000.0,
        "Other Gand A": 5657000.0,
        "Gross Profit": 9411000.0,
        "Cost Of Revenue": 1802000.0,
        "Total Revenue": 11213000.0,
        "Operating Revenue": 11213000.0
    },
    "2025-09-30": {
        "Tax Effect Of Unusual Items": -85680.0,
        "Tax Rate For Calcs": 0.21,
        "Normalized EBITDA": -8775000.0,
        "Total Unusual Items": -408000.0,
        "Total Unusual Items Excluding Goodwill": -408000.0,
        "Net Income From Continuing Operation Net Minority Interest": -10811000.0,
        "Reconciled Depreciation": 163000.0,
        "Reconciled Cost Of Revenue": 1906000.0,
        "EBITDA": -9183000.0,
        "EBIT": -9346000.0,
        "Net Interest Income": -1290000.0,
        "Interest Expense": 1460000.0,
        "Interest Income": 170000.0,
        "Normalized Income": -10488680.0,
        "Net Income From Continuing And Discontinued Operation": -10811000.0,
        "Total Expenses": 20580000.0,
        "Total Operating Income As Reported": -9014000.0,
        "Diluted Average Shares": 43057632.0,
        "Basic Average Shares": 43057632.0,
        "Diluted EPS": -0.96,
        "Basic EPS": -0.96,
        "Diluted NI Availto Com Stockholders": -41274000.0,
        "Net Income Common Stockholders": -41274000.0,
        "Otherunder Preferred Stock Dividend": 30463000.0,
        "Preferred Stock Dividends": NaN,
        "Net Income": -10811000.0,
        "Net Income Including Noncontrolling Interests": -10811000.0,
        "Net Income Continuous Operations": -10811000.0,
        "Tax Provision": 5000.0,
        "Pretax Income": -10806000.0,
        "Other Income Expense": -502000.0,
        "Other Non Operating Income Expenses": -94000.0,
        "Special Income Charges": 2524000.0,
        "Restructuring And Mergern Acquisition": -2524000.0,
        "Gain On Sale Of Security": -2932000.0,
        "Net Non Operating Interest Income Expense": -1290000.0,
        "Interest Expense Non Operating": 1460000.0,
        "Interest Income Non Operating": 170000.0,
        "Operating Income": -9014000.0,
        "Operating Expense": 18674000.0,
        "Research And Development": 5176000.0,
        "Selling General And Administration": 13498000.0,
        "Selling And Marketing Expense": 6839000.0,
        "General And Administrative Expense": 6659000.0,
        "Other Gand A": 6659000.0,
        "Gross Profit": 9660000.0,
        "Cost Of Revenue": 1906000.0,
        "Total Revenue": 11566000.0,
        "Operating Revenue": 11566000.0
    }
}