{
    "2023-03-31": {
        "Tax Effect Of Unusual Items": NaN,
        "Tax Rate For Calcs": NaN,
        "Normalized EBITDA": NaN,
        "Total Unusual Items": NaN,
        "Total Unusual Items Excluding Goodwill": NaN,
        "Net Income From Continuing Operation Net Minority Interest": NaN,
        "Reconciled Depreciation": NaN,
        "EBITDA": NaN,
        "EBIT": NaN,
        "Net Interest Income": NaN,
        "Interest Expense": NaN,
        "Interest Income": NaN,
        "Normalized Income": NaN,
        "Net Income From Continuing And Discontinued Operation": NaN,
        "Total Expenses": NaN,
        "Total Operating Income As Reported": NaN,
        "Diluted Average Shares": NaN,
        "Basic Average Shares": NaN,
        "Diluted EPS": NaN,
        "Basic EPS": NaN,
        "Diluted NI Availto Com Stockholders": NaN,
        "Net Income Common Stockholders": NaN,
        "Net Income": NaN,
        "Net Income Including Noncontrolling Interests": NaN,
        "Net Income Continuous Operations": NaN,
        "Pretax Income": NaN,
        "Other Income Expense": NaN,
        "Special Income Charges": 13750000.0,
        "Gain On Sale Of Ppe": 13750000.0,
        "Earnings From Equity Interest": NaN,
        "Gain On Sale Of Security": NaN,
        "Net Non Operating Interest Income Expense": NaN,
        "Interest Expense Non Operating": NaN,
        "Interest Income Non Operating": NaN,
        "Operating Income": NaN,
        "Operating Expense": NaN,
        "Other Operating Expenses": NaN,
        "Selling General And Administration": NaN,
        "General And Administrative Expense": NaN,
        "Other Gand A": NaN,
        "Total Revenue": NaN,
        "Operating Revenue": NaN
    },
    "2022-12-31": {
        "Tax Effect Of Unusual Items": NaN,
        "Tax Rate For Calcs": NaN,
        "Normalized EBITDA": NaN,
        "Total Unusual Items": NaN,
        "Total Unusual Items Excluding Goodwill": NaN,
        "Net Income From Continuing Operation Net Minority Interest": NaN,
        "Reconciled Depreciation": NaN,
        "EBITDA": NaN,
        "EBIT": NaN,
        "Net Interest Income": NaN,
        "Interest Expense": NaN,
        "Interest Income": NaN,
        "Normalized Income": NaN,
        "Net Income From Continuing And Discontinued Operation": NaN,
        "Total Expenses": NaN,
        "Total Operating Income As Reported": NaN,
        "Diluted Average Shares": NaN,
        "Basic Average Shares": NaN,
        "Diluted EPS": NaN,
        "Basic EPS": NaN,
        "Diluted NI Availto Com Stockholders": NaN,
        "Net Income Common Stockholders": NaN,
        "Net Income": NaN,
        "Net Income Including Noncontrolling Interests": NaN,
        "Net Income Continuous Operations": NaN,
        "Pretax Income": NaN,
        "Other Income Expense": NaN,
        "Special Income Charges": NaN,
        "Gain On Sale Of Ppe": NaN,
        "Earnings From Equity Interest": NaN,
        "Gain On Sale Of Security": NaN,
        "Net Non Operating Interest Income Expense": NaN,
        "Total Other Finance Cost": -567000.0,
        "Interest Expense Non Operating": NaN,
        "Interest Income Non Operating": NaN,
        "Operating Income": NaN,
        "Operating Expense": NaN,
        "Other Operating Expenses": NaN,
        "Selling General And Administration": NaN,
        "General And Administrative Expense": NaN,
        "Other Gand A": NaN,
        "Total Revenue": NaN,
        "Operating Revenue": NaN
    },
    "2022-09-30": {
        "Tax Effect Of Unusual Items": NaN,
        "Tax Rate For Calcs": NaN,
        "Normalized EBITDA": NaN,
        "Total Unusual Items": NaN,
        "Total Unusual Items Excluding Goodwill": NaN,
        "Net Income From Continuing Operation Net Minority Interest": NaN,
        "Reconciled Depreciation": NaN,
        "EBITDA": NaN,
        "EBIT": NaN,
        "Net Interest Income": NaN,
        "Interest Expense": NaN,
        "Interest Income": NaN,
        "Normalized Income": NaN,
        "Net Income From Continuing And Discontinued Operation": NaN,
        "Total Expenses": NaN,
        "Total Operating Income As Reported": NaN,
        "Diluted Average Shares": 239740984.0,
        "Basic Average Shares": 239740984.0,
        "Diluted EPS": -0.12,
        "Basic EPS": -0.12,
        "Diluted NI Availto Com Stockholders": NaN,
        "Net Income Common Stockholders": NaN,
        "Net Income": NaN,
        "Net Income Including Noncontrolling Interests": NaN,
        "Net Income Continuous Operations": NaN,
        "Pretax Income": NaN,
        "Other Income Expense": NaN,
        "Special Income Charges": 0.0,
        "Gain On Sale Of Ppe": 0.0,
        "Earnings From Equity Interest": NaN,
        "Gain On Sale Of Security": NaN,
        "Net Non Operating Interest Income Expense": NaN,
        "Total Other Finance Cost": -352000.0,
        "Interest Expense Non Operating": NaN,
        "Interest Income Non Operating": NaN,
        "Operating Income": NaN,
        "Operating Expense": NaN,
        "Other Operating Expenses": NaN,
        "Selling General And Administration": NaN,
        "General And Administrative Expense": NaN,
        "Other Gand A": NaN,
        "Total Revenue": NaN,
        "Operating Revenue": NaN
    },
    "2022-06-30": {
        "Tax Effect Of Unusual Items": 0.0,
        "Tax Rate For Calcs": 0.0,
        "Normalized EBITDA": -23986000.0,
        "Total Unusual Items": 5752000.0,
        "Total Unusual Items Excluding Goodwill": 5752000.0,
        "Net Income From Continuing Operation Net Minority Interest": -12384000.0,
        "Reconciled Depreciation": 94000.0,
        "EBITDA": -18234000.0,
        "EBIT": -18328000.0,
        "Net Interest Income": 192000.0,
        "Interest Expense": NaN,
        "Interest Income": NaN,
        "Normalized Income": -18136000.0,
        "Net Income From Continuing And Discontinued Operation": -12384000.0,
        "Total Expenses": 18328000.0,
        "Total Operating Income As Reported": -18328000.0,
        "Diluted Average Shares": 227119216.0,
        "Basic Average Shares": 227119216.0,
        "Diluted EPS": -0.05,
        "Basic EPS": -0.05,
        "Diluted NI Availto Com Stockholders": -12384000.0,
        "Net Income Common Stockholders": -12384000.0,
        "Net Income": -12384000.0,
        "Net Income Including Noncontrolling Interests": -12384000.0,
        "Net Income Continuous Operations": -12384000.0,
        "Pretax Income": -12384000.0,
        "Other Income Expense": 5752000.0,
        "Special Income Charges": NaN,
        "Gain On Sale Of Ppe": NaN,
        "Earnings From Equity Interest": NaN,
        "Gain On Sale Of Security": 5752000.0,
        "Net Non Operating Interest Income Expense": 192000.0,
        "Total Other Finance Cost": -192000.0,
        "Interest Expense Non Operating": NaN,
        "Interest Income Non Operating": NaN,
        "Operating Income": -18328000.0,
        "Operating Expense": 18328000.0,
        "Other Operating Expenses": 9985000.0,
        "Selling General And Administration": 8343000.0,
        "General And Administrative Expense": 8343000.0,
        "Other Gand A": 8343000.0,
        "Total Revenue": 0.0,
        "Operating Revenue": 0.0
    },
    "2022-03-31": {
        "Diluted EPS": -0.09,
        "Total Revenue": NaN,
        "Gross Profit": NaN,
        "Operating Income": -16,
        "EBIT": -16,
        "Net Income": -21
    },
    "2021-12-31": {
        "Diluted EPS": -0.07,
        "Total Revenue": NaN,
        "Gross Profit": NaN,
        "Operating Income": -28,
        "EBIT": -28,
        "Net Income": -20
    },
    "2021-09-30": {
        "Diluted EPS": -0.18,
        "Total Revenue": NaN,
        "Gross Profit": NaN,
        "Operating Income": -37,
        "EBIT": -37,
        "Net Income": -37
    },
    "2021-06-30": {
        "Diluted EPS": -0.15,
        "Total Revenue": NaN,
        "Gross Profit": NaN,
        "Operating Income": -29,
        "EBIT": -29,
        "Net Income": -29
    },
    "2021-03-31": {
        "Diluted EPS": -0.29,
        "Total Revenue": NaN,
        "Gross Profit": NaN,
        "Operating Income": -55,
        "EBIT": -55,
        "Net Income": -56
    },
    "2020-12-31": {
        "Diluted EPS": -0.27,
        "Total Revenue": NaN,
        "Gross Profit": NaN,
        "Operating Income": -49,
        "EBIT": -49,
        "Net Income": -50
    },
    "2020-09-30": {
        "Diluted EPS": -0.04,
        "Total Revenue": NaN,
        "Gross Profit": NaN,
        "Operating Income": -7,
        "EBIT": -7,
        "Net Income": -7
    },
    "2020-06-30": {
        "Diluted EPS": 0.0,
        "Total Revenue": NaN,
        "Gross Profit": NaN,
        "Operating Income": 0,
        "EBIT": 0,
        "Net Income": 0
    },
    "2020-03-31": {
        "Diluted EPS": -0.01,
        "Total Revenue": NaN,
        "Gross Profit": NaN,
        "Operating Income": 0,
        "EBIT": 0,
        "Net Income": 0
    },
    "2019-12-31": {
        "Diluted EPS": 0.0,
        "Total Revenue": NaN,
        "Gross Profit": NaN,
        "Operating Income": NaN,
        "EBIT": NaN,
        "Net Income": NaN
    },
    "2019-09-30": {
        "Diluted EPS": -0.19,
        "Total Revenue": NaN,
        "Gross Profit": NaN,
        "Operating Income": -2,
        "EBIT": -2,
        "Net Income": -2
    },
    "2023-06-30": {
        "Tax Effect Of Unusual Items": NaN,
        "Tax Rate For Calcs": NaN,
        "Normalized EBITDA": NaN,
        "Total Unusual Items": NaN,
        "Total Unusual Items Excluding Goodwill": NaN,
        "Net Income From Continuing Operation Net Minority Interest": NaN,
        "Reconciled Depreciation": NaN,
        "EBITDA": NaN,
        "EBIT": NaN,
        "Net Interest Income": NaN,
        "Interest Expense": NaN,
        "Interest Income": NaN,
        "Normalized Income": NaN,
        "Net Income From Continuing And Discontinued Operation": NaN,
        "Total Expenses": NaN,
        "Total Operating Income As Reported": NaN,
        "Diluted Average Shares": 281323151.0,
        "Basic Average Shares": 281323151.0,
        "Diluted EPS": -0.05,
        "Basic EPS": -0.05,
        "Diluted NI Availto Com Stockholders": NaN,
        "Net Income Common Stockholders": NaN,
        "Net Income": NaN,
        "Net Income Including Noncontrolling Interests": NaN,
        "Net Income Continuous Operations": NaN,
        "Pretax Income": NaN,
        "Other Income Expense": NaN,
        "Special Income Charges": 0.0,
        "Gain On Sale Of Ppe": 0.0,
        "Earnings From Equity Interest": NaN,
        "Gain On Sale Of Security": NaN,
        "Net Non Operating Interest Income Expense": NaN,
        "Interest Expense Non Operating": NaN,
        "Interest Income Non Operating": NaN,
        "Operating Income": NaN,
        "Operating Expense": NaN,
        "Other Operating Expenses": NaN,
        "Selling General And Administration": NaN,
        "General And Administrative Expense": NaN,
        "Other Gand A": NaN,
        "Total Revenue": NaN,
        "Operating Revenue": NaN
    },
    "2023-09-30": {
        "Tax Effect Of Unusual Items": NaN,
        "Tax Rate For Calcs": NaN,
        "Normalized EBITDA": NaN,
        "Total Unusual Items": NaN,
        "Total Unusual Items Excluding Goodwill": NaN,
        "Net Income From Continuing Operation Net Minority Interest": NaN,
        "Reconciled Depreciation": NaN,
        "EBITDA": NaN,
        "EBIT": NaN,
        "Net Interest Income": NaN,
        "Interest Expense": NaN,
        "Interest Income": NaN,
        "Normalized Income": NaN,
        "Net Income From Continuing And Discontinued Operation": NaN,
        "Total Expenses": NaN,
        "Total Operating Income As Reported": NaN,
        "Diluted Average Shares": 294636496.0,
        "Basic Average Shares": 294636496.0,
        "Diluted EPS": -0.04,
        "Basic EPS": -0.04,
        "Diluted NI Availto Com Stockholders": NaN,
        "Net Income Common Stockholders": NaN,
        "Net Income": NaN,
        "Net Income Including Noncontrolling Interests": NaN,
        "Net Income Continuous Operations": NaN,
        "Pretax Income": NaN,
        "Other Income Expense": NaN,
        "Special Income Charges": 0.0,
        "Gain On Sale Of Ppe": 0.0,
        "Earnings From Equity Interest": NaN,
        "Gain On Sale Of Security": NaN,
        "Net Non Operating Interest Income Expense": NaN,
        "Interest Expense Non Operating": NaN,
        "Interest Income Non Operating": NaN,
        "Operating Income": NaN,
        "Operating Expense": NaN,
        "Other Operating Expenses": NaN,
        "Selling General And Administration": NaN,
        "General And Administrative Expense": NaN,
        "Other Gand A": NaN,
        "Total Revenue": NaN,
        "Operating Revenue": NaN
    },
    "2023-12-31": {
        "Tax Effect Of Unusual Items": 0.0,
        "Tax Rate For Calcs": 0.0,
        "Normalized EBITDA": -33052000.0,
        "Total Unusual Items": -13766000.0,
        "Total Unusual Items Excluding Goodwill": -13766000.0,
        "Net Income From Continuing Operation Net Minority Interest": -47209000.0,
        "Reconciled Depreciation": 98000.0,
        "EBITDA": -46818000.0,
        "EBIT": -46916000.0,
        "Net Interest Income": -47000.0,
        "Interest Expense": 252000.0,
        "Interest Income": 205000.0,
        "Normalized Income": -33443000.0,
        "Net Income From Continuing And Discontinued Operation": -47209000.0,
        "Total Expenses": 33259000.0,
        "Total Operating Income As Reported": -33259000.0,
        "Diluted Average Shares": NaN,
        "Basic Average Shares": NaN,
        "Diluted EPS": NaN,
        "Basic EPS": NaN,
        "Diluted NI Availto Com Stockholders": -47209000.0,
        "Net Income Common Stockholders": -47209000.0,
        "Net Income": -47209000.0,
        "Net Income Including Noncontrolling Interests": -47209000.0,
        "Net Income Continuous Operations": -47209000.0,
        "Pretax Income": -47168000.0,
        "Other Income Expense": -13862000.0,
        "Special Income Charges": NaN,
        "Gain On Sale Of Ppe": NaN,
        "Earnings From Equity Interest": -96000.0,
        "Gain On Sale Of Security": -16000.0,
        "Net Non Operating Interest Income Expense": -47000.0,
        "Interest Expense Non Operating": 252000.0,
        "Interest Income Non Operating": 205000.0,
        "Operating Income": -33259000.0,
        "Operating Expense": 33259000.0,
        "Other Operating Expenses": 26677000.0,
        "Selling General And Administration": 6582000.0,
        "General And Administrative Expense": 6582000.0,
        "Other Gand A": -3309000.0,
        "Total Revenue": 0.0,
        "Operating Revenue": 0.0
    },
    "2024-03-31": {
        "Tax Effect Of Unusual Items": NaN,
        "Tax Rate For Calcs": NaN,
        "Normalized EBITDA": NaN,
        "Total Unusual Items": NaN,
        "Total Unusual Items Excluding Goodwill": NaN,
        "Net Income From Continuing Operation Net Minority Interest": NaN,
        "Reconciled Depreciation": NaN,
        "EBITDA": NaN,
        "EBIT": NaN,
        "Net Interest Income": NaN,
        "Interest Expense": NaN,
        "Interest Income": NaN,
        "Normalized Income": NaN,
        "Net Income From Continuing And Discontinued Operation": NaN,
        "Total Expenses": NaN,
        "Total Operating Income As Reported": NaN,
        "Diluted Average Shares": 311521854.0,
        "Basic Average Shares": 311521854.0,
        "Diluted EPS": -0.08,
        "Basic EPS": -0.08,
        "Diluted NI Availto Com Stockholders": NaN,
        "Net Income Common Stockholders": NaN,
        "Net Income": NaN,
        "Net Income Including Noncontrolling Interests": NaN,
        "Net Income Continuous Operations": NaN,
        "Pretax Income": NaN,
        "Other Income Expense": NaN,
        "Earnings From Equity Interest": NaN,
        "Gain On Sale Of Security": NaN,
        "Net Non Operating Interest Income Expense": NaN,
        "Interest Expense Non Operating": NaN,
        "Interest Income Non Operating": NaN,
        "Operating Income": NaN,
        "Operating Expense": NaN,
        "Other Operating Expenses": NaN,
        "Selling General And Administration": NaN,
        "General And Administrative Expense": NaN,
        "Other Gand A": NaN,
        "Total Revenue": NaN,
        "Operating Revenue": NaN
    },
    "2024-06-30": {
        "Tax Effect Of Unusual Items": NaN,
        "Tax Rate For Calcs": NaN,
        "Normalized EBITDA": NaN,
        "Total Unusual Items": NaN,
        "Total Unusual Items Excluding Goodwill": NaN,
        "Net Income From Continuing Operation Net Minority Interest": NaN,
        "Reconciled Depreciation": NaN,
        "EBITDA": NaN,
        "EBIT": NaN,
        "Net Interest Income": NaN,
        "Interest Expense": NaN,
        "Interest Income": NaN,
        "Normalized Income": NaN,
        "Net Income From Continuing And Discontinued Operation": NaN,
        "Total Expenses": NaN,
        "Total Operating Income As Reported": NaN,
        "Diluted Average Shares": 320891977.0,
        "Basic Average Shares": 320891977.0,
        "Diluted EPS": -0.06,
        "Basic EPS": -0.06,
        "Diluted NI Availto Com Stockholders": NaN,
        "Net Income Common Stockholders": NaN,
        "Net Income": NaN,
        "Net Income Including Noncontrolling Interests": NaN,
        "Net Income Continuous Operations": NaN,
        "Tax Provision": NaN,
        "Pretax Income": NaN,
        "Other Income Expense": NaN,
        "Other Non Operating Income Expenses": NaN,
        "Earnings From Equity Interest": NaN,
        "Gain On Sale Of Security": NaN,
        "Net Non Operating Interest Income Expense": NaN,
        "Interest Expense Non Operating": NaN,
        "Interest Income Non Operating": NaN,
        "Operating Income": NaN,
        "Operating Expense": NaN,
        "Other Operating Expenses": NaN,
        "Selling General And Administration": NaN,
        "General And Administrative Expense": NaN,
        "Other Gand A": NaN,
        "Total Revenue": NaN,
        "Operating Revenue": NaN
    },
    "2024-09-30": {
        "Tax Effect Of Unusual Items": 0.0,
        "Tax Rate For Calcs": 0.0,
        "Normalized EBITDA": -19930000.0,
        "Total Unusual Items": 108000.0,
        "Total Unusual Items Excluding Goodwill": 108000.0,
        "Net Income From Continuing Operation Net Minority Interest": -20520000.0,
        "Reconciled Depreciation": 83000.0,
        "EBITDA": -19822000.0,
        "EBIT": -19905000.0,
        "Net Interest Income": -608000.0,
        "Interest Expense": 615000.0,
        "Interest Income": 7000.0,
        "Normalized Income": -20628000.0,
        "Net Income From Continuing And Discontinued Operation": -20520000.0,
        "Total Expenses": 19962000.0,
        "Total Operating Income As Reported": -19962000.0,
        "Diluted Average Shares": 323663607.0,
        "Basic Average Shares": 323663607.0,
        "Diluted EPS": -0.06,
        "Basic EPS": -0.06,
        "Diluted NI Availto Com Stockholders": -20520000.0,
        "Net Income Common Stockholders": -20520000.0,
        "Net Income": -20520000.0,
        "Net Income Including Noncontrolling Interests": -20520000.0,
        "Net Income Continuous Operations": -20520000.0,
        "Tax Provision": 0.0,
        "Pretax Income": -20520000.0,
        "Other Income Expense": 50000.0,
        "Other Non Operating Income Expenses": NaN,
        "Earnings From Equity Interest": -58000.0,
        "Gain On Sale Of Security": 108000.0,
        "Net Non Operating Interest Income Expense": -608000.0,
        "Interest Expense Non Operating": 615000.0,
        "Interest Income Non Operating": 7000.0,
        "Operating Income": -19962000.0,
        "Operating Expense": 19962000.0,
        "Other Operating Expenses": 11813000.0,
        "Selling General And Administration": 8149000.0,
        "General And Administrative Expense": 8149000.0,
        "Other Gand A": 8149000.0,
        "Total Revenue": 0.0,
        "Operating Revenue": 0.0
    },
    "2024-12-31": {
        "Tax Effect Of Unusual Items": 0.0,
        "Tax Rate For Calcs": 0.0,
        "Normalized EBITDA": -16244000.0,
        "Total Unusual Items": 1537000.0,
        "Total Unusual Items Excluding Goodwill": 1537000.0,
        "Net Income From Continuing Operation Net Minority Interest": -16061000.0,
        "Reconciled Depreciation": 82000.0,
        "EBITDA": -14707000.0,
        "EBIT": -14789000.0,
        "Net Interest Income": -1173000.0,
        "Interest Expense": 1224000.0,
        "Interest Income": 51000.0,
        "Normalized Income": -17598000.0,
        "Net Income From Continuing And Discontinued Operation": -16061000.0,
        "Total Expenses": 16348000.0,
        "Total Operating Income As Reported": -16348000.0,
        "Diluted Average Shares": NaN,
        "Basic Average Shares": NaN,
        "Diluted EPS": NaN,
        "Basic EPS": NaN,
        "Diluted NI Availto Com Stockholders": -16061000.0,
        "Net Income Common Stockholders": -16061000.0,
        "Net Income": -16061000.0,
        "Net Income Including Noncontrolling Interests": -16061000.0,
        "Net Income Continuous Operations": -16061000.0,
        "Tax Provision": NaN,
        "Pretax Income": -16013000.0,
        "Other Income Expense": 1508000.0,
        "Other Non Operating Income Expenses": NaN,
        "Earnings From Equity Interest": -29000.0,
        "Gain On Sale Of Security": 1736000.0,
        "Net Non Operating Interest Income Expense": -1173000.0,
        "Interest Expense Non Operating": 1224000.0,
        "Interest Income Non Operating": 51000.0,
        "Operating Income": -16348000.0,
        "Operating Expense": 16348000.0,
        "Other Operating Expenses": 8304000.0,
        "Selling General And Administration": 8044000.0,
        "General And Administrative Expense": 8044000.0,
        "Other Gand A": -8376000.0,
        "Total Revenue": 0.0,
        "Operating Revenue": 0.0
    },
    "2025-03-31": {
        "Tax Effect Of Unusual Items": 0.0,
        "Tax Rate For Calcs": 0.0,
        "Normalized EBITDA": -17973000.0,
        "Total Unusual Items": -1536000.0,
        "Total Unusual Items Excluding Goodwill": -1536000.0,
        "Net Income From Continuing Operation Net Minority Interest": -20588000.0,
        "Reconciled Depreciation": 58000.0,
        "EBITDA": -19509000.0,
        "EBIT": -19567000.0,
        "Net Interest Income": -1002000.0,
        "Interest Expense": 1021000.0,
        "Interest Income": 19000.0,
        "Normalized Income": -19052000.0,
        "Net Income From Continuing And Discontinued Operation": -20588000.0,
        "Total Expenses": 18015000.0,
        "Total Operating Income As Reported": -18015000.0,
        "Diluted Average Shares": 345346393.0,
        "Basic Average Shares": 345346393.0,
        "Diluted EPS": -0.06,
        "Basic EPS": -0.06,
        "Diluted NI Availto Com Stockholders": -20588000.0,
        "Net Income Common Stockholders": -20588000.0,
        "Net Income": -20588000.0,
        "Net Income Including Noncontrolling Interests": -20588000.0,
        "Net Income Continuous Operations": -20588000.0,
        "Tax Provision": NaN,
        "Pretax Income": -20588000.0,
        "Other Income Expense": -1571000.0,
        "Other Non Operating Income Expenses": NaN,
        "Earnings From Equity Interest": -35000.0,
        "Gain On Sale Of Security": -1536000.0,
        "Net Non Operating Interest Income Expense": -1002000.0,
        "Interest Expense Non Operating": 1021000.0,
        "Interest Income Non Operating": 19000.0,
        "Operating Income": -18015000.0,
        "Operating Expense": 18015000.0,
        "Other Operating Expenses": 9515000.0,
        "Selling General And Administration": 8500000.0,
        "General And Administrative Expense": 8500000.0,
        "Other Gand A": 8500000.0,
        "Total Revenue": 0.0,
        "Operating Revenue": 0.0
    },
    "2025-06-30": {
        "Tax Effect Of Unusual Items": 0.0,
        "Tax Rate For Calcs": 0.0,
        "Normalized EBITDA": -21681000.0,
        "Total Unusual Items": -51769000.0,
        "Total Unusual Items Excluding Goodwill": -51769000.0,
        "Net Income From Continuing Operation Net Minority Interest": -74341000.0,
        "Reconciled Depreciation": 58000.0,
        "EBITDA": -73450000.0,
        "EBIT": -73508000.0,
        "Net Interest Income": -686000.0,
        "Interest Expense": 833000.0,
        "Interest Income": 147000.0,
        "Normalized Income": -22572000.0,
        "Net Income From Continuing And Discontinued Operation": -74341000.0,
        "Total Expenses": 21975000.0,
        "Total Operating Income As Reported": -21975000.0,
        "Diluted Average Shares": 366626500.0,
        "Basic Average Shares": 366626500.0,
        "Diluted EPS": -0.2,
        "Basic EPS": -0.2,
        "Diluted NI Availto Com Stockholders": -74341000.0,
        "Net Income Common Stockholders": -74341000.0,
        "Net Income": -74341000.0,
        "Net Income Including Noncontrolling Interests": -74341000.0,
        "Net Income Continuous Operations": -74341000.0,
        "Tax Provision": NaN,
        "Pretax Income": -74341000.0,
        "Other Income Expense": -51680000.0,
        "Other Non Operating Income Expenses": NaN,
        "Earnings From Equity Interest": 89000.0,
        "Gain On Sale Of Security": -51769000.0,
        "Net Non Operating Interest Income Expense": -686000.0,
        "Interest Expense Non Operating": 833000.0,
        "Interest Income Non Operating": 147000.0,
        "Operating Income": -21975000.0,
        "Operating Expense": 21975000.0,
        "Other Operating Expenses": 10496000.0,
        "Selling General And Administration": 11479000.0,
        "General And Administrative Expense": 11479000.0,
        "Other Gand A": 11479000.0,
        "Total Revenue": 0.0,
        "Operating Revenue": 0.0
    },
    "2025-09-30": {
        "Tax Effect Of Unusual Items": 269850.0,
        "Tax Rate For Calcs": 0.15,
        "Normalized EBITDA": -185455000.0,
        "Total Unusual Items": 1799000.0,
        "Total Unusual Items Excluding Goodwill": 1799000.0,
        "Net Income From Continuing Operation Net Minority Interest": -184517000.0,
        "Reconciled Depreciation": 57000.0,
        "EBITDA": -183656000.0,
        "EBIT": -183713000.0,
        "Net Interest Income": 658000.0,
        "Interest Expense": 681000.0,
        "Interest Income": 1339000.0,
        "Normalized Income": -186046150.0,
        "Net Income From Continuing And Discontinued Operation": -184517000.0,
        "Total Expenses": 55359000.0,
        "Total Operating Income As Reported": -55359000.0,
        "Diluted Average Shares": 405506978.0,
        "Basic Average Shares": 405506978.0,
        "Diluted EPS": -0.46,
        "Basic EPS": -0.46,
        "Diluted NI Availto Com Stockholders": -184517000.0,
        "Net Income Common Stockholders": -184517000.0,
        "Net Income": -184517000.0,
        "Net Income Including Noncontrolling Interests": -184517000.0,
        "Net Income Continuous Operations": -184517000.0,
        "Tax Provision": 123000.0,
        "Pretax Income": -184394000.0,
        "Other Income Expense": -129693000.0,
        "Other Non Operating Income Expenses": -131000000.0,
        "Earnings From Equity Interest": -492000.0,
        "Gain On Sale Of Security": 1799000.0,
        "Net Non Operating Interest Income Expense": 658000.0,
        "Interest Expense Non Operating": 681000.0,
        "Interest Income Non Operating": 1339000.0,
        "Operating Income": -55359000.0,
        "Operating Expense": 55359000.0,
        "Other Operating Expenses": 9633000.0,
        "Selling General And Administration": 45726000.0,
        "General And Administrative Expense": 45726000.0,
        "Other Gand A": 45726000.0,
        "Total Revenue": 0.0,
        "Operating Revenue": 0.0
    }
}