{
    "2023-06-30": {
        "Tax Effect Of Unusual Items": -6588000.0,
        "Tax Rate For Calcs": 0.036,
        "Normalized EBITDA": 2794000000.0,
        "Total Unusual Items": -183000000.0,
        "Total Unusual Items Excluding Goodwill": -183000000.0,
        "Net Income From Continuing Operation Net Minority Interest": 1361000000.0,
        "Reconciled Depreciation": 855000000.0,
        "Reconciled Cost Of Revenue": 6436000000.0,
        "EBITDA": 2611000000.0,
        "EBIT": 1756000000.0,
        "Net Interest Income": -148000000.0,
        "Interest Expense": 326000000.0,
        "Interest Income": 178000000.0,
        "Normalized Income": 1537412000.0,
        "Net Income From Continuing And Discontinued Operation": 1361000000.0,
        "Total Expenses": 8926000000.0,
        "Total Operating Income As Reported": 1578000000.0,
        "Diluted Average Shares": 388000000.0,
        "Basic Average Shares": 386000000.0,
        "Diluted EPS": 3.51,
        "Basic EPS": 3.53,
        "Diluted NI Availto Com Stockholders": 1361000000.0,
        "Net Income Common Stockholders": 1361000000.0,
        "Net Income": 1361000000.0,
        "Minority Interests": -1000000.0,
        "Net Income Including Noncontrolling Interests": 1362000000.0,
        "Net Income Continuous Operations": 1362000000.0,
        "Earnings From Equity Interest Net Of Tax": -16000000.0,
        "Tax Provision": 52000000.0,
        "Pretax Income": 1430000000.0,
        "Other Income Expense": -183000000.0,
        "Other Non Operating Income Expenses": NaN,
        "Special Income Charges": -183000000.0,
        "Restructuring And Mergern Acquisition": 183000000.0,
        "Net Non Operating Interest Income Expense": -148000000.0,
        "Interest Expense Non Operating": 326000000.0,
        "Interest Income Non Operating": 178000000.0,
        "Operating Income": 1761000000.0,
        "Operating Expense": 2490000000.0,
        "Research And Development": 345000000.0,
        "Selling General And Administration": 2145000000.0,
        "Gross Profit": 4251000000.0,
        "Cost Of Revenue": 6436000000.0,
        "Total Revenue": 10687000000.0,
        "Operating Revenue": 10687000000.0
    },
    "2023-03-31": {
        "Tax Effect Of Unusual Items": NaN,
        "Tax Rate For Calcs": NaN,
        "Normalized EBITDA": NaN,
        "Total Unusual Items": NaN,
        "Total Unusual Items Excluding Goodwill": NaN,
        "Net Income From Continuing Operation Net Minority Interest": NaN,
        "Reconciled Depreciation": NaN,
        "Reconciled Cost Of Revenue": NaN,
        "EBITDA": NaN,
        "EBIT": NaN,
        "Net Interest Income": NaN,
        "Interest Expense": NaN,
        "Interest Income": NaN,
        "Normalized Income": NaN,
        "Net Income From Continuing And Discontinued Operation": NaN,
        "Total Expenses": NaN,
        "Total Operating Income As Reported": NaN,
        "Diluted Average Shares": NaN,
        "Basic Average Shares": NaN,
        "Diluted EPS": NaN,
        "Basic EPS": NaN,
        "Diluted NI Availto Com Stockholders": NaN,
        "Net Income Common Stockholders": NaN,
        "Net Income": NaN,
        "Minority Interests": NaN,
        "Net Income Including Noncontrolling Interests": NaN,
        "Net Income Continuous Operations": NaN,
        "Earnings From Equity Interest Net Of Tax": NaN,
        "Tax Provision": NaN,
        "Pretax Income": NaN,
        "Other Income Expense": NaN,
        "Other Non Operating Income Expenses": -46000000.0,
        "Special Income Charges": NaN,
        "Restructuring And Mergern Acquisition": NaN,
        "Net Non Operating Interest Income Expense": NaN,
        "Interest Expense Non Operating": NaN,
        "Interest Income Non Operating": NaN,
        "Operating Income": NaN,
        "Operating Expense": NaN,
        "Research And Development": NaN,
        "Selling General And Administration": NaN,
        "Gross Profit": NaN,
        "Cost Of Revenue": NaN,
        "Total Revenue": NaN,
        "Operating Revenue": NaN
    },
    "2022-12-31": {
        "Tax Effect Of Unusual Items": NaN,
        "Tax Rate For Calcs": NaN,
        "Normalized EBITDA": NaN,
        "Total Unusual Items": NaN,
        "Total Unusual Items Excluding Goodwill": NaN,
        "Net Income From Continuing Operation Net Minority Interest": NaN,
        "Reconciled Depreciation": NaN,
        "Reconciled Cost Of Revenue": NaN,
        "EBITDA": NaN,
        "EBIT": NaN,
        "Net Interest Income": NaN,
        "Interest Expense": NaN,
        "Interest Income": NaN,
        "Normalized Income": NaN,
        "Net Income From Continuing And Discontinued Operation": NaN,
        "Total Expenses": NaN,
        "Total Operating Income As Reported": NaN,
        "Diluted Average Shares": NaN,
        "Basic Average Shares": NaN,
        "Diluted EPS": NaN,
        "Basic EPS": NaN,
        "Diluted NI Availto Com Stockholders": NaN,
        "Net Income Common Stockholders": NaN,
        "Net Income": NaN,
        "Minority Interests": NaN,
        "Net Income Including Noncontrolling Interests": NaN,
        "Net Income Continuous Operations": NaN,
        "Earnings From Equity Interest Net Of Tax": NaN,
        "Tax Provision": NaN,
        "Pretax Income": NaN,
        "Other Income Expense": NaN,
        "Other Non Operating Income Expenses": 35000000.0,
        "Special Income Charges": NaN,
        "Restructuring And Mergern Acquisition": NaN,
        "Net Non Operating Interest Income Expense": NaN,
        "Interest Expense Non Operating": NaN,
        "Interest Income Non Operating": NaN,
        "Operating Income": NaN,
        "Operating Expense": NaN,
        "Research And Development": NaN,
        "Selling General And Administration": NaN,
        "Gross Profit": NaN,
        "Cost Of Revenue": NaN,
        "Total Revenue": NaN,
        "Operating Revenue": NaN
    },
    "2022-09-30": {
        "Tax Effect Of Unusual Items": -638975.640225,
        "Tax Rate For Calcs": 0.019363,
        "Normalized EBITDA": 2645000000.0,
        "Total Unusual Items": -33000000.0,
        "Total Unusual Items Excluding Goodwill": -33000000.0,
        "Net Income From Continuing Operation Net Minority Interest": 1495000000.0,
        "Reconciled Depreciation": 838000000.0,
        "Reconciled Cost Of Revenue": 6002000000.0,
        "EBITDA": 2612000000.0,
        "EBIT": 1774000000.0,
        "Net Interest Income": -105000000.0,
        "Interest Expense": 173000000.0,
        "Interest Income": 68000000.0,
        "Normalized Income": 1527361024.359775,
        "Net Income From Continuing And Discontinued Operation": 1495000000.0,
        "Total Expenses": 8934000000.0,
        "Total Operating Income As Reported": 1710000000.0,
        "Diluted Average Shares": 395000000.0,
        "Basic Average Shares": 392000000.0,
        "Diluted EPS": 3.79,
        "Basic EPS": 3.82,
        "Diluted NI Availto Com Stockholders": 1495000000.0,
        "Net Income Common Stockholders": 1495000000.0,
        "Net Income": 1495000000.0,
        "Minority Interests": -3000000.0,
        "Net Income Including Noncontrolling Interests": 1498000000.0,
        "Net Income Continuous Operations": 1498000000.0,
        "Earnings From Equity Interest Net Of Tax": -72000000.0,
        "Tax Provision": 31000000.0,
        "Pretax Income": 1601000000.0,
        "Other Income Expense": -37000000.0,
        "Other Non Operating Income Expenses": -4000000.0,
        "Special Income Charges": -33000000.0,
        "Restructuring And Mergern Acquisition": 33000000.0,
        "Net Non Operating Interest Income Expense": -105000000.0,
        "Interest Expense Non Operating": 173000000.0,
        "Interest Income Non Operating": 68000000.0,
        "Operating Income": 1743000000.0,
        "Operating Expense": 2688000000.0,
        "Depreciation Amortization Depletion Income Statement": 594000000.0,
        "Depreciation And Amortization In Income Statement": 594000000.0,
        "Amortization": 594000000.0,
        "Amortization Of Intangibles Income Statement": 594000000.0,
        "Research And Development": 351000000.0,
        "Selling General And Administration": 1743000000.0,
        "Gross Profit": 4431000000.0,
        "Cost Of Revenue": 6246000000.0,
        "Total Revenue": 10677000000.0,
        "Operating Revenue": 10677000000.0
    },
    "2022-06-30": {
        "Tax Effect Of Unusual Items": -2478873.239437,
        "Tax Rate For Calcs": 0.103286,
        "Normalized EBITDA": 2925000000.0,
        "Total Unusual Items": -24000000.0,
        "Total Unusual Items Excluding Goodwill": -24000000.0,
        "Net Income From Continuing Operation Net Minority Interest": 1664000000.0,
        "Reconciled Depreciation": 836000000.0,
        "Reconciled Cost Of Revenue": 6004000000.0,
        "EBITDA": 2901000000.0,
        "EBIT": 2065000000.0,
        "Net Interest Income": -112000000.0,
        "Interest Expense": 148000000.0,
        "Interest Income": 36000000.0,
        "Normalized Income": 1685521126.760563,
        "Net Income From Continuing And Discontinued Operation": 1664000000.0,
        "Total Expenses": 8945000000.0,
        "Total Operating Income As Reported": 2001000000.0,
        "Diluted Average Shares": 394000000.0,
        "Basic Average Shares": 392000000.0,
        "Diluted EPS": 4.22,
        "Basic EPS": 4.25,
        "Diluted NI Availto Com Stockholders": 1664000000.0,
        "Net Income Common Stockholders": 1664000000.0,
        "Net Income": 1664000000.0,
        "Minority Interests": -4000000.0,
        "Net Income Including Noncontrolling Interests": 1668000000.0,
        "Net Income Continuous Operations": 1668000000.0,
        "Earnings From Equity Interest Net Of Tax": -51000000.0,
        "Tax Provision": 198000000.0,
        "Pretax Income": 1917000000.0,
        "Other Income Expense": 4000000.0,
        "Other Non Operating Income Expenses": 28000000.0,
        "Special Income Charges": -24000000.0,
        "Restructuring And Mergern Acquisition": 24000000.0,
        "Net Non Operating Interest Income Expense": -112000000.0,
        "Interest Expense Non Operating": 148000000.0,
        "Interest Income Non Operating": 36000000.0,
        "Operating Income": 2025000000.0,
        "Operating Expense": 2705000000.0,
        "Depreciation Amortization Depletion Income Statement": 600000000.0,
        "Depreciation And Amortization In Income Statement": 600000000.0,
        "Amortization": 600000000.0,
        "Amortization Of Intangibles Income Statement": 600000000.0,
        "Research And Development": 365000000.0,
        "Selling General And Administration": 1740000000.0,
        "Gross Profit": 4730000000.0,
        "Cost Of Revenue": 6240000000.0,
        "Total Revenue": 10970000000.0,
        "Operating Revenue": 10970000000.0
    },
    "2022-03-31": {
        "Diluted EPS": 5.61,
        "Total Revenue": NaN,
        "Gross Profit": NaN,
        "Operating Income": NaN,
        "EBIT": NaN,
        "Net Income": NaN
    },
    "2021-12-31": {
        "Diluted EPS": 4.18,
        "Total Revenue": NaN,
        "Gross Profit": NaN,
        "Operating Income": NaN,
        "EBIT": NaN,
        "Net Income": NaN
    },
    "2021-09-30": {
        "Diluted EPS": 4.79,
        "Total Revenue": NaN,
        "Gross Profit": NaN,
        "Operating Income": NaN,
        "EBIT": NaN,
        "Net Income": NaN
    },
    "2021-06-30": {
        "Diluted EPS": 4.61,
        "Total Revenue": NaN,
        "Gross Profit": NaN,
        "Operating Income": NaN,
        "EBIT": NaN,
        "Net Income": NaN
    },
    "2021-03-31": {
        "Diluted EPS": 5.88,
        "Total Revenue": NaN,
        "Gross Profit": NaN,
        "Operating Income": NaN,
        "EBIT": NaN,
        "Net Income": NaN
    },
    "2020-12-31": {
        "Diluted EPS": 6.25,
        "Total Revenue": NaN,
        "Gross Profit": NaN,
        "Operating Income": NaN,
        "EBIT": NaN,
        "Net Income": NaN
    },
    "2020-09-30": {
        "Diluted EPS": 4.84,
        "Total Revenue": NaN,
        "Gross Profit": NaN,
        "Operating Income": NaN,
        "EBIT": NaN,
        "Net Income": NaN
    },
    "2020-06-30": {
        "Diluted EPS": 2.9,
        "Total Revenue": NaN,
        "Gross Profit": NaN,
        "Operating Income": NaN,
        "EBIT": NaN,
        "Net Income": NaN
    },
    "2020-03-31": {
        "Diluted EPS": 1.97,
        "Total Revenue": NaN,
        "Gross Profit": NaN,
        "Operating Income": 906,
        "EBIT": NaN,
        "Net Income": 788
    },
    "2019-12-31": {
        "Diluted EPS": 2.5,
        "Total Revenue": NaN,
        "Gross Profit": NaN,
        "Operating Income": NaN,
        "EBIT": NaN,
        "Net Income": NaN
    },
    "2019-09-30": {
        "Diluted EPS": 1.88,
        "Total Revenue": NaN,
        "Gross Profit": NaN,
        "Operating Income": 946,
        "EBIT": NaN,
        "Net Income": 760
    },
    "2019-06-30": {
        "Diluted EPS": 2.77,
        "Total Revenue": NaN,
        "Gross Profit": NaN,
        "Operating Income": NaN,
        "EBIT": NaN,
        "Net Income": NaN
    },
    "2019-03-31": {
        "Diluted EPS": 2.02,
        "Total Revenue": NaN,
        "Gross Profit": NaN,
        "Operating Income": 920,
        "EBIT": NaN,
        "Net Income": 815
    },
    "2018-12-31": {
        "Diluted EPS": 2.21,
        "Total Revenue": NaN,
        "Gross Profit": NaN,
        "Operating Income": NaN,
        "EBIT": NaN,
        "Net Income": 898
    },
    "2018-09-30": {
        "Diluted EPS": 1.75,
        "Total Revenue": NaN,
        "Gross Profit": NaN,
        "Operating Income": 912,
        "EBIT": NaN,
        "Net Income": 709
    },
    "2018-06-30": {
        "Diluted EPS": 1.85,
        "Total Revenue": NaN,
        "Gross Profit": NaN,
        "Operating Income": 937,
        "EBIT": NaN,
        "Net Income": 752
    },
    "2018-03-31": {
        "Diluted EPS": 1.43,
        "Total Revenue": NaN,
        "Gross Profit": NaN,
        "Operating Income": 786,
        "EBIT": NaN,
        "Net Income": 579
    },
    "2017-12-31": {
        "Diluted EPS": 1.29,
        "Total Revenue": NaN,
        "Gross Profit": NaN,
        "Operating Income": 957,
        "EBIT": NaN,
        "Net Income": 528
    },
    "2017-09-30": {
        "Diluted EPS": 1.34,
        "Total Revenue": NaN,
        "Gross Profit": NaN,
        "Operating Income": 634,
        "EBIT": NaN,
        "Net Income": 534
    },
    "2017-06-30": {
        "Diluted EPS": 1.56,
        "Total Revenue": NaN,
        "Gross Profit": NaN,
        "Operating Income": 749,
        "EBIT": NaN,
        "Net Income": 612
    },
    "2017-03-31": {
        "Diluted EPS": 1.4,
        "Total Revenue": NaN,
        "Gross Profit": NaN,
        "Operating Income": 620,
        "EBIT": NaN,
        "Net Income": 551
    },
    "2016-12-31": {
        "Diluted EPS": 1.59,
        "Total Revenue": NaN,
        "Gross Profit": NaN,
        "Operating Income": 761,
        "EBIT": NaN,
        "Net Income": 630
    },
    "2016-09-30": {
        "Diluted EPS": 1.19,
        "Total Revenue": NaN,
        "Gross Profit": NaN,
        "Operating Income": 541,
        "EBIT": 974,
        "Net Income": 474
    },
    "2016-06-30": {
        "Diluted EPS": 1.3,
        "Total Revenue": NaN,
        "Gross Profit": NaN,
        "Operating Income": 638,
        "EBIT": NaN,
        "Net Income": 517
    },
    "2016-03-31": {
        "Diluted EPS": 1.01,
        "Total Revenue": NaN,
        "Gross Profit": NaN,
        "Operating Income": 518,
        "EBIT": 934,
        "Net Income": 402
    },
    "2015-12-31": {
        "Diluted EPS": 1.51,
        "Total Revenue": NaN,
        "Gross Profit": NaN,
        "Operating Income": 690,
        "EBIT": NaN,
        "Net Income": 602
    },
    "2015-09-30": {
        "Diluted EPS": 1.18,
        "Total Revenue": NaN,
        "Gross Profit": NaN,
        "Operating Income": 563,
        "EBIT": 991,
        "Net Income": 476
    },
    "2015-06-30": {
        "Diluted EPS": 1.27,
        "Total Revenue": NaN,
        "Gross Profit": NaN,
        "Operating Income": 596,
        "EBIT": NaN,
        "Net Income": 512
    },
    "2015-03-31": {
        "Diluted EPS": 0.96,
        "Total Revenue": NaN,
        "Gross Profit": NaN,
        "Operating Income": 487,
        "EBIT": 904,
        "Net Income": 385
    },
    "2014-12-31": {
        "Diluted EPS": 1.49,
        "Total Revenue": NaN,
        "Gross Profit": NaN,
        "Operating Income": 639,
        "EBIT": NaN,
        "Net Income": 601
    },
    "2014-09-30": {
        "Diluted EPS": 1.17,
        "Total Revenue": NaN,
        "Gross Profit": NaN,
        "Operating Income": 640,
        "EBIT": NaN,
        "Net Income": 472
    },
    "2014-06-30": {
        "Diluted EPS": 0.69,
        "Total Revenue": NaN,
        "Gross Profit": NaN,
        "Operating Income": 348,
        "EBIT": 783,
        "Net Income": 279
    },
    "2014-03-31": {
        "Diluted EPS": 1.36,
        "Total Revenue": NaN,
        "Gross Profit": NaN,
        "Operating Income": 876,
        "EBIT": NaN,
        "Net Income": 543
    },
    "2013-12-31": {
        "Diluted EPS": 0.93,
        "Total Revenue": NaN,
        "Gross Profit": NaN,
        "Operating Income": 455,
        "EBIT": 704,
        "Net Income": 342
    },
    "2013-09-30": {
        "Diluted EPS": 0.86,
        "Total Revenue": NaN,
        "Gross Profit": NaN,
        "Operating Income": 392,
        "EBIT": 643,
        "Net Income": 318
    },
    "2013-06-30": {
        "Diluted EPS": 0.76,
        "Total Revenue": NaN,
        "Gross Profit": NaN,
        "Operating Income": 375,
        "EBIT": 625,
        "Net Income": 277
    },
    "2013-03-31": {
        "Diluted EPS": 0.93,
        "Total Revenue": NaN,
        "Gross Profit": NaN,
        "Operating Income": 387,
        "EBIT": 638,
        "Net Income": 336
    },
    "2012-12-31": {
        "Diluted EPS": 1.04,
        "Total Revenue": NaN,
        "Gross Profit": NaN,
        "Operating Income": 401,
        "EBIT": 655,
        "Net Income": 376
    },
    "2012-09-30": {
        "Diluted EPS": 0.79,
        "Total Revenue": NaN,
        "Gross Profit": NaN,
        "Operating Income": 352,
        "EBIT": 597,
        "Net Income": 290
    },
    "2012-06-30": {
        "Diluted EPS": 0.63,
        "Total Revenue": NaN,
        "Gross Profit": NaN,
        "Operating Income": 368,
        "EBIT": 609,
        "Net Income": 234
    },
    "2012-03-31": {
        "Diluted EPS": 0.75,
        "Total Revenue": NaN,
        "Gross Profit": NaN,
        "Operating Income": 362,
        "EBIT": 604,
        "Net Income": 277
    },
    "2011-12-31": {
        "Diluted EPS": 0.77,
        "Total Revenue": NaN,
        "Gross Profit": NaN,
        "Operating Income": 348,
        "EBIT": 594,
        "Net Income": 289
    },
    "2011-09-30": {
        "Diluted EPS": 0.69,
        "Total Revenue": NaN,
        "Gross Profit": NaN,
        "Operating Income": 316,
        "EBIT": 545,
        "Net Income": 265
    },
    "2011-06-30": {
        "Diluted EPS": 1.36,
        "Total Revenue": NaN,
        "Gross Profit": NaN,
        "Operating Income": 265,
        "EBIT": 466,
        "Net Income": 523
    },
    "2011-03-31": {
        "Diluted EPS": 0.64,
        "Total Revenue": NaN,
        "Gross Profit": NaN,
        "Operating Income": 322,
        "EBIT": 506,
        "Net Income": 252
    },
    "2010-12-31": {
        "Diluted EPS": 0.75,
        "Total Revenue": NaN,
        "Gross Profit": NaN,
        "Operating Income": 303,
        "EBIT": 481,
        "Net Income": 297
    },
    "2010-09-30": {
        "Diluted EPS": 0.66,
        "Total Revenue": NaN,
        "Gross Profit": NaN,
        "Operating Income": 303,
        "EBIT": 485,
        "Net Income": 269
    },
    "2010-06-30": {
        "Diluted EPS": 0.57,
        "Total Revenue": NaN,
        "Gross Profit": NaN,
        "Operating Income": 298,
        "EBIT": 483,
        "Net Income": 237
    },
    "2010-03-31": {
        "Diluted EPS": 0.55,
        "Total Revenue": NaN,
        "Gross Profit": NaN,
        "Operating Income": 285,
        "EBIT": 478,
        "Net Income": 232
    },
    "2009-12-31": {
        "Diluted EPS": 0.64,
        "Total Revenue": NaN,
        "Gross Profit": NaN,
        "Operating Income": 278,
        "EBIT": 460,
        "Net Income": 273
    },
    "2009-09-30": {
        "Diluted EPS": 0.53,
        "Total Revenue": NaN,
        "Gross Profit": NaN,
        "Operating Income": 276,
        "EBIT": 471,
        "Net Income": 221
    },
    "2009-06-30": {
        "Diluted EPS": 0.49,
        "Total Revenue": NaN,
        "Gross Profit": 988,
        "Operating Income": 259,
        "EBIT": 453,
        "Net Income": 207
    },
    "2009-03-31": {
        "Diluted EPS": 0.35,
        "Total Revenue": NaN,
        "Gross Profit": 887,
        "Operating Income": 190,
        "EBIT": 380,
        "Net Income": 149
    },
    "2023-09-30": {
        "Tax Effect Of Unusual Items": NaN,
        "Tax Rate For Calcs": NaN,
        "Normalized EBITDA": NaN,
        "Total Unusual Items": NaN,
        "Total Unusual Items Excluding Goodwill": NaN,
        "Net Income From Continuing Operation Net Minority Interest": NaN,
        "Reconciled Depreciation": NaN,
        "Reconciled Cost Of Revenue": NaN,
        "EBITDA": NaN,
        "EBIT": NaN,
        "Net Interest Income": NaN,
        "Interest Expense": NaN,
        "Interest Income": NaN,
        "Normalized Income": NaN,
        "Net Income From Continuing And Discontinued Operation": NaN,
        "Total Expenses": NaN,
        "Total Operating Income As Reported": NaN,
        "Diluted Average Shares": 388000000.0,
        "Basic Average Shares": 386000000.0,
        "Diluted EPS": 4.42,
        "Basic EPS": 4.44,
        "Diluted NI Availto Com Stockholders": NaN,
        "Net Income Common Stockholders": NaN,
        "Net Income": NaN,
        "Minority Interests": NaN,
        "Net Income Including Noncontrolling Interests": NaN,
        "Net Income Continuous Operations": NaN,
        "Earnings From Equity Interest Net Of Tax": NaN,
        "Tax Provision": NaN,
        "Pretax Income": NaN,
        "Other Income Expense": NaN,
        "Other Non Operating Income Expenses": NaN,
        "Special Income Charges": NaN,
        "Restructuring And Mergern Acquisition": NaN,
        "Net Non Operating Interest Income Expense": NaN,
        "Interest Expense Non Operating": NaN,
        "Interest Income Non Operating": NaN,
        "Operating Income": NaN,
        "Operating Expense": NaN,
        "Research And Development": NaN,
        "Selling General And Administration": NaN,
        "Gross Profit": NaN,
        "Cost Of Revenue": NaN,
        "Total Revenue": NaN,
        "Operating Revenue": NaN
    },
    "2023-12-31": {
        "Tax Effect Of Unusual Items": -6114942.528736,
        "Tax Rate For Calcs": 0.076437,
        "Normalized EBITDA": 3049000000.0,
        "Total Unusual Items": -80000000.0,
        "Total Unusual Items Excluding Goodwill": -80000000.0,
        "Net Income From Continuing Operation Net Minority Interest": 1630000000.0,
        "Reconciled Depreciation": 839000000.0,
        "Reconciled Cost Of Revenue": 6493000000.0,
        "EBITDA": 2969000000.0,
        "EBIT": 2130000000.0,
        "Net Interest Income": -81000000.0,
        "Interest Expense": 390000000.0,
        "Interest Income": 309000000.0,
        "Normalized Income": 1703885057.471264,
        "Net Income From Continuing And Discontinued Operation": 1630000000.0,
        "Total Expenses": 8952000000.0,
        "Total Operating Income As Reported": 1854000000.0,
        "Diluted Average Shares": 388000000.0,
        "Basic Average Shares": 387000000.0,
        "Diluted EPS": 4.2,
        "Basic EPS": 4.22,
        "Diluted NI Availto Com Stockholders": 1630000000.0,
        "Net Income Common Stockholders": 1630000000.0,
        "Net Income": 1630000000.0,
        "Minority Interests": 24000000.0,
        "Net Income Including Noncontrolling Interests": 1606000000.0,
        "Net Income Continuous Operations": 1606000000.0,
        "Earnings From Equity Interest Net Of Tax": -1000000.0,
        "Tax Provision": 133000000.0,
        "Pretax Income": 1740000000.0,
        "Other Income Expense": -113000000.0,
        "Other Non Operating Income Expenses": -33000000.0,
        "Special Income Charges": -80000000.0,
        "Restructuring And Mergern Acquisition": 80000000.0,
        "Net Non Operating Interest Income Expense": -81000000.0,
        "Interest Expense Non Operating": 390000000.0,
        "Interest Income Non Operating": 309000000.0,
        "Operating Income": 1934000000.0,
        "Operating Expense": 2459000000.0,
        "Research And Development": 327000000.0,
        "Selling General And Administration": 2132000000.0,
        "Gross Profit": 4393000000.0,
        "Cost Of Revenue": 6493000000.0,
        "Total Revenue": 10886000000.0,
        "Operating Revenue": 10886000000.0
    },
    "2024-03-31": {
        "Tax Effect Of Unusual Items": -2610000.0,
        "Tax Rate For Calcs": 0.09,
        "Normalized EBITDA": 2817000000.0,
        "Total Unusual Items": -29000000.0,
        "Total Unusual Items Excluding Goodwill": -29000000.0,
        "Net Income From Continuing Operation Net Minority Interest": 1328000000.0,
        "Reconciled Depreciation": 836000000.0,
        "Reconciled Cost Of Revenue": 6140000000.0,
        "EBITDA": 2788000000.0,
        "EBIT": 1952000000.0,
        "Net Interest Income": -84000000.0,
        "Interest Expense": 363000000.0,
        "Interest Income": 279000000.0,
        "Normalized Income": 1354390000.0,
        "Net Income From Continuing And Discontinued Operation": 1328000000.0,
        "Total Expenses": 8654000000.0,
        "Total Operating Income As Reported": 1663000000.0,
        "Diluted Average Shares": 384000000.0,
        "Basic Average Shares": 382000000.0,
        "Diluted EPS": 3.46,
        "Basic EPS": 3.47,
        "Diluted NI Availto Com Stockholders": 1328000000.0,
        "Net Income Common Stockholders": 1328000000.0,
        "Net Income": 1328000000.0,
        "Minority Interests": -4000000.0,
        "Net Income Including Noncontrolling Interests": 1331000000.0,
        "Net Income Continuous Operations": 1331000000.0,
        "Earnings From Equity Interest Net Of Tax": 23000000.0,
        "Tax Provision": 281000000.0,
        "Pretax Income": 1589000000.0,
        "Other Income Expense": -19000000.0,
        "Other Non Operating Income Expenses": 10000000.0,
        "Special Income Charges": -29000000.0,
        "Restructuring And Mergern Acquisition": 29000000.0,
        "Net Non Operating Interest Income Expense": -84000000.0,
        "Interest Expense Non Operating": 363000000.0,
        "Interest Income Non Operating": 279000000.0,
        "Operating Income": 1691000000.0,
        "Operating Expense": 2514000000.0,
        "Research And Development": 331000000.0,
        "Selling General And Administration": 2183000000.0,
        "Gross Profit": 4205000000.0,
        "Cost Of Revenue": 6140000000.0,
        "Total Revenue": 10345000000.0,
        "Operating Revenue": 10345000000.0
    },
    "2024-06-30": {
        "Tax Effect Of Unusual Items": -5544000.0,
        "Tax Rate For Calcs": 0.072,
        "Normalized EBITDA": 2987000000.0,
        "Total Unusual Items": -77000000.0,
        "Total Unusual Items Excluding Goodwill": -77000000.0,
        "Net Income From Continuing Operation Net Minority Interest": 1548000000.0,
        "Reconciled Depreciation": 791000000.0,
        "Reconciled Cost Of Revenue": 6194000000.0,
        "EBITDA": 2910000000.0,
        "EBIT": 2119000000.0,
        "Net Interest Income": -59000000.0,
        "Interest Expense": 354000000.0,
        "Interest Income": 295000000.0,
        "Normalized Income": 1619456000.0,
        "Net Income From Continuing And Discontinued Operation": 1548000000.0,
        "Total Expenses": 8644000000.0,
        "Total Operating Income As Reported": 1820000000.0,
        "Diluted Average Shares": 383000000.0,
        "Basic Average Shares": 382000000.0,
        "Diluted EPS": 4.04,
        "Basic EPS": 4.05,
        "Diluted NI Availto Com Stockholders": 1548000000.0,
        "Net Income Common Stockholders": 1548000000.0,
        "Net Income": 1548000000.0,
        "Minority Interests": -6000000.0,
        "Net Income Including Noncontrolling Interests": 1553000000.0,
        "Net Income Continuous Operations": 1553000000.0,
        "Earnings From Equity Interest Net Of Tax": -84000000.0,
        "Tax Provision": 128000000.0,
        "Pretax Income": 1765000000.0,
        "Other Income Expense": -72000000.0,
        "Other Non Operating Income Expenses": 5000000.0,
        "Special Income Charges": -77000000.0,
        "Restructuring And Mergern Acquisition": 77000000.0,
        "Net Non Operating Interest Income Expense": -59000000.0,
        "Interest Expense Non Operating": 354000000.0,
        "Interest Income Non Operating": 295000000.0,
        "Operating Income": 1897000000.0,
        "Operating Expense": 2450000000.0,
        "Research And Development": 339000000.0,
        "Selling General And Administration": 2111000000.0,
        "Gross Profit": 4347000000.0,
        "Cost Of Revenue": 6194000000.0,
        "Total Revenue": 10541000000.0,
        "Operating Revenue": 10541000000.0
    },
    "2024-09-30": {
        "Tax Effect Of Unusual Items": -2565000.0,
        "Tax Rate For Calcs": 0.057,
        "Normalized EBITDA": 2882000000.0,
        "Total Unusual Items": -45000000.0,
        "Total Unusual Items Excluding Goodwill": -45000000.0,
        "Net Income From Continuing Operation Net Minority Interest": 1630000000.0,
        "Reconciled Depreciation": 739000000.0,
        "Reconciled Cost Of Revenue": 6270000000.0,
        "EBITDA": 2837000000.0,
        "EBIT": 2098000000.0,
        "Net Interest Income": -79000000.0,
        "Interest Expense": 356000000.0,
        "Interest Income": 277000000.0,
        "Normalized Income": 1672435000.0,
        "Net Income From Continuing And Discontinued Operation": 1630000000.0,
        "Total Expenses": 8714000000.0,
        "Total Operating Income As Reported": 1838000000.0,
        "Diluted Average Shares": 384000000.0,
        "Basic Average Shares": 382000000.0,
        "Diluted EPS": 4.25,
        "Basic EPS": 4.26,
        "Diluted NI Availto Com Stockholders": 1630000000.0,
        "Net Income Common Stockholders": 1630000000.0,
        "Net Income": 1630000000.0,
        "Minority Interests": 0.0,
        "Net Income Including Noncontrolling Interests": 1629000000.0,
        "Net Income Continuous Operations": 1629000000.0,
        "Earnings From Equity Interest Net Of Tax": -14000000.0,
        "Tax Provision": 99000000.0,
        "Pretax Income": 1742000000.0,
        "Other Income Expense": -61000000.0,
        "Other Non Operating Income Expenses": -16000000.0,
        "Special Income Charges": -45000000.0,
        "Restructuring And Mergern Acquisition": 45000000.0,
        "Net Non Operating Interest Income Expense": -79000000.0,
        "Interest Expense Non Operating": 356000000.0,
        "Interest Income Non Operating": 277000000.0,
        "Operating Income": 1884000000.0,
        "Operating Expense": 2444000000.0,
        "Research And Development": 346000000.0,
        "Selling General And Administration": 2098000000.0,
        "Gross Profit": 4328000000.0,
        "Cost Of Revenue": 6270000000.0,
        "Total Revenue": 10598000000.0,
        "Operating Revenue": 10598000000.0
    },
    "2024-12-31": {
        "Tax Effect Of Unusual Items": -15996908.809892,
        "Tax Rate For Calcs": 0.07728,
        "Normalized EBITDA": 3207000000.0,
        "Total Unusual Items": -207000000.0,
        "Total Unusual Items Excluding Goodwill": -207000000.0,
        "Net Income From Continuing Operation Net Minority Interest": 1830000000.0,
        "Reconciled Depreciation": 742000000.0,
        "Reconciled Cost Of Revenue": 6573000000.0,
        "EBITDA": 3000000000.0,
        "EBIT": 2258000000.0,
        "Net Interest Income": -90000000.0,
        "Interest Expense": 317000000.0,
        "Interest Income": 227000000.0,
        "Normalized Income": 2021003091.190108,
        "Net Income From Continuing And Discontinued Operation": 1830000000.0,
        "Total Expenses": 9150000000.0,
        "Total Operating Income As Reported": 2016000000.0,
        "Diluted Average Shares": 383000000.0,
        "Basic Average Shares": 382000000.0,
        "Diluted EPS": 4.78,
        "Basic EPS": 4.79,
        "Diluted NI Availto Com Stockholders": 1830000000.0,
        "Net Income Common Stockholders": 1830000000.0,
        "Net Income": 1830000000.0,
        "Minority Interests": 6000000.0,
        "Net Income Including Noncontrolling Interests": 1824000000.0,
        "Net Income Continuous Operations": 1824000000.0,
        "Earnings From Equity Interest Net Of Tax": 33000000.0,
        "Tax Provision": 150000000.0,
        "Pretax Income": 1941000000.0,
        "Other Income Expense": -214000000.0,
        "Other Non Operating Income Expenses": -7000000.0,
        "Special Income Charges": -228000000.0,
        "Restructuring And Mergern Acquisition": 228000000.0,
        "Net Non Operating Interest Income Expense": -90000000.0,
        "Interest Expense Non Operating": 317000000.0,
        "Interest Income Non Operating": 227000000.0,
        "Operating Income": 2245000000.0,
        "Operating Expense": 2577000000.0,
        "Research And Development": 374000000.0,
        "Selling General And Administration": 2203000000.0,
        "Gross Profit": 4822000000.0,
        "Cost Of Revenue": 6573000000.0,
        "Total Revenue": 11395000000.0,
        "Operating Revenue": 11395000000.0
    },
    "2025-03-31": {
        "Tax Effect Of Unusual Items": -5746913.580247,
        "Tax Rate For Calcs": 0.058642,
        "Normalized EBITDA": 2726000000.0,
        "Total Unusual Items": -98000000.0,
        "Total Unusual Items Excluding Goodwill": -98000000.0,
        "Net Income From Continuing Operation Net Minority Interest": 1507000000.0,
        "Reconciled Depreciation": 705000000.0,
        "Reconciled Cost Of Revenue": 6129000000.0,
        "EBITDA": 2628000000.0,
        "EBIT": 1923000000.0,
        "Net Interest Income": -100000000.0,
        "Interest Expense": 303000000.0,
        "Interest Income": 203000000.0,
        "Normalized Income": 1599253086.419753,
        "Net Income From Continuing And Discontinued Operation": 1507000000.0,
        "Total Expenses": 8549000000.0,
        "Total Operating Income As Reported": 1716000000.0,
        "Diluted Average Shares": 379000000.0,
        "Basic Average Shares": 378000000.0,
        "Diluted EPS": 3.98,
        "Basic EPS": 3.99,
        "Diluted NI Availto Com Stockholders": 1507000000.0,
        "Net Income Common Stockholders": 1507000000.0,
        "Net Income": 1507000000.0,
        "Minority Interests": -4000000.0,
        "Net Income Including Noncontrolling Interests": 1511000000.0,
        "Net Income Continuous Operations": 1511000000.0,
        "Earnings From Equity Interest Net Of Tax": -14000000.0,
        "Tax Provision": 95000000.0,
        "Pretax Income": 1620000000.0,
        "Other Income Expense": -95000000.0,
        "Other Non Operating Income Expenses": 3000000.0,
        "Special Income Charges": -98000000.0,
        "Restructuring And Mergern Acquisition": 98000000.0,
        "Net Non Operating Interest Income Expense": -100000000.0,
        "Interest Expense Non Operating": 303000000.0,
        "Interest Income Non Operating": 203000000.0,
        "Operating Income": 1815000000.0,
        "Operating Expense": 2420000000.0,
        "Research And Development": 342000000.0,
        "Selling General And Administration": 2078000000.0,
        "Gross Profit": 4235000000.0,
        "Cost Of Revenue": 6129000000.0,
        "Total Revenue": 10364000000.0,
        "Operating Revenue": 10364000000.0
    }
}