{
    "2023-03-31": {
        "Tax Effect Of Unusual Items": 0.0,
        "Tax Rate For Calcs": 0.0,
        "Normalized EBITDA": -4806000.0,
        "Total Unusual Items": 56000.0,
        "Total Unusual Items Excluding Goodwill": 56000.0,
        "Net Income From Continuing Operation Net Minority Interest": -4830000.0,
        "Reconciled Depreciation": 80000.0,
        "Reconciled Cost Of Revenue": 480000.0,
        "EBITDA": -4750000.0,
        "EBIT": -4830000.0,
        "Net Interest Income": 0.0,
        "Interest Expense": 0.0,
        "Normalized Income": -4886000.0,
        "Net Income From Continuing And Discontinued Operation": -4830000.0,
        "Total Expenses": 5319000.0,
        "Total Operating Income As Reported": -4886000.0,
        "Diluted Average Shares": 1124000.0,
        "Basic Average Shares": 1124000.0,
        "Diluted EPS": -4.3,
        "Basic EPS": -4.3,
        "Diluted NI Availto Com Stockholders": -4830000.0,
        "Net Income Common Stockholders": -4830000.0,
        "Net Income": -4830000.0,
        "Net Income Including Noncontrolling Interests": -4830000.0,
        "Net Income Continuous Operations": -4830000.0,
        "Pretax Income": -4830000.0,
        "Other Income Expense": 56000.0,
        "Other Non Operating Income Expenses": NaN,
        "Gain On Sale Of Security": 56000.0,
        "Net Non Operating Interest Income Expense": 0.0,
        "Interest Expense Non Operating": 0.0,
        "Operating Income": -4886000.0,
        "Operating Expense": 4839000.0,
        "Research And Development": 834000.0,
        "Selling General And Administration": 4005000.0,
        "Selling And Marketing Expense": 2026000.0,
        "General And Administrative Expense": 1979000.0,
        "Other Gand A": 1979000.0,
        "Gross Profit": -47000.0,
        "Cost Of Revenue": 480000.0,
        "Total Revenue": 433000.0,
        "Operating Revenue": 433000.0
    },
    "2022-12-31": {
        "Tax Effect Of Unusual Items": NaN,
        "Tax Rate For Calcs": NaN,
        "Normalized EBITDA": NaN,
        "Total Unusual Items": NaN,
        "Total Unusual Items Excluding Goodwill": NaN,
        "Net Income From Continuing Operation Net Minority Interest": NaN,
        "Reconciled Depreciation": NaN,
        "Reconciled Cost Of Revenue": NaN,
        "EBITDA": NaN,
        "EBIT": NaN,
        "Net Interest Income": NaN,
        "Interest Expense": NaN,
        "Normalized Income": NaN,
        "Net Income From Continuing And Discontinued Operation": NaN,
        "Total Expenses": NaN,
        "Total Operating Income As Reported": NaN,
        "Diluted Average Shares": NaN,
        "Basic Average Shares": NaN,
        "Diluted EPS": NaN,
        "Basic EPS": NaN,
        "Diluted NI Availto Com Stockholders": NaN,
        "Net Income Common Stockholders": NaN,
        "Net Income": NaN,
        "Minority Interests": 0.0,
        "Net Income Including Noncontrolling Interests": NaN,
        "Net Income Continuous Operations": NaN,
        "Pretax Income": NaN,
        "Other Income Expense": NaN,
        "Other Non Operating Income Expenses": -57000.0,
        "Gain On Sale Of Security": NaN,
        "Net Non Operating Interest Income Expense": NaN,
        "Interest Expense Non Operating": NaN,
        "Operating Income": NaN,
        "Operating Expense": NaN,
        "Research And Development": NaN,
        "Selling General And Administration": NaN,
        "Selling And Marketing Expense": NaN,
        "General And Administrative Expense": NaN,
        "Other Gand A": NaN,
        "Gross Profit": NaN,
        "Cost Of Revenue": NaN,
        "Total Revenue": NaN,
        "Operating Revenue": NaN
    },
    "2022-09-30": {
        "Tax Effect Of Unusual Items": NaN,
        "Tax Rate For Calcs": NaN,
        "Normalized EBITDA": NaN,
        "Total Unusual Items": NaN,
        "Total Unusual Items Excluding Goodwill": NaN,
        "Net Income From Continuing Operation Net Minority Interest": NaN,
        "Reconciled Depreciation": NaN,
        "Reconciled Cost Of Revenue": NaN,
        "EBITDA": NaN,
        "EBIT": NaN,
        "Net Interest Income": NaN,
        "Interest Expense": NaN,
        "Normalized Income": NaN,
        "Net Income From Continuing And Discontinued Operation": NaN,
        "Total Expenses": NaN,
        "Total Operating Income As Reported": NaN,
        "Diluted Average Shares": 1124000.0,
        "Basic Average Shares": 1124000.0,
        "Diluted EPS": -2.82,
        "Basic EPS": -2.82,
        "Diluted NI Availto Com Stockholders": NaN,
        "Net Income Common Stockholders": NaN,
        "Net Income": NaN,
        "Minority Interests": 0.0,
        "Net Income Including Noncontrolling Interests": NaN,
        "Net Income Continuous Operations": NaN,
        "Pretax Income": NaN,
        "Other Income Expense": NaN,
        "Other Non Operating Income Expenses": 19000.0,
        "Gain On Sale Of Security": NaN,
        "Net Non Operating Interest Income Expense": NaN,
        "Interest Expense Non Operating": NaN,
        "Operating Income": NaN,
        "Operating Expense": NaN,
        "Research And Development": NaN,
        "Selling General And Administration": NaN,
        "Selling And Marketing Expense": NaN,
        "General And Administrative Expense": NaN,
        "Other Gand A": NaN,
        "Gross Profit": NaN,
        "Cost Of Revenue": NaN,
        "Total Revenue": NaN,
        "Operating Revenue": NaN
    },
    "2022-06-30": {
        "Tax Effect Of Unusual Items": 0.0,
        "Tax Rate For Calcs": 0.0,
        "Normalized EBITDA": -5364000.0,
        "Total Unusual Items": 35000.0,
        "Total Unusual Items Excluding Goodwill": 35000.0,
        "Net Income From Continuing Operation Net Minority Interest": -5488000.0,
        "Reconciled Depreciation": 71000.0,
        "Reconciled Cost Of Revenue": 271000.0,
        "EBITDA": -5329000.0,
        "EBIT": -5400000.0,
        "Net Interest Income": -88000.0,
        "Interest Expense": 88000.0,
        "Normalized Income": -5523000.0,
        "Net Income From Continuing And Discontinued Operation": -5488000.0,
        "Total Expenses": 5591000.0,
        "Total Operating Income As Reported": -5456000.0,
        "Diluted Average Shares": 8422000.0,
        "Basic Average Shares": 8422000.0,
        "Diluted EPS": -0.65,
        "Basic EPS": -0.65,
        "Diluted NI Availto Com Stockholders": -5488000.0,
        "Net Income Common Stockholders": -5488000.0,
        "Net Income": -5488000.0,
        "Minority Interests": 0.0,
        "Net Income Including Noncontrolling Interests": -5488000.0,
        "Net Income Continuous Operations": -5488000.0,
        "Pretax Income": -5488000.0,
        "Other Income Expense": 56000.0,
        "Other Non Operating Income Expenses": 21000.0,
        "Gain On Sale Of Security": 35000.0,
        "Net Non Operating Interest Income Expense": -88000.0,
        "Interest Expense Non Operating": 88000.0,
        "Operating Income": -5456000.0,
        "Operating Expense": 5320000.0,
        "Research And Development": 657000.0,
        "Selling General And Administration": 4663000.0,
        "Selling And Marketing Expense": 1943000.0,
        "General And Administrative Expense": 2720000.0,
        "Other Gand A": 2720000.0,
        "Gross Profit": -136000.0,
        "Cost Of Revenue": 271000.0,
        "Total Revenue": 135000.0,
        "Operating Revenue": 135000.0
    },
    "2022-03-31": {
        "Diluted EPS": -2.38,
        "Total Revenue": 0,
        "Gross Profit": 0,
        "Operating Income": -2,
        "EBIT": -2,
        "Net Income": -2
    },
    "2021-12-31": {
        "Diluted EPS": -3.01,
        "Total Revenue": 0,
        "Gross Profit": 0,
        "Operating Income": -3,
        "EBIT": -3,
        "Net Income": -3
    },
    "2021-09-30": {
        "Diluted EPS": -2.55,
        "Total Revenue": 0,
        "Gross Profit": 0,
        "Operating Income": -2,
        "EBIT": -2,
        "Net Income": -2
    },
    "2021-06-30": {
        "Diluted EPS": -2.01,
        "Total Revenue": 0,
        "Gross Profit": 0,
        "Operating Income": -2,
        "EBIT": -2,
        "Net Income": -2
    },
    "2021-03-31": {
        "Diluted EPS": -0.24,
        "Total Revenue": 0,
        "Gross Profit": 0,
        "Operating Income": 0,
        "EBIT": 0,
        "Net Income": 0
    },
    "2020-12-31": {
        "Diluted EPS": 0.0,
        "Total Revenue": NaN,
        "Gross Profit": NaN,
        "Operating Income": NaN,
        "EBIT": NaN,
        "Net Income": NaN
    },
    "2023-06-30": {
        "Tax Effect Of Unusual Items": 0.0,
        "Tax Rate For Calcs": 0.0,
        "Normalized EBITDA": -4231000.0,
        "Total Unusual Items": 37000.0,
        "Total Unusual Items Excluding Goodwill": 37000.0,
        "Net Income From Continuing Operation Net Minority Interest": -4285000.0,
        "Reconciled Depreciation": 91000.0,
        "Reconciled Cost Of Revenue": 549000.0,
        "EBITDA": -4194000.0,
        "EBIT": -4285000.0,
        "Net Interest Income": 0.0,
        "Interest Expense": 0.0,
        "Normalized Income": -4322000.0,
        "Net Income From Continuing And Discontinued Operation": -4285000.0,
        "Total Expenses": 5065000.0,
        "Total Operating Income As Reported": -4322000.0,
        "Diluted Average Shares": 163125.0,
        "Basic Average Shares": 163125.0,
        "Diluted EPS": -26.24,
        "Basic EPS": -26.24,
        "Diluted NI Availto Com Stockholders": -4285000.0,
        "Net Income Common Stockholders": -4285000.0,
        "Net Income": -4285000.0,
        "Net Income Including Noncontrolling Interests": -4285000.0,
        "Net Income Continuous Operations": -4285000.0,
        "Pretax Income": -4285000.0,
        "Other Income Expense": 37000.0,
        "Other Non Operating Income Expenses": NaN,
        "Gain On Sale Of Security": 37000.0,
        "Net Non Operating Interest Income Expense": 0.0,
        "Interest Expense Non Operating": 0.0,
        "Operating Income": -4322000.0,
        "Operating Expense": 4516000.0,
        "Research And Development": 901000.0,
        "Selling General And Administration": 3615000.0,
        "Selling And Marketing Expense": 1883000.0,
        "General And Administrative Expense": 1732000.0,
        "Other Gand A": 1732000.0,
        "Gross Profit": 194000.0,
        "Cost Of Revenue": 549000.0,
        "Total Revenue": 743000.0,
        "Operating Revenue": 743000.0
    },
    "2023-09-30": {
        "Tax Effect Of Unusual Items": NaN,
        "Tax Rate For Calcs": NaN,
        "Normalized EBITDA": NaN,
        "Total Unusual Items": NaN,
        "Total Unusual Items Excluding Goodwill": NaN,
        "Net Income From Continuing Operation Net Minority Interest": NaN,
        "Reconciled Depreciation": NaN,
        "Reconciled Cost Of Revenue": NaN,
        "EBITDA": NaN,
        "EBIT": NaN,
        "Net Interest Income": NaN,
        "Interest Expense": NaN,
        "Normalized Income": NaN,
        "Net Income From Continuing And Discontinued Operation": NaN,
        "Total Expenses": NaN,
        "Total Operating Income As Reported": NaN,
        "Diluted Average Shares": 285000.0,
        "Basic Average Shares": 285000.0,
        "Diluted EPS": -11.69,
        "Basic EPS": -11.69,
        "Diluted NI Availto Com Stockholders": NaN,
        "Net Income Common Stockholders": NaN,
        "Net Income": NaN,
        "Net Income Including Noncontrolling Interests": NaN,
        "Net Income Continuous Operations": NaN,
        "Pretax Income": NaN,
        "Other Income Expense": NaN,
        "Other Non Operating Income Expenses": NaN,
        "Gain On Sale Of Security": NaN,
        "Net Non Operating Interest Income Expense": NaN,
        "Interest Expense Non Operating": NaN,
        "Operating Income": NaN,
        "Operating Expense": NaN,
        "Research And Development": NaN,
        "Selling General And Administration": NaN,
        "Selling And Marketing Expense": NaN,
        "General And Administrative Expense": NaN,
        "Other Gand A": NaN,
        "Gross Profit": NaN,
        "Cost Of Revenue": NaN,
        "Total Revenue": NaN,
        "Operating Revenue": NaN
    },
    "2024-03-31": {
        "Tax Effect Of Unusual Items": NaN,
        "Tax Rate For Calcs": NaN,
        "Normalized EBITDA": NaN,
        "Total Unusual Items": NaN,
        "Total Unusual Items Excluding Goodwill": NaN,
        "Net Income From Continuing Operation Net Minority Interest": NaN,
        "Reconciled Depreciation": NaN,
        "Reconciled Cost Of Revenue": NaN,
        "EBITDA": NaN,
        "EBIT": NaN,
        "Net Interest Income": NaN,
        "Interest Expense": NaN,
        "Normalized Income": NaN,
        "Net Income From Continuing And Discontinued Operation": NaN,
        "Total Expenses": NaN,
        "Total Operating Income As Reported": NaN,
        "Diluted Average Shares": NaN,
        "Basic Average Shares": NaN,
        "Diluted EPS": NaN,
        "Basic EPS": NaN,
        "Diluted NI Availto Com Stockholders": NaN,
        "Net Income Common Stockholders": NaN,
        "Net Income": NaN,
        "Net Income Including Noncontrolling Interests": NaN,
        "Net Income Continuous Operations": NaN,
        "Pretax Income": NaN,
        "Other Income Expense": NaN,
        "Other Non Operating Income Expenses": -63000.0,
        "Gain On Sale Of Security": NaN,
        "Net Non Operating Interest Income Expense": NaN,
        "Interest Expense Non Operating": NaN,
        "Operating Income": NaN,
        "Operating Expense": NaN,
        "Research And Development": NaN,
        "Selling General And Administration": NaN,
        "Selling And Marketing Expense": NaN,
        "General And Administrative Expense": NaN,
        "Other Gand A": NaN,
        "Gross Profit": NaN,
        "Cost Of Revenue": NaN,
        "Total Revenue": NaN,
        "Operating Revenue": NaN
    },
    "2024-06-30": {
        "Tax Effect Of Unusual Items": NaN,
        "Tax Rate For Calcs": NaN,
        "Normalized EBITDA": NaN,
        "Total Unusual Items": NaN,
        "Total Unusual Items Excluding Goodwill": NaN,
        "Net Income From Continuing Operation Net Minority Interest": NaN,
        "Reconciled Depreciation": NaN,
        "Reconciled Cost Of Revenue": NaN,
        "EBITDA": NaN,
        "EBIT": NaN,
        "Net Interest Income": NaN,
        "Interest Expense": NaN,
        "Normalized Income": NaN,
        "Net Income From Continuing And Discontinued Operation": NaN,
        "Total Expenses": NaN,
        "Total Operating Income As Reported": NaN,
        "Diluted Average Shares": 469000.0,
        "Basic Average Shares": 469000.0,
        "Diluted EPS": -8.16,
        "Basic EPS": -8.16,
        "Diluted NI Availto Com Stockholders": NaN,
        "Net Income Common Stockholders": NaN,
        "Net Income": NaN,
        "Net Income Including Noncontrolling Interests": NaN,
        "Net Income Continuous Operations": NaN,
        "Pretax Income": NaN,
        "Other Income Expense": NaN,
        "Other Non Operating Income Expenses": 7000.0,
        "Gain On Sale Of Security": NaN,
        "Net Non Operating Interest Income Expense": NaN,
        "Interest Expense Non Operating": NaN,
        "Operating Income": NaN,
        "Operating Expense": NaN,
        "Research And Development": NaN,
        "Selling General And Administration": NaN,
        "Selling And Marketing Expense": NaN,
        "General And Administrative Expense": NaN,
        "Other Gand A": NaN,
        "Gross Profit": NaN,
        "Cost Of Revenue": NaN,
        "Total Revenue": NaN,
        "Operating Revenue": NaN
    },
    "2024-09-30": {
        "Tax Effect Of Unusual Items": 0.0,
        "Tax Rate For Calcs": 0.0,
        "Normalized EBITDA": -3051000.0,
        "Total Unusual Items": 31000.0,
        "Total Unusual Items Excluding Goodwill": 31000.0,
        "Net Income From Continuing Operation Net Minority Interest": -3184000.0,
        "Reconciled Depreciation": 164000.0,
        "Reconciled Cost Of Revenue": 469000.0,
        "EBITDA": -3020000.0,
        "EBIT": -3184000.0,
        "Net Interest Income": 0.0,
        "Interest Expense": 0.0,
        "Normalized Income": -3215000.0,
        "Net Income From Continuing And Discontinued Operation": -3184000.0,
        "Total Expenses": 4102000.0,
        "Total Operating Income As Reported": -3215000.0,
        "Diluted Average Shares": 877000.0,
        "Basic Average Shares": 877000.0,
        "Diluted EPS": -3.63,
        "Basic EPS": -3.63,
        "Diluted NI Availto Com Stockholders": -3184000.0,
        "Net Income Common Stockholders": -3184000.0,
        "Net Income": -3184000.0,
        "Net Income Including Noncontrolling Interests": -3184000.0,
        "Net Income Continuous Operations": -3184000.0,
        "Pretax Income": -3184000.0,
        "Other Income Expense": 31000.0,
        "Other Non Operating Income Expenses": NaN,
        "Gain On Sale Of Security": 31000.0,
        "Net Non Operating Interest Income Expense": 0.0,
        "Interest Expense Non Operating": 0.0,
        "Operating Income": -3215000.0,
        "Operating Expense": 3633000.0,
        "Research And Development": 657000.0,
        "Selling General And Administration": 2976000.0,
        "Selling And Marketing Expense": 1212000.0,
        "General And Administrative Expense": 1764000.0,
        "Other Gand A": 1764000.0,
        "Gross Profit": 418000.0,
        "Cost Of Revenue": 469000.0,
        "Total Revenue": 887000.0,
        "Operating Revenue": 887000.0
    },
    "2024-12-31": {
        "Tax Effect Of Unusual Items": 0.0,
        "Tax Rate For Calcs": 0.0,
        "Normalized EBITDA": -2992000.0,
        "Total Unusual Items": 86000.0,
        "Total Unusual Items Excluding Goodwill": 86000.0,
        "Net Income From Continuing Operation Net Minority Interest": -3087000.0,
        "Reconciled Depreciation": 181000.0,
        "Reconciled Cost Of Revenue": 417000.0,
        "EBITDA": -2906000.0,
        "EBIT": -3087000.0,
        "Net Interest Income": 0.0,
        "Interest Expense": 0.0,
        "Normalized Income": -3173000.0,
        "Net Income From Continuing And Discontinued Operation": -3087000.0,
        "Total Expenses": 3943000.0,
        "Total Operating Income As Reported": -3173000.0,
        "Diluted Average Shares": NaN,
        "Basic Average Shares": NaN,
        "Diluted EPS": NaN,
        "Basic EPS": NaN,
        "Diluted NI Availto Com Stockholders": -3087000.0,
        "Net Income Common Stockholders": -3087000.0,
        "Net Income": -3087000.0,
        "Net Income Including Noncontrolling Interests": -3087000.0,
        "Net Income Continuous Operations": -3087000.0,
        "Pretax Income": -3087000.0,
        "Other Income Expense": 86000.0,
        "Other Non Operating Income Expenses": 0.0,
        "Gain On Sale Of Security": 86000.0,
        "Net Non Operating Interest Income Expense": 0.0,
        "Interest Expense Non Operating": 0.0,
        "Operating Income": -3173000.0,
        "Operating Expense": 3526000.0,
        "Research And Development": 569000.0,
        "Selling General And Administration": 2957000.0,
        "Selling And Marketing Expense": 1068000.0,
        "General And Administrative Expense": 1889000.0,
        "Other Gand A": 1889000.0,
        "Gross Profit": 353000.0,
        "Cost Of Revenue": 417000.0,
        "Total Revenue": 770000.0,
        "Operating Revenue": 770000.0
    },
    "2023-12-31": {
        "Tax Effect Of Unusual Items": 0.0,
        "Tax Rate For Calcs": 0.0,
        "Normalized EBITDA": -2990000.0,
        "Total Unusual Items": 24000.0,
        "Total Unusual Items Excluding Goodwill": 24000.0,
        "Net Income From Continuing Operation Net Minority Interest": -3134000.0,
        "Reconciled Depreciation": 151000.0,
        "Reconciled Cost Of Revenue": 249000.0,
        "EBITDA": -2966000.0,
        "EBIT": -3117000.0,
        "Net Interest Income": -17000.0,
        "Interest Expense": 17000.0,
        "Normalized Income": -3158000.0,
        "Net Income From Continuing And Discontinued Operation": -3134000.0,
        "Total Expenses": 3949000.0,
        "Total Operating Income As Reported": -3141000.0,
        "Diluted Average Shares": NaN,
        "Basic Average Shares": NaN,
        "Diluted EPS": NaN,
        "Basic EPS": NaN,
        "Diluted NI Availto Com Stockholders": -3134000.0,
        "Net Income Common Stockholders": -3134000.0,
        "Net Income": -3134000.0,
        "Net Income Including Noncontrolling Interests": -3134000.0,
        "Net Income Continuous Operations": -3134000.0,
        "Pretax Income": -3134000.0,
        "Other Income Expense": 24000.0,
        "Other Non Operating Income Expenses": NaN,
        "Gain On Sale Of Security": 24000.0,
        "Net Non Operating Interest Income Expense": -17000.0,
        "Interest Expense Non Operating": 17000.0,
        "Operating Income": -3141000.0,
        "Operating Expense": 3700000.0,
        "Research And Development": 691000.0,
        "Selling General And Administration": 3009000.0,
        "Selling And Marketing Expense": 1342000.0,
        "General And Administrative Expense": 1667000.0,
        "Other Gand A": 1667000.0,
        "Gross Profit": 559000.0,
        "Cost Of Revenue": 249000.0,
        "Total Revenue": 808000.0,
        "Operating Revenue": 808000.0
    },
    "2025-03-31": {
        "Tax Effect Of Unusual Items": 0.0,
        "Tax Rate For Calcs": 0.0,
        "Normalized EBITDA": -3570000.0,
        "Total Unusual Items": 61000.0,
        "Total Unusual Items Excluding Goodwill": 61000.0,
        "Net Income From Continuing Operation Net Minority Interest": -3616000.0,
        "Reconciled Depreciation": 107000.0,
        "Reconciled Cost Of Revenue": 403000.0,
        "EBITDA": -3509000.0,
        "EBIT": -3616000.0,
        "Net Interest Income": 0.0,
        "Interest Expense": 0.0,
        "Normalized Income": -3677000.0,
        "Net Income From Continuing And Discontinued Operation": -3616000.0,
        "Total Expenses": 4403000.0,
        "Total Operating Income As Reported": -3677000.0,
        "Diluted Average Shares": 3597000.0,
        "Basic Average Shares": 3597000.0,
        "Diluted EPS": -1.01,
        "Basic EPS": -1.01,
        "Diluted NI Availto Com Stockholders": -3616000.0,
        "Net Income Common Stockholders": -3616000.0,
        "Net Income": -3616000.0,
        "Net Income Including Noncontrolling Interests": -3616000.0,
        "Net Income Continuous Operations": -3616000.0,
        "Pretax Income": -3616000.0,
        "Other Income Expense": 61000.0,
        "Other Non Operating Income Expenses": NaN,
        "Gain On Sale Of Security": 61000.0,
        "Net Non Operating Interest Income Expense": 0.0,
        "Interest Expense Non Operating": 0.0,
        "Operating Income": -3677000.0,
        "Operating Expense": 4000000.0,
        "Research And Development": 691000.0,
        "Selling General And Administration": 3309000.0,
        "Selling And Marketing Expense": 1647000.0,
        "General And Administrative Expense": 1662000.0,
        "Other Gand A": 1662000.0,
        "Gross Profit": 323000.0,
        "Cost Of Revenue": 403000.0,
        "Total Revenue": 726000.0,
        "Operating Revenue": 726000.0
    },
    "2025-06-30": {
        "Tax Effect Of Unusual Items": 0.0,
        "Tax Rate For Calcs": 0.0,
        "Normalized EBITDA": -2743000.0,
        "Total Unusual Items": 88000.0,
        "Total Unusual Items Excluding Goodwill": 88000.0,
        "Net Income From Continuing Operation Net Minority Interest": -2769000.0,
        "Reconciled Depreciation": 114000.0,
        "Reconciled Cost Of Revenue": 319000.0,
        "EBITDA": -2655000.0,
        "EBIT": -2769000.0,
        "Net Interest Income": 0.0,
        "Interest Expense": 0.0,
        "Normalized Income": -2857000.0,
        "Net Income From Continuing And Discontinued Operation": -2769000.0,
        "Total Expenses": 3421000.0,
        "Total Operating Income As Reported": -2857000.0,
        "Diluted Average Shares": 7591000.0,
        "Basic Average Shares": 7591000.0,
        "Diluted EPS": -0.36,
        "Basic EPS": -0.36,
        "Diluted NI Availto Com Stockholders": -2769000.0,
        "Net Income Common Stockholders": -2769000.0,
        "Net Income": -2769000.0,
        "Net Income Including Noncontrolling Interests": -2769000.0,
        "Net Income Continuous Operations": -2769000.0,
        "Pretax Income": -2769000.0,
        "Other Income Expense": 88000.0,
        "Other Non Operating Income Expenses": NaN,
        "Gain On Sale Of Security": 88000.0,
        "Net Non Operating Interest Income Expense": 0.0,
        "Interest Expense Non Operating": 0.0,
        "Operating Income": -2857000.0,
        "Operating Expense": 3102000.0,
        "Research And Development": 503000.0,
        "Selling General And Administration": 2599000.0,
        "Selling And Marketing Expense": 1119000.0,
        "General And Administrative Expense": 1480000.0,
        "Other Gand A": 1480000.0,
        "Gross Profit": 245000.0,
        "Cost Of Revenue": 319000.0,
        "Total Revenue": 564000.0,
        "Operating Revenue": 564000.0
    },
    "2025-09-30": {
        "Tax Effect Of Unusual Items": 0.0,
        "Tax Rate For Calcs": 0.0,
        "Normalized EBITDA": -3247000.0,
        "Total Unusual Items": 53000.0,
        "Total Unusual Items Excluding Goodwill": 53000.0,
        "Net Income From Continuing Operation Net Minority Interest": -3339000.0,
        "Reconciled Depreciation": 145000.0,
        "Reconciled Cost Of Revenue": 400000.0,
        "EBITDA": -3194000.0,
        "EBIT": -3339000.0,
        "Net Interest Income": 0.0,
        "Interest Expense": 0.0,
        "Normalized Income": -3392000.0,
        "Net Income From Continuing And Discontinued Operation": -3339000.0,
        "Total Expenses": 4565000.0,
        "Total Operating Income As Reported": -3392000.0,
        "Diluted Average Shares": 8250000.0,
        "Basic Average Shares": 8250000.0,
        "Diluted EPS": -0.4,
        "Basic EPS": -0.4,
        "Diluted NI Availto Com Stockholders": -3339000.0,
        "Net Income Common Stockholders": -3339000.0,
        "Net Income": -3339000.0,
        "Net Income Including Noncontrolling Interests": -3339000.0,
        "Net Income Continuous Operations": -3339000.0,
        "Pretax Income": -3339000.0,
        "Other Income Expense": 53000.0,
        "Other Non Operating Income Expenses": NaN,
        "Gain On Sale Of Security": 53000.0,
        "Net Non Operating Interest Income Expense": 0.0,
        "Interest Expense Non Operating": 0.0,
        "Operating Income": -3392000.0,
        "Operating Expense": 4165000.0,
        "Research And Development": 428000.0,
        "Selling General And Administration": 3737000.0,
        "Selling And Marketing Expense": 1538000.0,
        "General And Administrative Expense": 2199000.0,
        "Other Gand A": 2199000.0,
        "Gross Profit": 773000.0,
        "Cost Of Revenue": 400000.0,
        "Total Revenue": 1173000.0,
        "Operating Revenue": 1173000.0
    }
}