{
    "2023-03-31": {
        "Tax Effect Of Unusual Items": NaN,
        "Tax Rate For Calcs": NaN,
        "Normalized EBITDA": NaN,
        "Total Unusual Items": NaN,
        "Total Unusual Items Excluding Goodwill": NaN,
        "Net Income From Continuing Operation Net Minority Interest": NaN,
        "Reconciled Depreciation": NaN,
        "Reconciled Cost Of Revenue": NaN,
        "EBITDA": NaN,
        "EBIT": NaN,
        "Net Interest Income": 897000.0,
        "Interest Income": 897000.0,
        "Normalized Income": NaN,
        "Net Income From Continuing And Discontinued Operation": NaN,
        "Total Expenses": NaN,
        "Total Operating Income As Reported": NaN,
        "Diluted Average Shares": NaN,
        "Basic Average Shares": NaN,
        "Diluted EPS": NaN,
        "Basic EPS": NaN,
        "Diluted NI Availto Com Stockholders": NaN,
        "Net Income Common Stockholders": NaN,
        "Net Income": NaN,
        "Net Income Including Noncontrolling Interests": NaN,
        "Net Income Continuous Operations": NaN,
        "Pretax Income": NaN,
        "Other Income Expense": NaN,
        "Other Non Operating Income Expenses": NaN,
        "Special Income Charges": NaN,
        "Impairment Of Capital Assets": NaN,
        "Gain On Sale Of Security": NaN,
        "Net Non Operating Interest Income Expense": 897000.0,
        "Interest Income Non Operating": 897000.0,
        "Operating Income": NaN,
        "Operating Expense": NaN,
        "Other Operating Expenses": NaN,
        "Research And Development": NaN,
        "Selling General And Administration": NaN,
        "General And Administrative Expense": 7391000.0,
        "Other Gand A": 7391000.0,
        "Gross Profit": NaN,
        "Cost Of Revenue": NaN,
        "Total Revenue": NaN,
        "Operating Revenue": NaN
    },
    "2022-12-31": {
        "Tax Effect Of Unusual Items": NaN,
        "Tax Rate For Calcs": NaN,
        "Normalized EBITDA": NaN,
        "Total Unusual Items": NaN,
        "Total Unusual Items Excluding Goodwill": NaN,
        "Net Income From Continuing Operation Net Minority Interest": NaN,
        "Reconciled Depreciation": NaN,
        "Reconciled Cost Of Revenue": NaN,
        "EBITDA": NaN,
        "EBIT": NaN,
        "Net Interest Income": 1048000.0,
        "Interest Income": 1048000.0,
        "Normalized Income": NaN,
        "Net Income From Continuing And Discontinued Operation": NaN,
        "Total Expenses": NaN,
        "Total Operating Income As Reported": NaN,
        "Diluted Average Shares": NaN,
        "Basic Average Shares": NaN,
        "Diluted EPS": NaN,
        "Basic EPS": NaN,
        "Diluted NI Availto Com Stockholders": NaN,
        "Net Income Common Stockholders": NaN,
        "Preferred Stock Dividends": 2404000.0,
        "Net Income": NaN,
        "Net Income Including Noncontrolling Interests": NaN,
        "Net Income Continuous Operations": NaN,
        "Pretax Income": NaN,
        "Other Income Expense": NaN,
        "Other Non Operating Income Expenses": NaN,
        "Special Income Charges": NaN,
        "Impairment Of Capital Assets": NaN,
        "Gain On Sale Of Security": NaN,
        "Net Non Operating Interest Income Expense": 1048000.0,
        "Interest Income Non Operating": 1048000.0,
        "Operating Income": NaN,
        "Operating Expense": NaN,
        "Research And Development": NaN,
        "Selling General And Administration": NaN,
        "General And Administrative Expense": 8054000.0,
        "Other Gand A": 8054000.0,
        "Gross Profit": NaN,
        "Cost Of Revenue": NaN,
        "Total Revenue": NaN,
        "Operating Revenue": NaN
    },
    "2022-09-30": {
        "Tax Effect Of Unusual Items": NaN,
        "Tax Rate For Calcs": NaN,
        "Normalized EBITDA": NaN,
        "Total Unusual Items": NaN,
        "Total Unusual Items Excluding Goodwill": NaN,
        "Net Income From Continuing Operation Net Minority Interest": NaN,
        "Reconciled Depreciation": NaN,
        "Reconciled Cost Of Revenue": 0.0,
        "EBITDA": NaN,
        "EBIT": NaN,
        "Net Interest Income": 610000.0,
        "Interest Income": 610000.0,
        "Normalized Income": NaN,
        "Net Income From Continuing And Discontinued Operation": NaN,
        "Total Expenses": NaN,
        "Total Operating Income As Reported": NaN,
        "Diluted Average Shares": NaN,
        "Basic Average Shares": NaN,
        "Diluted EPS": NaN,
        "Basic EPS": NaN,
        "Diluted NI Availto Com Stockholders": NaN,
        "Net Income Common Stockholders": NaN,
        "Preferred Stock Dividends": NaN,
        "Net Income": NaN,
        "Net Income Including Noncontrolling Interests": NaN,
        "Net Income Continuous Operations": NaN,
        "Pretax Income": NaN,
        "Other Income Expense": NaN,
        "Other Non Operating Income Expenses": NaN,
        "Gain On Sale Of Security": NaN,
        "Net Non Operating Interest Income Expense": 610000.0,
        "Interest Income Non Operating": 610000.0,
        "Operating Income": NaN,
        "Operating Expense": NaN,
        "Research And Development": NaN,
        "Selling General And Administration": NaN,
        "General And Administrative Expense": 7390000.0,
        "Other Gand A": 7390000.0,
        "Gross Profit": 0.0,
        "Cost Of Revenue": 0.0,
        "Total Revenue": NaN,
        "Operating Revenue": NaN
    },
    "2022-06-30": {
        "Tax Effect Of Unusual Items": 0.0,
        "Tax Rate For Calcs": 0.0,
        "Normalized EBITDA": -23336000.0,
        "Net Income From Continuing Operation Net Minority Interest": -23140000.0,
        "Reconciled Depreciation": 102000.0,
        "EBITDA": -23336000.0,
        "EBIT": -23336000.0,
        "Net Interest Income": 196000.0,
        "Interest Income": 196000.0,
        "Normalized Income": -23140000.0,
        "Net Income From Continuing And Discontinued Operation": -23140000.0,
        "Total Expenses": 23336000.0,
        "Total Operating Income As Reported": -23336000.0,
        "Diluted Average Shares": 3584699.0,
        "Basic Average Shares": 3584699.0,
        "Diluted EPS": -7.64,
        "Basic EPS": -7.64,
        "Diluted NI Availto Com Stockholders": -27395000.0,
        "Net Income Common Stockholders": -27395000.0,
        "Preferred Stock Dividends": 4255000.0,
        "Net Income": -23140000.0,
        "Net Income Including Noncontrolling Interests": -23140000.0,
        "Net Income Continuous Operations": -23140000.0,
        "Pretax Income": -23140000.0,
        "Net Non Operating Interest Income Expense": 196000.0,
        "Interest Income Non Operating": 196000.0,
        "Operating Income": -23336000.0,
        "Operating Expense": 23336000.0,
        "Research And Development": 16579000.0,
        "Selling General And Administration": 6757000.0,
        "General And Administrative Expense": 6757000.0,
        "Other Gand A": 6757000.0,
        "Total Revenue": 0.0,
        "Operating Revenue": 0.0
    },
    "2022-03-31": {
        "Diluted EPS": -10.06,
        "Total Revenue": NaN,
        "Gross Profit": NaN,
        "Operating Income": -26,
        "EBIT": -26,
        "Net Income": -26
    },
    "2021-12-31": {
        "Diluted EPS": -12.59,
        "Total Revenue": NaN,
        "Gross Profit": NaN,
        "Operating Income": -29,
        "EBIT": -29,
        "Net Income": -30
    },
    "2021-09-30": {
        "Diluted EPS": -10.0,
        "Total Revenue": NaN,
        "Gross Profit": NaN,
        "Operating Income": -19,
        "EBIT": -19,
        "Net Income": -19
    },
    "2021-06-30": {
        "Diluted EPS": -14.06,
        "Total Revenue": NaN,
        "Gross Profit": NaN,
        "Operating Income": -24,
        "EBIT": -24,
        "Net Income": -24
    },
    "2021-03-31": {
        "Diluted EPS": -13.98,
        "Total Revenue": NaN,
        "Gross Profit": NaN,
        "Operating Income": -21,
        "EBIT": -21,
        "Net Income": -21
    },
    "2020-12-31": {
        "Diluted EPS": 27.96,
        "Total Revenue": NaN,
        "Gross Profit": NaN,
        "Operating Income": -17,
        "EBIT": -17,
        "Net Income": -17
    },
    "2020-09-30": {
        "Diluted EPS": -17.97,
        "Total Revenue": NaN,
        "Gross Profit": NaN,
        "Operating Income": -12,
        "EBIT": -12,
        "Net Income": -12
    },
    "2020-06-30": {
        "Diluted EPS": -45.93,
        "Total Revenue": NaN,
        "Gross Profit": NaN,
        "Operating Income": -14,
        "EBIT": -14,
        "Net Income": -14
    },
    "2020-03-31": {
        "Diluted EPS": -73.88,
        "Total Revenue": NaN,
        "Gross Profit": NaN,
        "Operating Income": -7,
        "EBIT": -7,
        "Net Income": -9
    },
    "2019-12-31": {
        "Diluted EPS": NaN,
        "Total Revenue": NaN,
        "Gross Profit": NaN,
        "Operating Income": -9,
        "EBIT": -9,
        "Net Income": -11
    },
    "2019-09-30": {
        "Diluted EPS": NaN,
        "Total Revenue": NaN,
        "Gross Profit": NaN,
        "Operating Income": -8,
        "EBIT": -8,
        "Net Income": -8
    },
    "2019-06-30": {
        "Diluted EPS": NaN,
        "Total Revenue": NaN,
        "Gross Profit": NaN,
        "Operating Income": -6,
        "EBIT": -6,
        "Net Income": -6
    },
    "2019-03-31": {
        "Diluted EPS": NaN,
        "Total Revenue": NaN,
        "Gross Profit": NaN,
        "Operating Income": -6,
        "EBIT": -6,
        "Net Income": -6
    },
    "2018-12-31": {
        "Diluted EPS": NaN,
        "Total Revenue": NaN,
        "Gross Profit": NaN,
        "Operating Income": -8,
        "EBIT": -8,
        "Net Income": -11
    },
    "2018-09-30": {
        "Diluted EPS": NaN,
        "Total Revenue": NaN,
        "Gross Profit": NaN,
        "Operating Income": -6,
        "EBIT": -6,
        "Net Income": -5
    },
    "2018-06-30": {
        "Diluted EPS": NaN,
        "Total Revenue": NaN,
        "Gross Profit": NaN,
        "Operating Income": -6,
        "EBIT": -6,
        "Net Income": -6
    },
    "2018-03-31": {
        "Diluted EPS": NaN,
        "Total Revenue": NaN,
        "Gross Profit": NaN,
        "Operating Income": -7,
        "EBIT": -7,
        "Net Income": -7
    },
    "2017-12-31": {
        "Diluted EPS": NaN,
        "Total Revenue": NaN,
        "Gross Profit": NaN,
        "Operating Income": -6,
        "EBIT": -6,
        "Net Income": -5
    },
    "2017-09-30": {
        "Diluted EPS": NaN,
        "Total Revenue": NaN,
        "Gross Profit": NaN,
        "Operating Income": -6,
        "EBIT": -6,
        "Net Income": -6
    },
    "2017-06-30": {
        "Diluted EPS": NaN,
        "Total Revenue": NaN,
        "Gross Profit": NaN,
        "Operating Income": -5,
        "EBIT": -5,
        "Net Income": -5
    },
    "2017-03-31": {
        "Diluted EPS": NaN,
        "Total Revenue": NaN,
        "Gross Profit": NaN,
        "Operating Income": -5,
        "EBIT": -5,
        "Net Income": -5
    },
    "2016-12-31": {
        "Diluted EPS": NaN,
        "Total Revenue": NaN,
        "Gross Profit": NaN,
        "Operating Income": -8,
        "EBIT": -7,
        "Net Income": -7
    },
    "2016-09-30": {
        "Diluted EPS": NaN,
        "Total Revenue": NaN,
        "Gross Profit": NaN,
        "Operating Income": -8,
        "EBIT": -8,
        "Net Income": -8
    },
    "2016-06-30": {
        "Diluted EPS": NaN,
        "Total Revenue": NaN,
        "Gross Profit": NaN,
        "Operating Income": -10,
        "EBIT": -10,
        "Net Income": -10
    },
    "2016-03-31": {
        "Diluted EPS": NaN,
        "Total Revenue": NaN,
        "Gross Profit": NaN,
        "Operating Income": -14,
        "EBIT": -14,
        "Net Income": -14
    },
    "2015-12-31": {
        "Diluted EPS": NaN,
        "Total Revenue": NaN,
        "Gross Profit": NaN,
        "Operating Income": -13,
        "EBIT": -13,
        "Net Income": -13
    },
    "2015-09-30": {
        "Diluted EPS": -0.72,
        "Total Revenue": NaN,
        "Gross Profit": NaN,
        "Operating Income": -13,
        "EBIT": -13,
        "Net Income": -13
    },
    "2015-06-30": {
        "Diluted EPS": -0.73,
        "Total Revenue": NaN,
        "Gross Profit": NaN,
        "Operating Income": -12,
        "EBIT": -12,
        "Net Income": -12
    },
    "2015-03-31": {
        "Diluted EPS": -0.71,
        "Total Revenue": NaN,
        "Gross Profit": NaN,
        "Operating Income": -10,
        "EBIT": -10,
        "Net Income": -10
    },
    "2014-12-31": {
        "Diluted EPS": -0.86,
        "Total Revenue": NaN,
        "Gross Profit": NaN,
        "Operating Income": -9,
        "EBIT": -9,
        "Net Income": -9
    },
    "2014-09-30": {
        "Diluted EPS": -0.71,
        "Total Revenue": NaN,
        "Gross Profit": NaN,
        "Operating Income": -7,
        "EBIT": -7,
        "Net Income": -7
    },
    "2014-06-30": {
        "Diluted EPS": -0.61,
        "Total Revenue": NaN,
        "Gross Profit": NaN,
        "Operating Income": -6,
        "EBIT": -6,
        "Net Income": -6
    },
    "2014-03-31": {
        "Diluted EPS": -0.59,
        "Total Revenue": NaN,
        "Gross Profit": NaN,
        "Operating Income": -5,
        "EBIT": -5,
        "Net Income": -5
    },
    "2013-12-31": {
        "Diluted EPS": -0.62,
        "Total Revenue": NaN,
        "Gross Profit": NaN,
        "Operating Income": -4,
        "EBIT": -4,
        "Net Income": -4
    },
    "2013-09-30": {
        "Diluted EPS": -0.87,
        "Total Revenue": NaN,
        "Gross Profit": NaN,
        "Operating Income": -3,
        "EBIT": -3,
        "Net Income": -3
    },
    "2013-06-30": {
        "Diluted EPS": -0.95,
        "Total Revenue": NaN,
        "Gross Profit": NaN,
        "Operating Income": -2,
        "EBIT": -2,
        "Net Income": -2
    },
    "2013-03-31": {
        "Diluted EPS": -0.93,
        "Total Revenue": NaN,
        "Gross Profit": NaN,
        "Operating Income": -2,
        "EBIT": -2,
        "Net Income": -2
    },
    "2012-12-31": {
        "Diluted EPS": -1.51,
        "Total Revenue": NaN,
        "Gross Profit": NaN,
        "Operating Income": -2,
        "EBIT": -2,
        "Net Income": -3
    },
    "2012-09-30": {
        "Diluted EPS": -1.01,
        "Total Revenue": NaN,
        "Gross Profit": NaN,
        "Operating Income": -2,
        "EBIT": -2,
        "Net Income": -2
    },
    "2012-06-30": {
        "Diluted EPS": -1.79,
        "Total Revenue": NaN,
        "Gross Profit": NaN,
        "Operating Income": -2,
        "EBIT": -2,
        "Net Income": -3
    },
    "2012-03-31": {
        "Diluted EPS": -1.27,
        "Total Revenue": NaN,
        "Gross Profit": NaN,
        "Operating Income": -1,
        "EBIT": -1,
        "Net Income": -2
    },
    "2011-12-31": {
        "Diluted EPS": -0.06,
        "Total Revenue": NaN,
        "Gross Profit": NaN,
        "Operating Income": -1,
        "EBIT": -1,
        "Net Income": -2
    },
    "2011-09-30": {
        "Diluted EPS": -0.05,
        "Total Revenue": NaN,
        "Gross Profit": NaN,
        "Operating Income": -1,
        "EBIT": -1,
        "Net Income": -1
    },
    "2011-06-30": {
        "Diluted EPS": -0.02,
        "Total Revenue": NaN,
        "Gross Profit": NaN,
        "Operating Income": 0,
        "EBIT": 0,
        "Net Income": 0
    },
    "2011-03-31": {
        "Diluted EPS": -0.03,
        "Total Revenue": NaN,
        "Gross Profit": NaN,
        "Operating Income": -1,
        "EBIT": -1,
        "Net Income": -1
    },
    "2010-12-31": {
        "Diluted EPS": 0.0,
        "Total Revenue": NaN,
        "Gross Profit": NaN,
        "Operating Income": -2,
        "EBIT": -2,
        "Net Income": -2
    },
    "2010-09-30": {
        "Diluted EPS": 0.0,
        "Total Revenue": NaN,
        "Gross Profit": NaN,
        "Operating Income": 0,
        "EBIT": 0,
        "Net Income": 0
    },
    "2010-06-30": {
        "Diluted EPS": 0.0,
        "Total Revenue": NaN,
        "Gross Profit": NaN,
        "Operating Income": 0,
        "EBIT": 0,
        "Net Income": 0
    },
    "2010-03-31": {
        "Diluted EPS": 0.0,
        "Total Revenue": NaN,
        "Gross Profit": NaN,
        "Operating Income": 0,
        "EBIT": 0,
        "Net Income": 0
    },
    "2009-12-31": {
        "Diluted EPS": 0.0,
        "Total Revenue": NaN,
        "Gross Profit": NaN,
        "Operating Income": 0,
        "EBIT": 0,
        "Net Income": 0
    },
    "2009-09-30": {
        "Diluted EPS": 0.0,
        "Total Revenue": NaN,
        "Gross Profit": NaN,
        "Operating Income": 0,
        "EBIT": 0,
        "Net Income": 0
    },
    "2009-06-30": {
        "Diluted EPS": 0.0,
        "Total Revenue": NaN,
        "Gross Profit": NaN,
        "Operating Income": 0,
        "EBIT": 0,
        "Net Income": 0
    },
    "2009-03-31": {
        "Diluted EPS": 0.0,
        "Total Revenue": NaN,
        "Gross Profit": NaN,
        "Operating Income": 0,
        "EBIT": 0,
        "Net Income": 0
    },
    "2023-06-30": {
        "Tax Effect Of Unusual Items": NaN,
        "Tax Rate For Calcs": NaN,
        "Normalized EBITDA": NaN,
        "Total Unusual Items": NaN,
        "Total Unusual Items Excluding Goodwill": NaN,
        "Net Income From Continuing Operation Net Minority Interest": NaN,
        "Reconciled Depreciation": NaN,
        "Reconciled Cost Of Revenue": NaN,
        "EBITDA": NaN,
        "EBIT": NaN,
        "Net Interest Income": 646000.0,
        "Interest Income": 646000.0,
        "Normalized Income": NaN,
        "Net Income From Continuing And Discontinued Operation": NaN,
        "Total Expenses": NaN,
        "Total Operating Income As Reported": NaN,
        "Diluted Average Shares": NaN,
        "Basic Average Shares": NaN,
        "Diluted EPS": NaN,
        "Basic EPS": NaN,
        "Diluted NI Availto Com Stockholders": NaN,
        "Net Income Common Stockholders": NaN,
        "Net Income": NaN,
        "Net Income Including Noncontrolling Interests": NaN,
        "Net Income Continuous Operations": NaN,
        "Pretax Income": NaN,
        "Other Income Expense": NaN,
        "Other Non Operating Income Expenses": NaN,
        "Special Income Charges": 0.0,
        "Impairment Of Capital Assets": 0.0,
        "Gain On Sale Of Security": NaN,
        "Net Non Operating Interest Income Expense": 646000.0,
        "Interest Income Non Operating": 646000.0,
        "Operating Income": NaN,
        "Operating Expense": NaN,
        "Other Operating Expenses": NaN,
        "Research And Development": NaN,
        "Selling General And Administration": NaN,
        "General And Administrative Expense": 7026000.0,
        "Other Gand A": 7026000.0,
        "Gross Profit": NaN,
        "Cost Of Revenue": NaN,
        "Total Revenue": NaN,
        "Operating Revenue": NaN
    },
    "2023-09-30": {
        "Tax Effect Of Unusual Items": NaN,
        "Tax Rate For Calcs": NaN,
        "Normalized EBITDA": NaN,
        "Total Unusual Items": NaN,
        "Total Unusual Items Excluding Goodwill": NaN,
        "Net Income From Continuing Operation Net Minority Interest": NaN,
        "Reconciled Depreciation": NaN,
        "Reconciled Cost Of Revenue": NaN,
        "EBITDA": NaN,
        "EBIT": NaN,
        "Net Interest Income": 172000.0,
        "Interest Income": 172000.0,
        "Normalized Income": NaN,
        "Net Income From Continuing And Discontinued Operation": NaN,
        "Total Expenses": NaN,
        "Total Operating Income As Reported": NaN,
        "Diluted Average Shares": NaN,
        "Basic Average Shares": NaN,
        "Diluted EPS": NaN,
        "Basic EPS": NaN,
        "Diluted NI Availto Com Stockholders": NaN,
        "Net Income Common Stockholders": NaN,
        "Net Income": NaN,
        "Net Income Including Noncontrolling Interests": NaN,
        "Net Income Continuous Operations": NaN,
        "Pretax Income": NaN,
        "Other Income Expense": NaN,
        "Other Non Operating Income Expenses": NaN,
        "Special Income Charges": NaN,
        "Other Special Charges": NaN,
        "Impairment Of Capital Assets": 0.0,
        "Gain On Sale Of Security": NaN,
        "Net Non Operating Interest Income Expense": 172000.0,
        "Interest Income Non Operating": 172000.0,
        "Operating Income": NaN,
        "Operating Expense": NaN,
        "Other Operating Expenses": NaN,
        "Research And Development": NaN,
        "Selling General And Administration": NaN,
        "General And Administrative Expense": NaN,
        "Other Gand A": NaN,
        "Gross Profit": NaN,
        "Cost Of Revenue": NaN,
        "Total Revenue": NaN,
        "Operating Revenue": NaN
    },
    "2023-12-31": {
        "Tax Effect Of Unusual Items": 0.0,
        "Tax Rate For Calcs": 0.0,
        "Normalized EBITDA": -26068000.0,
        "Total Unusual Items": NaN,
        "Total Unusual Items Excluding Goodwill": NaN,
        "Net Income From Continuing Operation Net Minority Interest": -27322000.0,
        "Reconciled Depreciation": 1261000.0,
        "Reconciled Cost Of Revenue": 2367000.0,
        "EBITDA": -26068000.0,
        "EBIT": -27329000.0,
        "Net Interest Income": NaN,
        "Interest Income": NaN,
        "Normalized Income": -27322000.0,
        "Net Income From Continuing And Discontinued Operation": -27322000.0,
        "Total Expenses": 31108000.0,
        "Total Operating Income As Reported": -27329000.0,
        "Diluted Average Shares": NaN,
        "Basic Average Shares": NaN,
        "Diluted EPS": NaN,
        "Basic EPS": NaN,
        "Diluted NI Availto Com Stockholders": -27322000.0,
        "Net Income Common Stockholders": -27322000.0,
        "Net Income": -27322000.0,
        "Net Income Including Noncontrolling Interests": -27322000.0,
        "Net Income Continuous Operations": -27322000.0,
        "Pretax Income": -27322000.0,
        "Other Income Expense": NaN,
        "Other Non Operating Income Expenses": NaN,
        "Special Income Charges": NaN,
        "Impairment Of Capital Assets": NaN,
        "Gain On Sale Of Security": NaN,
        "Net Non Operating Interest Income Expense": NaN,
        "Interest Income Non Operating": NaN,
        "Operating Income": -27329000.0,
        "Operating Expense": 28741000.0,
        "Other Operating Expenses": NaN,
        "Research And Development": 17120000.0,
        "Selling General And Administration": 11621000.0,
        "General And Administrative Expense": NaN,
        "Other Gand A": NaN,
        "Gross Profit": 1412000.0,
        "Cost Of Revenue": 2367000.0,
        "Total Revenue": 3779000.0,
        "Operating Revenue": 3779000.0
    },
    "2024-03-31": {
        "Tax Effect Of Unusual Items": NaN,
        "Tax Rate For Calcs": NaN,
        "Normalized EBITDA": NaN,
        "Total Unusual Items": NaN,
        "Total Unusual Items Excluding Goodwill": NaN,
        "Net Income From Continuing Operation Net Minority Interest": NaN,
        "Reconciled Depreciation": NaN,
        "Reconciled Cost Of Revenue": NaN,
        "EBITDA": NaN,
        "EBIT": NaN,
        "Net Interest Income": NaN,
        "Interest Income": NaN,
        "Normalized Income": NaN,
        "Net Income From Continuing And Discontinued Operation": NaN,
        "Total Expenses": NaN,
        "Total Operating Income As Reported": NaN,
        "Diluted Average Shares": NaN,
        "Basic Average Shares": NaN,
        "Diluted EPS": NaN,
        "Basic EPS": NaN,
        "Diluted NI Availto Com Stockholders": NaN,
        "Net Income Common Stockholders": NaN,
        "Net Income": NaN,
        "Net Income Including Noncontrolling Interests": NaN,
        "Net Income Continuous Operations": NaN,
        "Pretax Income": NaN,
        "Other Income Expense": NaN,
        "Other Non Operating Income Expenses": NaN,
        "Special Income Charges": NaN,
        "Other Special Charges": NaN,
        "Write Off": NaN,
        "Impairment Of Capital Assets": NaN,
        "Gain On Sale Of Security": 7005000.0,
        "Net Non Operating Interest Income Expense": NaN,
        "Interest Income Non Operating": NaN,
        "Operating Income": NaN,
        "Operating Expense": NaN,
        "Other Operating Expenses": NaN,
        "Research And Development": NaN,
        "Selling General And Administration": NaN,
        "General And Administrative Expense": 9310000.0,
        "Other Gand A": 9310000.0,
        "Gross Profit": NaN,
        "Cost Of Revenue": NaN,
        "Total Revenue": NaN,
        "Operating Revenue": NaN
    },
    "2024-06-30": {
        "Tax Effect Of Unusual Items": 0.0,
        "Tax Rate For Calcs": 0.0,
        "Normalized EBITDA": 42658000.0,
        "Total Unusual Items": -59812000.0,
        "Total Unusual Items Excluding Goodwill": -59812000.0,
        "Net Income From Continuing Operation Net Minority Interest": -78776000.0,
        "Reconciled Depreciation": 1205000.0,
        "Reconciled Cost Of Revenue": 3367000.0,
        "EBITDA": -17154000.0,
        "EBIT": -18359000.0,
        "Net Interest Income": 1000.0,
        "Interest Income": 1000.0,
        "Normalized Income": -18964000.0,
        "Net Income From Continuing And Discontinued Operation": -78776000.0,
        "Total Expenses": 20567000.0,
        "Total Operating Income As Reported": -77316000.0,
        "Diluted Average Shares": 41011.0,
        "Basic Average Shares": 41011.0,
        "Diluted EPS": -1920.85,
        "Basic EPS": -1920.85,
        "Diluted NI Availto Com Stockholders": -78776000.0,
        "Net Income Common Stockholders": -78776000.0,
        "Net Income": -78776000.0,
        "Net Income Including Noncontrolling Interests": -78776000.0,
        "Net Income Continuous Operations": -78776000.0,
        "Pretax Income": -78776000.0,
        "Other Income Expense": -60418000.0,
        "Other Non Operating Income Expenses": -606000.0,
        "Special Income Charges": -58957000.0,
        "Other Special Charges": NaN,
        "Write Off": 58957000.0,
        "Impairment Of Capital Assets": 58957000.0,
        "Gain On Sale Of Security": -855000.0,
        "Net Non Operating Interest Income Expense": 1000.0,
        "Interest Income Non Operating": 1000.0,
        "Operating Income": -18359000.0,
        "Operating Expense": 17200000.0,
        "Other Operating Expenses": NaN,
        "Research And Development": 9698000.0,
        "Selling General And Administration": 7502000.0,
        "General And Administrative Expense": 7502000.0,
        "Other Gand A": 7502000.0,
        "Gross Profit": -1159000.0,
        "Cost Of Revenue": 3367000.0,
        "Total Revenue": 2208000.0,
        "Operating Revenue": 2208000.0
    },
    "2024-09-30": {
        "Tax Effect Of Unusual Items": 0.0,
        "Tax Rate For Calcs": 0.0,
        "Normalized EBITDA": -13376000.0,
        "Total Unusual Items": 0.0,
        "Total Unusual Items Excluding Goodwill": 0.0,
        "Net Income From Continuing Operation Net Minority Interest": -14213000.0,
        "Reconciled Depreciation": 510000.0,
        "Reconciled Cost Of Revenue": 1555000.0,
        "EBITDA": -13376000.0,
        "EBIT": -13886000.0,
        "Net Interest Income": NaN,
        "Interest Income": NaN,
        "Normalized Income": -14213000.0,
        "Net Income From Continuing And Discontinued Operation": -14213000.0,
        "Total Expenses": 16708000.0,
        "Total Operating Income As Reported": -15554000.0,
        "Diluted Average Shares": 621222.0,
        "Basic Average Shares": 621222.0,
        "Diluted EPS": -23.0,
        "Basic EPS": -23.0,
        "Diluted NI Availto Com Stockholders": -14213000.0,
        "Net Income Common Stockholders": -14213000.0,
        "Net Income": -14213000.0,
        "Net Income Including Noncontrolling Interests": -14213000.0,
        "Net Income Continuous Operations": -14213000.0,
        "Pretax Income": -14213000.0,
        "Other Income Expense": -327000.0,
        "Other Non Operating Income Expenses": -327000.0,
        "Special Income Charges": 0.0,
        "Other Special Charges": NaN,
        "Write Off": NaN,
        "Impairment Of Capital Assets": 0.0,
        "Gain On Sale Of Security": NaN,
        "Net Non Operating Interest Income Expense": NaN,
        "Interest Income Non Operating": NaN,
        "Operating Income": -13886000.0,
        "Operating Expense": 15153000.0,
        "Other Operating Expenses": -1668000.0,
        "Research And Development": 9114000.0,
        "Selling General And Administration": 7707000.0,
        "General And Administrative Expense": NaN,
        "Other Gand A": NaN,
        "Gross Profit": 1267000.0,
        "Cost Of Revenue": 1555000.0,
        "Total Revenue": 2822000.0,
        "Operating Revenue": 2822000.0
    },
    "2024-12-31": {
        "Tax Effect Of Unusual Items": 0.0,
        "Tax Rate For Calcs": 0.0,
        "Normalized EBITDA": -21101000.0,
        "Total Unusual Items": 43000.0,
        "Total Unusual Items Excluding Goodwill": 43000.0,
        "Net Income From Continuing Operation Net Minority Interest": -22108000.0,
        "Reconciled Depreciation": 496000.0,
        "Reconciled Cost Of Revenue": 1183000.0,
        "EBITDA": -21058000.0,
        "EBIT": -21554000.0,
        "Net Interest Income": NaN,
        "Interest Income": NaN,
        "Normalized Income": -22151000.0,
        "Net Income From Continuing And Discontinued Operation": -22108000.0,
        "Total Expenses": 24136000.0,
        "Total Operating Income As Reported": -22480000.0,
        "Diluted Average Shares": 2263535.0,
        "Basic Average Shares": 2263535.0,
        "Diluted EPS": -9.77,
        "Basic EPS": -9.77,
        "Diluted NI Availto Com Stockholders": -22108000.0,
        "Net Income Common Stockholders": -22108000.0,
        "Net Income": -22108000.0,
        "Net Income Including Noncontrolling Interests": -22108000.0,
        "Net Income Continuous Operations": -22108000.0,
        "Pretax Income": -22065000.0,
        "Other Income Expense": -511000.0,
        "Other Non Operating Income Expenses": -554000.0,
        "Special Income Charges": 43000.0,
        "Other Special Charges": NaN,
        "Write Off": NaN,
        "Impairment Of Capital Assets": NaN,
        "Gain On Sale Of Security": 0.0,
        "Net Non Operating Interest Income Expense": NaN,
        "Interest Income Non Operating": NaN,
        "Operating Income": -21554000.0,
        "Operating Expense": 22953000.0,
        "Other Operating Expenses": -926000.0,
        "Research And Development": 8297000.0,
        "Selling General And Administration": 15582000.0,
        "General And Administrative Expense": NaN,
        "Other Gand A": NaN,
        "Gross Profit": 1399000.0,
        "Cost Of Revenue": 1183000.0,
        "Total Revenue": 2582000.0,
        "Operating Revenue": 2582000.0
    },
    "2025-03-31": {
        "Tax Effect Of Unusual Items": 0.0,
        "Tax Rate For Calcs": 0.0,
        "Normalized EBITDA": -12546000.0,
        "Total Unusual Items": -2092000.0,
        "Total Unusual Items Excluding Goodwill": -2092000.0,
        "Net Income From Continuing Operation Net Minority Interest": -16829000.0,
        "Reconciled Depreciation": 493000.0,
        "Reconciled Cost Of Revenue": 943000.0,
        "EBITDA": -14638000.0,
        "EBIT": -15131000.0,
        "Net Interest Income": NaN,
        "Interest Income": NaN,
        "Normalized Income": -14737000.0,
        "Net Income From Continuing And Discontinued Operation": -16829000.0,
        "Total Expenses": 17560000.0,
        "Total Operating Income As Reported": -16054000.0,
        "Diluted Average Shares": 5927231.0,
        "Basic Average Shares": 5927231.0,
        "Diluted EPS": -2.84,
        "Basic EPS": -2.84,
        "Diluted NI Availto Com Stockholders": -16829000.0,
        "Net Income Common Stockholders": -16829000.0,
        "Net Income": -16829000.0,
        "Net Income Including Noncontrolling Interests": -16829000.0,
        "Net Income Continuous Operations": -16829000.0,
        "Pretax Income": -16829000.0,
        "Other Income Expense": -1698000.0,
        "Other Non Operating Income Expenses": 394000.0,
        "Special Income Charges": -2092000.0,
        "Other Special Charges": 2092000.0,
        "Write Off": NaN,
        "Impairment Of Capital Assets": NaN,
        "Gain On Sale Of Security": NaN,
        "Net Non Operating Interest Income Expense": NaN,
        "Interest Income Non Operating": NaN,
        "Operating Income": -15131000.0,
        "Operating Expense": 16617000.0,
        "Other Operating Expenses": -923000.0,
        "Research And Development": 7436000.0,
        "Selling General And Administration": 10104000.0,
        "General And Administrative Expense": 10104000.0,
        "Other Gand A": 10104000.0,
        "Gross Profit": 1486000.0,
        "Cost Of Revenue": 943000.0,
        "Total Revenue": 2429000.0,
        "Operating Revenue": 2429000.0
    },
    "2025-06-30": {
        "Tax Effect Of Unusual Items": 0.0,
        "Tax Rate For Calcs": 0.0,
        "Normalized EBITDA": -26777000.0,
        "Total Unusual Items": 0.0,
        "Total Unusual Items Excluding Goodwill": 0.0,
        "Net Income From Continuing Operation Net Minority Interest": -28272000.0,
        "Reconciled Depreciation": 483000.0,
        "Reconciled Cost Of Revenue": 3272000.0,
        "EBITDA": -26777000.0,
        "EBIT": -27260000.0,
        "Net Interest Income": 943000.0,
        "Interest Income": 943000.0,
        "Normalized Income": -28272000.0,
        "Net Income From Continuing And Discontinued Operation": -28272000.0,
        "Total Expenses": 29258000.0,
        "Total Operating Income As Reported": -28296000.0,
        "Diluted Average Shares": 7327257.0,
        "Basic Average Shares": 7327257.0,
        "Diluted EPS": -3.86,
        "Basic EPS": -3.86,
        "Diluted NI Availto Com Stockholders": -28272000.0,
        "Net Income Common Stockholders": -28272000.0,
        "Net Income": -28272000.0,
        "Net Income Including Noncontrolling Interests": -28272000.0,
        "Net Income Continuous Operations": -28272000.0,
        "Pretax Income": -28272000.0,
        "Other Income Expense": -1955000.0,
        "Other Non Operating Income Expenses": -1955000.0,
        "Special Income Charges": 0.0,
        "Other Special Charges": NaN,
        "Write Off": 0.0,
        "Impairment Of Capital Assets": NaN,
        "Gain On Sale Of Security": NaN,
        "Net Non Operating Interest Income Expense": 943000.0,
        "Interest Income Non Operating": 943000.0,
        "Operating Income": -27260000.0,
        "Operating Expense": 25986000.0,
        "Other Operating Expenses": -1036000.0,
        "Research And Development": 10820000.0,
        "Selling General And Administration": 16202000.0,
        "General And Administrative Expense": NaN,
        "Other Gand A": NaN,
        "Gross Profit": -1274000.0,
        "Cost Of Revenue": 3272000.0,
        "Total Revenue": 1998000.0,
        "Operating Revenue": 1998000.0
    }
}