{
    "2023-03-31": {
        "Tax Effect Of Unusual Items": NaN,
        "Tax Rate For Calcs": NaN,
        "Normalized EBITDA": NaN,
        "Net Income From Continuing Operation Net Minority Interest": NaN,
        "Reconciled Depreciation": NaN,
        "EBITDA": NaN,
        "EBIT": NaN,
        "Net Interest Income": NaN,
        "Interest Income": NaN,
        "Normalized Income": NaN,
        "Net Income From Continuing And Discontinued Operation": NaN,
        "Total Expenses": NaN,
        "Total Operating Income As Reported": NaN,
        "Diluted Average Shares": 73097889.0,
        "Basic Average Shares": 73097889.0,
        "Diluted EPS": -0.43,
        "Basic EPS": -0.43,
        "Diluted NI Availto Com Stockholders": NaN,
        "Net Income Common Stockholders": NaN,
        "Net Income": NaN,
        "Net Income Including Noncontrolling Interests": NaN,
        "Net Income Continuous Operations": NaN,
        "Tax Provision": NaN,
        "Pretax Income": NaN,
        "Other Income Expense": NaN,
        "Other Non Operating Income Expenses": NaN,
        "Net Non Operating Interest Income Expense": NaN,
        "Interest Income Non Operating": NaN,
        "Operating Income": NaN,
        "Operating Expense": NaN,
        "Research And Development": NaN,
        "Selling General And Administration": NaN,
        "General And Administrative Expense": NaN,
        "Other Gand A": NaN,
        "Total Revenue": NaN,
        "Operating Revenue": NaN
    },
    "2022-12-31": {
        "Tax Effect Of Unusual Items": NaN,
        "Tax Rate For Calcs": NaN,
        "Normalized EBITDA": NaN,
        "Net Income From Continuing Operation Net Minority Interest": NaN,
        "Reconciled Depreciation": NaN,
        "EBITDA": NaN,
        "EBIT": NaN,
        "Net Interest Income": NaN,
        "Interest Income": NaN,
        "Normalized Income": NaN,
        "Net Income From Continuing And Discontinued Operation": NaN,
        "Total Expenses": NaN,
        "Total Operating Income As Reported": NaN,
        "Diluted Average Shares": 55250372.0,
        "Basic Average Shares": 55250372.0,
        "Diluted EPS": -0.61,
        "Basic EPS": -0.61,
        "Diluted NI Availto Com Stockholders": NaN,
        "Net Income Common Stockholders": NaN,
        "Net Income": NaN,
        "Net Income Including Noncontrolling Interests": NaN,
        "Net Income Continuous Operations": NaN,
        "Tax Provision": NaN,
        "Pretax Income": NaN,
        "Other Income Expense": NaN,
        "Other Non Operating Income Expenses": NaN,
        "Net Non Operating Interest Income Expense": NaN,
        "Interest Income Non Operating": NaN,
        "Operating Income": NaN,
        "Operating Expense": NaN,
        "Research And Development": NaN,
        "Selling General And Administration": NaN,
        "General And Administrative Expense": NaN,
        "Other Gand A": NaN,
        "Total Revenue": NaN,
        "Operating Revenue": NaN
    },
    "2022-09-30": {
        "Tax Effect Of Unusual Items": 0.0,
        "Tax Rate For Calcs": 0.0,
        "Normalized EBITDA": -29211000.0,
        "Net Income From Continuing Operation Net Minority Interest": -30696000.0,
        "Reconciled Depreciation": 2087000.0,
        "EBITDA": -29211000.0,
        "EBIT": -31298000.0,
        "Net Interest Income": 596000.0,
        "Interest Income": 596000.0,
        "Normalized Income": -30696000.0,
        "Net Income From Continuing And Discontinued Operation": -30696000.0,
        "Total Expenses": 31298000.0,
        "Total Operating Income As Reported": -31298000.0,
        "Diluted Average Shares": 41358296.0,
        "Basic Average Shares": 41358296.0,
        "Diluted EPS": -0.74,
        "Basic EPS": -0.74,
        "Diluted NI Availto Com Stockholders": -30696000.0,
        "Net Income Common Stockholders": -30696000.0,
        "Net Income": -30696000.0,
        "Net Income Including Noncontrolling Interests": -30696000.0,
        "Net Income Continuous Operations": -30696000.0,
        "Tax Provision": 0.0,
        "Pretax Income": -30696000.0,
        "Other Income Expense": 6000.0,
        "Other Non Operating Income Expenses": 6000.0,
        "Net Non Operating Interest Income Expense": 596000.0,
        "Interest Income Non Operating": 596000.0,
        "Operating Income": -31298000.0,
        "Operating Expense": 31298000.0,
        "Research And Development": 23758000.0,
        "Selling General And Administration": 7540000.0,
        "General And Administrative Expense": 7540000.0,
        "Other Gand A": 7540000.0,
        "Total Revenue": 0.0,
        "Operating Revenue": 0.0
    },
    "2022-06-30": {
        "Tax Effect Of Unusual Items": 0.0,
        "Tax Rate For Calcs": 0.0,
        "Normalized EBITDA": -27322000.0,
        "Net Income From Continuing Operation Net Minority Interest": -28397000.0,
        "Reconciled Depreciation": 1297000.0,
        "EBITDA": -27322000.0,
        "EBIT": -28619000.0,
        "Net Interest Income": 222000.0,
        "Interest Income": 222000.0,
        "Normalized Income": -28397000.0,
        "Net Income From Continuing And Discontinued Operation": -28397000.0,
        "Total Expenses": 28619000.0,
        "Total Operating Income As Reported": -28619000.0,
        "Diluted Average Shares": 41302157.0,
        "Basic Average Shares": 41302157.0,
        "Diluted EPS": -0.69,
        "Basic EPS": -0.69,
        "Diluted NI Availto Com Stockholders": -28397000.0,
        "Net Income Common Stockholders": -28397000.0,
        "Net Income": -28397000.0,
        "Net Income Including Noncontrolling Interests": -28397000.0,
        "Net Income Continuous Operations": -28397000.0,
        "Tax Provision": 0.0,
        "Pretax Income": -28397000.0,
        "Other Income Expense": NaN,
        "Other Non Operating Income Expenses": NaN,
        "Net Non Operating Interest Income Expense": 222000.0,
        "Interest Income Non Operating": 222000.0,
        "Operating Income": -28619000.0,
        "Operating Expense": 28619000.0,
        "Research And Development": 20876000.0,
        "Selling General And Administration": 7743000.0,
        "General And Administrative Expense": 7743000.0,
        "Other Gand A": 7743000.0,
        "Total Revenue": 0.0,
        "Operating Revenue": 0.0
    },
    "2022-03-31": {
        "Diluted EPS": -0.75,
        "Total Revenue": NaN,
        "Gross Profit": NaN,
        "Operating Income": -31,
        "EBIT": -30,
        "Net Income": -31
    },
    "2021-12-31": {
        "Diluted EPS": 21.77,
        "Total Revenue": NaN,
        "Gross Profit": NaN,
        "Operating Income": -26,
        "EBIT": -25,
        "Net Income": -26
    },
    "2021-09-30": {
        "Diluted EPS": -0.68,
        "Total Revenue": NaN,
        "Gross Profit": NaN,
        "Operating Income": -18,
        "EBIT": -18,
        "Net Income": -18
    },
    "2021-06-30": {
        "Diluted EPS": -13.26,
        "Total Revenue": NaN,
        "Gross Profit": NaN,
        "Operating Income": -15,
        "EBIT": -15,
        "Net Income": -15
    },
    "2021-03-31": {
        "Diluted EPS": -11.93,
        "Total Revenue": NaN,
        "Gross Profit": NaN,
        "Operating Income": -13,
        "EBIT": -12,
        "Net Income": -13
    },
    "2020-12-31": {
        "Diluted EPS": -9.85,
        "Total Revenue": NaN,
        "Gross Profit": NaN,
        "Operating Income": -10,
        "EBIT": -10,
        "Net Income": -10
    },
    "2020-09-30": {
        "Diluted EPS": -10.29,
        "Total Revenue": NaN,
        "Gross Profit": NaN,
        "Operating Income": -10,
        "EBIT": -10,
        "Net Income": -10
    },
    "2020-06-30": {
        "Diluted EPS": -9.21,
        "Total Revenue": NaN,
        "Gross Profit": NaN,
        "Operating Income": -9,
        "EBIT": -8,
        "Net Income": -9
    },
    "2020-03-31": {
        "Diluted EPS": -10.15,
        "Total Revenue": NaN,
        "Gross Profit": NaN,
        "Operating Income": -9,
        "EBIT": -9,
        "Net Income": -9
    },
    "2019-12-31": {
        "Diluted EPS": 0.0,
        "Total Revenue": NaN,
        "Gross Profit": NaN,
        "Operating Income": NaN,
        "EBIT": NaN,
        "Net Income": NaN
    },
    "2023-06-30": {
        "Tax Effect Of Unusual Items": NaN,
        "Tax Rate For Calcs": NaN,
        "Normalized EBITDA": NaN,
        "Net Income From Continuing Operation Net Minority Interest": NaN,
        "Reconciled Depreciation": NaN,
        "EBITDA": NaN,
        "EBIT": NaN,
        "Net Interest Income": NaN,
        "Interest Income": NaN,
        "Normalized Income": NaN,
        "Net Income From Continuing And Discontinued Operation": NaN,
        "Total Expenses": NaN,
        "Total Operating Income As Reported": NaN,
        "Diluted Average Shares": 73399847.0,
        "Basic Average Shares": 73399847.0,
        "Diluted EPS": -0.45,
        "Basic EPS": -0.45,
        "Diluted NI Availto Com Stockholders": NaN,
        "Net Income Common Stockholders": NaN,
        "Net Income": NaN,
        "Net Income Including Noncontrolling Interests": NaN,
        "Net Income Continuous Operations": NaN,
        "Tax Provision": NaN,
        "Pretax Income": NaN,
        "Other Income Expense": NaN,
        "Other Non Operating Income Expenses": NaN,
        "Net Non Operating Interest Income Expense": NaN,
        "Interest Income Non Operating": NaN,
        "Operating Income": NaN,
        "Operating Expense": NaN,
        "Research And Development": NaN,
        "Selling General And Administration": NaN,
        "General And Administrative Expense": NaN,
        "Other Gand A": NaN,
        "Total Revenue": NaN,
        "Operating Revenue": NaN
    },
    "2023-09-30": {
        "Tax Effect Of Unusual Items": NaN,
        "Tax Rate For Calcs": NaN,
        "Normalized EBITDA": NaN,
        "Net Income From Continuing Operation Net Minority Interest": NaN,
        "Reconciled Depreciation": NaN,
        "EBITDA": NaN,
        "EBIT": NaN,
        "Net Interest Income": NaN,
        "Interest Income": NaN,
        "Normalized Income": NaN,
        "Net Income From Continuing And Discontinued Operation": NaN,
        "Total Expenses": NaN,
        "Total Operating Income As Reported": NaN,
        "Diluted Average Shares": 73924937.0,
        "Basic Average Shares": 73924937.0,
        "Diluted EPS": -0.39,
        "Basic EPS": -0.39,
        "Diluted NI Availto Com Stockholders": NaN,
        "Net Income Common Stockholders": NaN,
        "Net Income": NaN,
        "Net Income Including Noncontrolling Interests": NaN,
        "Net Income Continuous Operations": NaN,
        "Tax Provision": NaN,
        "Pretax Income": NaN,
        "Other Income Expense": NaN,
        "Other Non Operating Income Expenses": NaN,
        "Net Non Operating Interest Income Expense": NaN,
        "Interest Income Non Operating": NaN,
        "Operating Income": NaN,
        "Operating Expense": NaN,
        "Research And Development": NaN,
        "Selling General And Administration": NaN,
        "General And Administrative Expense": NaN,
        "Other Gand A": NaN,
        "Total Revenue": NaN,
        "Operating Revenue": NaN
    },
    "2023-12-31": {
        "Tax Effect Of Unusual Items": 0.0,
        "Tax Rate For Calcs": 0.0,
        "Normalized EBITDA": -29265000.0,
        "Net Income From Continuing Operation Net Minority Interest": -29935000.0,
        "Reconciled Depreciation": 2181000.0,
        "EBITDA": -29265000.0,
        "EBIT": -31446000.0,
        "Net Interest Income": 1470000.0,
        "Interest Income": 1470000.0,
        "Normalized Income": -29935000.0,
        "Net Income From Continuing And Discontinued Operation": -29935000.0,
        "Total Expenses": 31446000.0,
        "Total Operating Income As Reported": -31446000.0,
        "Diluted Average Shares": NaN,
        "Basic Average Shares": NaN,
        "Diluted EPS": NaN,
        "Basic EPS": NaN,
        "Diluted NI Availto Com Stockholders": -29935000.0,
        "Net Income Common Stockholders": -29935000.0,
        "Net Income": -29935000.0,
        "Net Income Including Noncontrolling Interests": -29935000.0,
        "Net Income Continuous Operations": -29935000.0,
        "Tax Provision": 0.0,
        "Pretax Income": -29935000.0,
        "Other Income Expense": 41000.0,
        "Other Non Operating Income Expenses": 41000.0,
        "Net Non Operating Interest Income Expense": 1470000.0,
        "Interest Income Non Operating": 1470000.0,
        "Operating Income": -31446000.0,
        "Operating Expense": 31446000.0,
        "Research And Development": 22865000.0,
        "Selling General And Administration": 8581000.0,
        "General And Administrative Expense": 8581000.0,
        "Other Gand A": 8581000.0,
        "Total Revenue": 0.0,
        "Operating Revenue": 0.0
    },
    "2024-03-31": {
        "Tax Effect Of Unusual Items": 0.0,
        "Tax Rate For Calcs": 0.0,
        "Normalized EBITDA": -31607000.0,
        "Net Income From Continuing Operation Net Minority Interest": -32228000.0,
        "Reconciled Depreciation": 2155000.0,
        "EBITDA": -31607000.0,
        "EBIT": -33762000.0,
        "Net Interest Income": 1452000.0,
        "Interest Income": 1452000.0,
        "Normalized Income": -32228000.0,
        "Net Income From Continuing And Discontinued Operation": -32228000.0,
        "Total Expenses": 33762000.0,
        "Total Operating Income As Reported": -33762000.0,
        "Diluted Average Shares": 80982326.0,
        "Basic Average Shares": 80982326.0,
        "Diluted EPS": -0.4,
        "Basic EPS": -0.4,
        "Diluted NI Availto Com Stockholders": -32228000.0,
        "Net Income Common Stockholders": -32228000.0,
        "Net Income": -32228000.0,
        "Net Income Including Noncontrolling Interests": -32228000.0,
        "Net Income Continuous Operations": -32228000.0,
        "Tax Provision": 0.0,
        "Pretax Income": -32228000.0,
        "Other Income Expense": 82000.0,
        "Other Non Operating Income Expenses": 82000.0,
        "Net Non Operating Interest Income Expense": 1452000.0,
        "Interest Income Non Operating": 1452000.0,
        "Operating Income": -33762000.0,
        "Operating Expense": 33762000.0,
        "Research And Development": 25055000.0,
        "Selling General And Administration": 8707000.0,
        "General And Administrative Expense": 8707000.0,
        "Other Gand A": 8707000.0,
        "Total Revenue": 0.0,
        "Operating Revenue": 0.0
    },
    "2024-06-30": {
        "Tax Effect Of Unusual Items": 0.0,
        "Tax Rate For Calcs": 0.0,
        "Normalized EBITDA": -28700000.0,
        "Net Income From Continuing Operation Net Minority Interest": -29431000.0,
        "Reconciled Depreciation": 2123000.0,
        "EBITDA": -28700000.0,
        "EBIT": -30823000.0,
        "Net Interest Income": 1393000.0,
        "Interest Income": 1393000.0,
        "Normalized Income": -29431000.0,
        "Net Income From Continuing And Discontinued Operation": -29431000.0,
        "Total Expenses": 30823000.0,
        "Total Operating Income As Reported": -30823000.0,
        "Diluted Average Shares": 85706501.0,
        "Basic Average Shares": 85706501.0,
        "Diluted EPS": -0.34,
        "Basic EPS": -0.34,
        "Diluted NI Availto Com Stockholders": -29431000.0,
        "Net Income Common Stockholders": -29431000.0,
        "Net Income": -29431000.0,
        "Net Income Including Noncontrolling Interests": -29431000.0,
        "Net Income Continuous Operations": -29431000.0,
        "Tax Provision": 0.0,
        "Pretax Income": -29431000.0,
        "Other Income Expense": -1000.0,
        "Other Non Operating Income Expenses": -1000.0,
        "Net Non Operating Interest Income Expense": 1393000.0,
        "Interest Income Non Operating": 1393000.0,
        "Operating Income": -30823000.0,
        "Operating Expense": 30823000.0,
        "Research And Development": 22649000.0,
        "Selling General And Administration": 8174000.0,
        "General And Administrative Expense": 8174000.0,
        "Other Gand A": 8174000.0,
        "Total Revenue": 0.0,
        "Operating Revenue": 0.0
    },
    "2024-09-30": {
        "Tax Effect Of Unusual Items": 0.0,
        "Tax Rate For Calcs": 0.0,
        "Normalized EBITDA": -24610000.0,
        "Net Income From Continuing Operation Net Minority Interest": -25634000.0,
        "Reconciled Depreciation": 2101000.0,
        "EBITDA": -24610000.0,
        "EBIT": -26711000.0,
        "Net Interest Income": 1080000.0,
        "Interest Income": 1080000.0,
        "Normalized Income": -25634000.0,
        "Net Income From Continuing And Discontinued Operation": -25634000.0,
        "Total Expenses": 26711000.0,
        "Total Operating Income As Reported": -26711000.0,
        "Diluted Average Shares": 86162841.0,
        "Basic Average Shares": 86162841.0,
        "Diluted EPS": -0.3,
        "Basic EPS": -0.3,
        "Diluted NI Availto Com Stockholders": -25634000.0,
        "Net Income Common Stockholders": -25634000.0,
        "Net Income": -25634000.0,
        "Net Income Including Noncontrolling Interests": -25634000.0,
        "Net Income Continuous Operations": -25634000.0,
        "Tax Provision": 0.0,
        "Pretax Income": -25634000.0,
        "Other Income Expense": -3000.0,
        "Other Non Operating Income Expenses": -3000.0,
        "Net Non Operating Interest Income Expense": 1080000.0,
        "Interest Income Non Operating": 1080000.0,
        "Operating Income": -26711000.0,
        "Operating Expense": 26711000.0,
        "Research And Development": 20350000.0,
        "Selling General And Administration": 6361000.0,
        "General And Administrative Expense": 6361000.0,
        "Other Gand A": 6361000.0,
        "Total Revenue": 0.0,
        "Operating Revenue": 0.0
    },
    "2024-12-31": {
        "Tax Effect Of Unusual Items": 0.0,
        "Tax Rate For Calcs": 0.0,
        "Normalized EBITDA": -22563000.0,
        "Net Income From Continuing Operation Net Minority Interest": -23836000.0,
        "Reconciled Depreciation": 2089000.0,
        "EBITDA": -22563000.0,
        "EBIT": -24652000.0,
        "Net Interest Income": 812000.0,
        "Interest Income": 812000.0,
        "Normalized Income": -23836000.0,
        "Net Income From Continuing And Discontinued Operation": -23836000.0,
        "Total Expenses": 24652000.0,
        "Total Operating Income As Reported": -24652000.0,
        "Diluted Average Shares": 86406072.0,
        "Basic Average Shares": 86406072.0,
        "Diluted EPS": -0.28,
        "Basic EPS": -0.28,
        "Diluted NI Availto Com Stockholders": -23836000.0,
        "Net Income Common Stockholders": -23836000.0,
        "Net Income": -23836000.0,
        "Net Income Including Noncontrolling Interests": -23836000.0,
        "Net Income Continuous Operations": -23836000.0,
        "Tax Provision": 0.0,
        "Pretax Income": -23836000.0,
        "Other Income Expense": 4000.0,
        "Other Non Operating Income Expenses": 4000.0,
        "Net Non Operating Interest Income Expense": 812000.0,
        "Interest Income Non Operating": 812000.0,
        "Operating Income": -24652000.0,
        "Operating Expense": 24652000.0,
        "Research And Development": 18688000.0,
        "Selling General And Administration": 5964000.0,
        "General And Administrative Expense": 5964000.0,
        "Other Gand A": 5964000.0,
        "Total Revenue": 0.0,
        "Operating Revenue": 0.0
    },
    "2025-03-31": {
        "Tax Effect Of Unusual Items": 0.0,
        "Tax Rate For Calcs": 0.0,
        "Normalized EBITDA": -24877000.0,
        "Net Income From Continuing Operation Net Minority Interest": -26864000.0,
        "Reconciled Depreciation": 2661000.0,
        "EBITDA": -24877000.0,
        "EBIT": -27538000.0,
        "Net Interest Income": 635000.0,
        "Interest Income": 635000.0,
        "Normalized Income": -26864000.0,
        "Net Income From Continuing And Discontinued Operation": -26864000.0,
        "Total Expenses": 27538000.0,
        "Total Operating Income As Reported": -27538000.0,
        "Diluted Average Shares": 109869278.0,
        "Basic Average Shares": 109869278.0,
        "Diluted EPS": -0.24,
        "Basic EPS": -0.24,
        "Diluted NI Availto Com Stockholders": -26864000.0,
        "Net Income Common Stockholders": -26864000.0,
        "Net Income": -26864000.0,
        "Net Income Including Noncontrolling Interests": -26864000.0,
        "Net Income Continuous Operations": -26864000.0,
        "Tax Provision": 0.0,
        "Pretax Income": -26864000.0,
        "Other Income Expense": 39000.0,
        "Other Non Operating Income Expenses": 39000.0,
        "Net Non Operating Interest Income Expense": 635000.0,
        "Interest Income Non Operating": 635000.0,
        "Operating Income": -27538000.0,
        "Operating Expense": 27538000.0,
        "Research And Development": 21076000.0,
        "Selling General And Administration": 6462000.0,
        "General And Administrative Expense": 6462000.0,
        "Other Gand A": 6462000.0,
        "Total Revenue": 0.0,
        "Operating Revenue": 0.0
    },
    "2025-06-30": {
        "Tax Effect Of Unusual Items": 0.0,
        "Tax Rate For Calcs": 0.0,
        "Normalized EBITDA": -21998000.0,
        "Net Income From Continuing Operation Net Minority Interest": -23283000.0,
        "Reconciled Depreciation": 2084000.0,
        "EBITDA": -21998000.0,
        "EBIT": -24082000.0,
        "Net Interest Income": 815000.0,
        "Interest Income": 815000.0,
        "Normalized Income": -23283000.0,
        "Net Income From Continuing And Discontinued Operation": -23283000.0,
        "Total Expenses": 24082000.0,
        "Total Operating Income As Reported": -24082000.0,
        "Diluted Average Shares": 162791579.0,
        "Basic Average Shares": 162791579.0,
        "Diluted EPS": -0.14,
        "Basic EPS": -0.14,
        "Diluted NI Availto Com Stockholders": -23283000.0,
        "Net Income Common Stockholders": -23283000.0,
        "Net Income": -23283000.0,
        "Net Income Including Noncontrolling Interests": -23283000.0,
        "Net Income Continuous Operations": -23283000.0,
        "Tax Provision": 0.0,
        "Pretax Income": -23283000.0,
        "Other Income Expense": -16000.0,
        "Other Non Operating Income Expenses": -16000.0,
        "Net Non Operating Interest Income Expense": 815000.0,
        "Interest Income Non Operating": 815000.0,
        "Operating Income": -24082000.0,
        "Operating Expense": 24082000.0,
        "Research And Development": 17370000.0,
        "Selling General And Administration": 6712000.0,
        "General And Administrative Expense": 6712000.0,
        "Other Gand A": 6712000.0,
        "Total Revenue": 0.0,
        "Operating Revenue": 0.0
    },
    "2025-09-30": {
        "Tax Effect Of Unusual Items": 0.0,
        "Tax Rate For Calcs": 0.0,
        "Normalized EBITDA": -19072000.0,
        "Net Income From Continuing Operation Net Minority Interest": -20275000.0,
        "Reconciled Depreciation": 1864000.0,
        "EBITDA": -19072000.0,
        "EBIT": -20936000.0,
        "Net Interest Income": 658000.0,
        "Interest Income": 658000.0,
        "Normalized Income": -20275000.0,
        "Net Income From Continuing And Discontinued Operation": -20275000.0,
        "Total Expenses": 20936000.0,
        "Total Operating Income As Reported": -20936000.0,
        "Diluted Average Shares": 163345972.0,
        "Basic Average Shares": 163345972.0,
        "Diluted EPS": -0.12,
        "Basic EPS": -0.12,
        "Diluted NI Availto Com Stockholders": -20275000.0,
        "Net Income Common Stockholders": -20275000.0,
        "Net Income": -20275000.0,
        "Net Income Including Noncontrolling Interests": -20275000.0,
        "Net Income Continuous Operations": -20275000.0,
        "Tax Provision": 0.0,
        "Pretax Income": -20275000.0,
        "Other Income Expense": 3000.0,
        "Other Non Operating Income Expenses": 3000.0,
        "Net Non Operating Interest Income Expense": 658000.0,
        "Interest Income Non Operating": 658000.0,
        "Operating Income": -20936000.0,
        "Operating Expense": 20936000.0,
        "Research And Development": 15363000.0,
        "Selling General And Administration": 5573000.0,
        "General And Administrative Expense": 5573000.0,
        "Other Gand A": 5573000.0,
        "Total Revenue": 0.0,
        "Operating Revenue": 0.0
    }
}