{
    "2023-03-31": {
        "Tax Effect Of Unusual Items": NaN,
        "Tax Rate For Calcs": NaN,
        "Normalized EBITDA": NaN,
        "Net Income From Continuing Operation Net Minority Interest": NaN,
        "Reconciled Depreciation": NaN,
        "Reconciled Cost Of Revenue": NaN,
        "EBITDA": NaN,
        "EBIT": NaN,
        "Net Interest Income": NaN,
        "Interest Expense": 0.0,
        "Interest Income": NaN,
        "Normalized Income": NaN,
        "Net Income From Continuing And Discontinued Operation": NaN,
        "Total Expenses": NaN,
        "Total Operating Income As Reported": NaN,
        "Diluted Average Shares": 19806622.0,
        "Basic Average Shares": 19806622.0,
        "Diluted EPS": -0.06,
        "Basic EPS": -0.06,
        "Diluted NI Availto Com Stockholders": NaN,
        "Net Income Common Stockholders": NaN,
        "Net Income": NaN,
        "Net Income Including Noncontrolling Interests": NaN,
        "Net Income Continuous Operations": NaN,
        "Tax Provision": NaN,
        "Pretax Income": NaN,
        "Net Non Operating Interest Income Expense": NaN,
        "Interest Expense Non Operating": 0.0,
        "Interest Income Non Operating": NaN,
        "Operating Income": NaN,
        "Operating Expense": NaN,
        "Depreciation Amortization Depletion Income Statement": NaN,
        "Depreciation And Amortization In Income Statement": NaN,
        "Research And Development": NaN,
        "Selling General And Administration": NaN,
        "Selling And Marketing Expense": NaN,
        "General And Administrative Expense": NaN,
        "Other Gand A": NaN,
        "Gross Profit": NaN,
        "Cost Of Revenue": NaN,
        "Total Revenue": NaN,
        "Operating Revenue": NaN
    },
    "2022-12-31": {
        "Tax Effect Of Unusual Items": NaN,
        "Tax Rate For Calcs": NaN,
        "Normalized EBITDA": NaN,
        "Total Unusual Items": 0.0,
        "Total Unusual Items Excluding Goodwill": 0.0,
        "Net Income From Continuing Operation Net Minority Interest": NaN,
        "Reconciled Depreciation": NaN,
        "Reconciled Cost Of Revenue": NaN,
        "EBITDA": NaN,
        "EBIT": NaN,
        "Net Interest Income": NaN,
        "Interest Expense": 0.0,
        "Interest Income": NaN,
        "Normalized Income": NaN,
        "Net Income From Continuing And Discontinued Operation": NaN,
        "Total Expenses": NaN,
        "Total Operating Income As Reported": NaN,
        "Diluted Average Shares": NaN,
        "Basic Average Shares": NaN,
        "Diluted EPS": NaN,
        "Basic EPS": NaN,
        "Diluted NI Availto Com Stockholders": NaN,
        "Net Income Common Stockholders": NaN,
        "Net Income": NaN,
        "Net Income Including Noncontrolling Interests": NaN,
        "Net Income Continuous Operations": NaN,
        "Tax Provision": NaN,
        "Pretax Income": NaN,
        "Special Income Charges": 0.0,
        "Net Non Operating Interest Income Expense": NaN,
        "Interest Expense Non Operating": 0.0,
        "Interest Income Non Operating": NaN,
        "Operating Income": NaN,
        "Operating Expense": NaN,
        "Depreciation Amortization Depletion Income Statement": NaN,
        "Depreciation And Amortization In Income Statement": NaN,
        "Research And Development": NaN,
        "Selling General And Administration": NaN,
        "Selling And Marketing Expense": NaN,
        "General And Administrative Expense": NaN,
        "Other Gand A": NaN,
        "Gross Profit": NaN,
        "Cost Of Revenue": NaN,
        "Total Revenue": NaN,
        "Operating Revenue": NaN
    },
    "2022-09-30": {
        "Tax Effect Of Unusual Items": NaN,
        "Tax Rate For Calcs": NaN,
        "Normalized EBITDA": NaN,
        "Total Unusual Items": 0.0,
        "Total Unusual Items Excluding Goodwill": 0.0,
        "Net Income From Continuing Operation Net Minority Interest": NaN,
        "Reconciled Depreciation": NaN,
        "Reconciled Cost Of Revenue": NaN,
        "EBITDA": NaN,
        "EBIT": NaN,
        "Net Interest Income": NaN,
        "Interest Expense": 0.0,
        "Interest Income": NaN,
        "Normalized Income": NaN,
        "Net Income From Continuing And Discontinued Operation": NaN,
        "Total Expenses": NaN,
        "Total Operating Income As Reported": NaN,
        "Diluted Average Shares": NaN,
        "Basic Average Shares": NaN,
        "Diluted EPS": NaN,
        "Basic EPS": NaN,
        "Diluted NI Availto Com Stockholders": NaN,
        "Net Income Common Stockholders": NaN,
        "Net Income": NaN,
        "Net Income Including Noncontrolling Interests": NaN,
        "Net Income Continuous Operations": NaN,
        "Tax Provision": NaN,
        "Pretax Income": NaN,
        "Special Income Charges": 0.0,
        "Net Non Operating Interest Income Expense": NaN,
        "Interest Expense Non Operating": 0.0,
        "Interest Income Non Operating": NaN,
        "Operating Income": NaN,
        "Operating Expense": NaN,
        "Depreciation Amortization Depletion Income Statement": NaN,
        "Depreciation And Amortization In Income Statement": NaN,
        "Research And Development": NaN,
        "Selling General And Administration": NaN,
        "Selling And Marketing Expense": NaN,
        "General And Administrative Expense": NaN,
        "Other Gand A": NaN,
        "Gross Profit": NaN,
        "Cost Of Revenue": NaN,
        "Total Revenue": NaN,
        "Operating Revenue": NaN
    },
    "2022-06-30": {
        "Tax Effect Of Unusual Items": 0.0,
        "Tax Rate For Calcs": 0.0,
        "Normalized EBITDA": -740304.0,
        "Total Unusual Items": 0.0,
        "Total Unusual Items Excluding Goodwill": 0.0,
        "Net Income From Continuing Operation Net Minority Interest": -862382.0,
        "Reconciled Depreciation": 122078.0,
        "Reconciled Cost Of Revenue": 497776.0,
        "EBITDA": -740304.0,
        "EBIT": -862382.0,
        "Net Interest Income": 335.0,
        "Interest Expense": 0.0,
        "Interest Income": 335.0,
        "Normalized Income": -862382.0,
        "Net Income From Continuing And Discontinued Operation": -862382.0,
        "Total Expenses": 2321112.0,
        "Total Operating Income As Reported": -862717.0,
        "Diluted Average Shares": 19717919.0,
        "Basic Average Shares": 19717919.0,
        "Diluted EPS": -0.04,
        "Basic EPS": -0.04,
        "Diluted NI Availto Com Stockholders": -862382.0,
        "Net Income Common Stockholders": -862382.0,
        "Net Income": -862382.0,
        "Net Income Including Noncontrolling Interests": -862382.0,
        "Net Income Continuous Operations": -862382.0,
        "Tax Provision": 0.0,
        "Pretax Income": -862382.0,
        "Special Income Charges": 0.0,
        "Net Non Operating Interest Income Expense": 335.0,
        "Interest Expense Non Operating": 0.0,
        "Interest Income Non Operating": 335.0,
        "Operating Income": -862717.0,
        "Operating Expense": 1784009.0,
        "Depreciation Amortization Depletion Income Statement": 82751.0,
        "Depreciation And Amortization In Income Statement": 82751.0,
        "Amortization": 3628.0,
        "Amortization Of Intangibles Income Statement": 3628.0,
        "Depreciation Income Statement": 79123.0,
        "Research And Development": 99350.0,
        "Selling General And Administration": 1601908.0,
        "Selling And Marketing Expense": 565945.0,
        "General And Administrative Expense": 1035963.0,
        "Other Gand A": 1035963.0,
        "Gross Profit": 921292.0,
        "Cost Of Revenue": 537103.0,
        "Total Revenue": 1458395.0,
        "Operating Revenue": 1458395.0
    },
    "2022-03-31": {
        "Diluted EPS": -0.03,
        "Total Revenue": 2,
        "Gross Profit": 1,
        "Operating Income": -1,
        "EBIT": -1,
        "Net Income": -1
    },
    "2021-12-31": {
        "Diluted EPS": -0.08,
        "Total Revenue": 2,
        "Gross Profit": 1,
        "Operating Income": -2,
        "EBIT": -2,
        "Net Income": -2
    },
    "2021-09-30": {
        "Diluted EPS": -0.03,
        "Total Revenue": 2,
        "Gross Profit": 1,
        "Operating Income": 0,
        "EBIT": 0,
        "Net Income": 0
    },
    "2021-06-30": {
        "Diluted EPS": -0.05,
        "Total Revenue": 1,
        "Gross Profit": 1,
        "Operating Income": -1,
        "EBIT": -1,
        "Net Income": -1
    },
    "2021-03-31": {
        "Diluted EPS": -0.09,
        "Total Revenue": 2,
        "Gross Profit": 1,
        "Operating Income": -2,
        "EBIT": -1,
        "Net Income": -2
    },
    "2020-12-31": {
        "Diluted EPS": -0.16,
        "Total Revenue": 4,
        "Gross Profit": 2,
        "Operating Income": -3,
        "EBIT": -3,
        "Net Income": -3
    },
    "2020-09-30": {
        "Diluted EPS": 0.05,
        "Total Revenue": 4,
        "Gross Profit": 3,
        "Operating Income": 1,
        "EBIT": 1,
        "Net Income": 1
    },
    "2020-06-30": {
        "Diluted EPS": 0.2,
        "Total Revenue": 10,
        "Gross Profit": 6,
        "Operating Income": 4,
        "EBIT": 4,
        "Net Income": 4
    },
    "2020-03-31": {
        "Diluted EPS": 0.14,
        "Total Revenue": 7,
        "Gross Profit": 4,
        "Operating Income": 3,
        "EBIT": 3,
        "Net Income": 3
    },
    "2019-12-31": {
        "Diluted EPS": -0.12,
        "Total Revenue": 2,
        "Gross Profit": 1,
        "Operating Income": 0,
        "EBIT": 0,
        "Net Income": -1
    },
    "2019-09-30": {
        "Diluted EPS": -0.02,
        "Total Revenue": 2,
        "Gross Profit": 1,
        "Operating Income": 0,
        "EBIT": 0,
        "Net Income": 0
    },
    "2019-06-30": {
        "Diluted EPS": 0.0,
        "Total Revenue": 2,
        "Gross Profit": 1,
        "Operating Income": -1,
        "EBIT": 0,
        "Net Income": -1
    },
    "2019-03-31": {
        "Diluted EPS": -0.01,
        "Total Revenue": 1,
        "Gross Profit": 1,
        "Operating Income": -1,
        "EBIT": -1,
        "Net Income": -1
    },
    "2018-12-31": {
        "Diluted EPS": -0.02,
        "Total Revenue": 1,
        "Gross Profit": 1,
        "Operating Income": -1,
        "EBIT": -1,
        "Net Income": -1
    },
    "2018-09-30": {
        "Diluted EPS": 0.0,
        "Total Revenue": 2,
        "Gross Profit": 1,
        "Operating Income": 0,
        "EBIT": 0,
        "Net Income": 0
    },
    "2018-06-30": {
        "Diluted EPS": -0.01,
        "Total Revenue": 1,
        "Gross Profit": 1,
        "Operating Income": -1,
        "EBIT": -1,
        "Net Income": -1
    },
    "2018-03-31": {
        "Diluted EPS": 0.0,
        "Total Revenue": 1,
        "Gross Profit": 1,
        "Operating Income": 0,
        "EBIT": 0,
        "Net Income": -1
    },
    "2017-12-31": {
        "Diluted EPS": -0.01,
        "Total Revenue": 1,
        "Gross Profit": 1,
        "Operating Income": -1,
        "EBIT": -1,
        "Net Income": -1
    },
    "2017-09-30": {
        "Diluted EPS": 0.0,
        "Total Revenue": 1,
        "Gross Profit": 1,
        "Operating Income": 0,
        "EBIT": 0,
        "Net Income": 0
    },
    "2017-06-30": {
        "Diluted EPS": -0.01,
        "Total Revenue": 1,
        "Gross Profit": 1,
        "Operating Income": -1,
        "EBIT": -1,
        "Net Income": -1
    },
    "2017-03-31": {
        "Diluted EPS": -0.01,
        "Total Revenue": 1,
        "Gross Profit": 1,
        "Operating Income": -1,
        "EBIT": 0,
        "Net Income": -1
    },
    "2016-12-31": {
        "Diluted EPS": -0.01,
        "Total Revenue": 2,
        "Gross Profit": 1,
        "Operating Income": -1,
        "EBIT": 0,
        "Net Income": -1
    },
    "2016-09-30": {
        "Diluted EPS": -0.01,
        "Total Revenue": 1,
        "Gross Profit": 1,
        "Operating Income": -1,
        "EBIT": -1,
        "Net Income": -1
    },
    "2016-06-30": {
        "Diluted EPS": 0.0,
        "Total Revenue": 2,
        "Gross Profit": 1,
        "Operating Income": -1,
        "EBIT": -1,
        "Net Income": -1
    },
    "2016-03-31": {
        "Diluted EPS": -0.01,
        "Total Revenue": 2,
        "Gross Profit": 1,
        "Operating Income": -1,
        "EBIT": -1,
        "Net Income": -1
    },
    "2015-12-31": {
        "Diluted EPS": 0.01,
        "Total Revenue": 2,
        "Gross Profit": 1,
        "Operating Income": 0,
        "EBIT": 0,
        "Net Income": 0
    },
    "2015-09-30": {
        "Diluted EPS": 0.0,
        "Total Revenue": 1,
        "Gross Profit": 1,
        "Operating Income": -1,
        "EBIT": 0,
        "Net Income": -1
    },
    "2015-06-30": {
        "Diluted EPS": -0.08,
        "Total Revenue": 1,
        "Gross Profit": 0,
        "Operating Income": -2,
        "EBIT": 1,
        "Net Income": -7
    },
    "2015-03-31": {
        "Diluted EPS": -0.05,
        "Total Revenue": 1,
        "Gross Profit": 0,
        "Operating Income": 0,
        "EBIT": 1,
        "Net Income": -4
    },
    "2014-12-31": {
        "Diluted EPS": 0.02,
        "Total Revenue": 1,
        "Gross Profit": 1,
        "Operating Income": 0,
        "EBIT": 1,
        "Net Income": 1
    },
    "2014-09-30": {
        "Diluted EPS": -0.02,
        "Total Revenue": 1,
        "Gross Profit": 0,
        "Operating Income": -1,
        "EBIT": -1,
        "Net Income": -1
    },
    "2014-06-30": {
        "Diluted EPS": 0.0,
        "Total Revenue": 0,
        "Gross Profit": 0,
        "Operating Income": -1,
        "EBIT": 0,
        "Net Income": 0
    },
    "2014-03-31": {
        "Diluted EPS": 0.0,
        "Total Revenue": 0,
        "Gross Profit": 0,
        "Operating Income": -2,
        "EBIT": -1,
        "Net Income": 0
    },
    "2013-12-31": {
        "Diluted EPS": 0.0,
        "Total Revenue": NaN,
        "Gross Profit": NaN,
        "Operating Income": NaN,
        "EBIT": NaN,
        "Net Income": NaN
    },
    "2023-06-30": {
        "Tax Effect Of Unusual Items": NaN,
        "Tax Rate For Calcs": NaN,
        "Normalized EBITDA": NaN,
        "Net Income From Continuing Operation Net Minority Interest": NaN,
        "Reconciled Depreciation": NaN,
        "Reconciled Cost Of Revenue": NaN,
        "EBITDA": NaN,
        "EBIT": NaN,
        "Net Interest Income": NaN,
        "Interest Expense": 0.0,
        "Interest Income": NaN,
        "Normalized Income": NaN,
        "Net Income From Continuing And Discontinued Operation": NaN,
        "Total Expenses": NaN,
        "Total Operating Income As Reported": NaN,
        "Diluted Average Shares": 19823955.0,
        "Basic Average Shares": 19823955.0,
        "Diluted EPS": -0.004469,
        "Basic EPS": -0.004469,
        "Diluted NI Availto Com Stockholders": NaN,
        "Net Income Common Stockholders": NaN,
        "Net Income": NaN,
        "Net Income Including Noncontrolling Interests": NaN,
        "Net Income Continuous Operations": NaN,
        "Tax Provision": NaN,
        "Pretax Income": NaN,
        "Net Non Operating Interest Income Expense": NaN,
        "Interest Expense Non Operating": 0.0,
        "Interest Income Non Operating": NaN,
        "Operating Income": NaN,
        "Operating Expense": NaN,
        "Depreciation Amortization Depletion Income Statement": NaN,
        "Depreciation And Amortization In Income Statement": NaN,
        "Research And Development": NaN,
        "Selling General And Administration": NaN,
        "Selling And Marketing Expense": NaN,
        "General And Administrative Expense": NaN,
        "Other Gand A": NaN,
        "Gross Profit": NaN,
        "Cost Of Revenue": NaN,
        "Total Revenue": NaN,
        "Operating Revenue": NaN
    },
    "2023-09-30": {
        "Tax Effect Of Unusual Items": NaN,
        "Tax Rate For Calcs": NaN,
        "Normalized EBITDA": NaN,
        "Net Income From Continuing Operation Net Minority Interest": NaN,
        "Reconciled Depreciation": NaN,
        "Reconciled Cost Of Revenue": NaN,
        "EBITDA": NaN,
        "EBIT": NaN,
        "Net Interest Income": NaN,
        "Interest Expense": 0.0,
        "Interest Income": NaN,
        "Normalized Income": NaN,
        "Net Income From Continuing And Discontinued Operation": NaN,
        "Total Expenses": NaN,
        "Total Operating Income As Reported": NaN,
        "Diluted Average Shares": 19823955.0,
        "Basic Average Shares": 19823955.0,
        "Diluted EPS": -0.05,
        "Basic EPS": -0.05,
        "Diluted NI Availto Com Stockholders": NaN,
        "Net Income Common Stockholders": NaN,
        "Net Income": NaN,
        "Net Income Including Noncontrolling Interests": NaN,
        "Net Income Continuous Operations": NaN,
        "Tax Provision": NaN,
        "Pretax Income": NaN,
        "Net Non Operating Interest Income Expense": NaN,
        "Interest Expense Non Operating": 0.0,
        "Interest Income Non Operating": NaN,
        "Operating Income": NaN,
        "Operating Expense": NaN,
        "Depreciation Amortization Depletion Income Statement": NaN,
        "Depreciation And Amortization In Income Statement": NaN,
        "Research And Development": NaN,
        "Selling General And Administration": NaN,
        "Selling And Marketing Expense": NaN,
        "General And Administrative Expense": NaN,
        "Other Gand A": NaN,
        "Gross Profit": NaN,
        "Cost Of Revenue": NaN,
        "Total Revenue": NaN,
        "Operating Revenue": NaN
    },
    "2023-12-31": {
        "Tax Effect Of Unusual Items": 0.0,
        "Tax Rate For Calcs": 0.0,
        "Normalized EBITDA": -1026424.0,
        "Net Income From Continuing Operation Net Minority Interest": -1225734.0,
        "Reconciled Depreciation": 132741.0,
        "Reconciled Cost Of Revenue": 649257.0,
        "EBITDA": -1026424.0,
        "EBIT": -1159165.0,
        "Net Interest Income": -52579.0,
        "Interest Expense": NaN,
        "Interest Income": 10726.0,
        "Normalized Income": -1225734.0,
        "Net Income From Continuing And Discontinued Operation": -1225734.0,
        "Total Expenses": 2698829.0,
        "Total Operating Income As Reported": -1171155.0,
        "Diluted Average Shares": NaN,
        "Basic Average Shares": NaN,
        "Diluted EPS": NaN,
        "Basic EPS": NaN,
        "Diluted NI Availto Com Stockholders": -1225734.0,
        "Net Income Common Stockholders": -1225734.0,
        "Net Income": -1225734.0,
        "Net Income Including Noncontrolling Interests": -1223734.0,
        "Net Income Continuous Operations": -1223734.0,
        "Tax Provision": 0.0,
        "Pretax Income": -1223734.0,
        "Net Non Operating Interest Income Expense": -52579.0,
        "Interest Expense Non Operating": NaN,
        "Interest Income Non Operating": 10726.0,
        "Operating Income": -1171155.0,
        "Operating Expense": 2010243.0,
        "Depreciation Amortization Depletion Income Statement": 93412.0,
        "Depreciation And Amortization In Income Statement": 93412.0,
        "Research And Development": 271211.0,
        "Selling General And Administration": 1645620.0,
        "Selling And Marketing Expense": 190713.0,
        "General And Administrative Expense": 1454907.0,
        "Other Gand A": 1454907.0,
        "Gross Profit": 839088.0,
        "Cost Of Revenue": 688586.0,
        "Total Revenue": 1527674.0,
        "Operating Revenue": 1527674.0
    },
    "2024-03-31": {
        "Tax Effect Of Unusual Items": 0.0,
        "Tax Rate For Calcs": 0.0,
        "Normalized EBITDA": -1099320.0,
        "Net Income From Continuing Operation Net Minority Interest": -1310190.0,
        "Reconciled Depreciation": 117250.0,
        "Reconciled Cost Of Revenue": 404090.0,
        "EBITDA": -1099320.0,
        "EBIT": -1216570.0,
        "Net Interest Income": -83714.0,
        "Interest Expense": 93620.0,
        "Interest Income": 9906.0,
        "Normalized Income": -1310190.0,
        "Net Income From Continuing And Discontinued Operation": -1310190.0,
        "Total Expenses": 2340563.0,
        "Total Operating Income As Reported": -1226476.0,
        "Diluted Average Shares": 19954511.0,
        "Basic Average Shares": 19954511.0,
        "Diluted EPS": -0.07,
        "Basic EPS": -0.07,
        "Diluted NI Availto Com Stockholders": -1310190.0,
        "Net Income Common Stockholders": -1310190.0,
        "Net Income": -1310190.0,
        "Net Income Including Noncontrolling Interests": -1310190.0,
        "Net Income Continuous Operations": -1310190.0,
        "Tax Provision": 0.0,
        "Pretax Income": -1310190.0,
        "Net Non Operating Interest Income Expense": -83714.0,
        "Interest Expense Non Operating": 93620.0,
        "Interest Income Non Operating": 9906.0,
        "Operating Income": -1226476.0,
        "Operating Expense": 1897144.0,
        "Depreciation Amortization Depletion Income Statement": 77921.0,
        "Depreciation And Amortization In Income Statement": 77921.0,
        "Research And Development": 67971.0,
        "Selling General And Administration": 1751252.0,
        "Selling And Marketing Expense": 289069.0,
        "General And Administrative Expense": 1462183.0,
        "Other Gand A": 1462183.0,
        "Gross Profit": 670668.0,
        "Cost Of Revenue": 443419.0,
        "Total Revenue": 1114087.0,
        "Operating Revenue": 1114087.0
    },
    "2024-06-30": {
        "Tax Effect Of Unusual Items": 0.0,
        "Tax Rate For Calcs": 0.0,
        "Normalized EBITDA": 239539.0,
        "Net Income From Continuing Operation Net Minority Interest": 30198.0,
        "Reconciled Depreciation": 115882.0,
        "Reconciled Cost Of Revenue": 1119548.0,
        "EBITDA": 239539.0,
        "EBIT": 123657.0,
        "Net Interest Income": -91614.0,
        "Interest Expense": 93459.0,
        "Interest Income": 1845.0,
        "Normalized Income": 30198.0,
        "Net Income From Continuing And Discontinued Operation": 30198.0,
        "Total Expenses": 2891580.0,
        "Total Operating Income As Reported": 121812.0,
        "Diluted Average Shares": 22133562.0,
        "Basic Average Shares": 19984875.0,
        "Diluted EPS": 0.001364,
        "Basic EPS": 0.001511,
        "Diluted NI Availto Com Stockholders": 30198.0,
        "Net Income Common Stockholders": 30198.0,
        "Net Income": 30198.0,
        "Net Income Including Noncontrolling Interests": 30198.0,
        "Net Income Continuous Operations": 30198.0,
        "Tax Provision": 0.0,
        "Pretax Income": 30198.0,
        "Net Non Operating Interest Income Expense": -91614.0,
        "Interest Expense Non Operating": 93459.0,
        "Interest Income Non Operating": 1845.0,
        "Operating Income": 121812.0,
        "Operating Expense": 1732704.0,
        "Depreciation Amortization Depletion Income Statement": 76554.0,
        "Depreciation And Amortization In Income Statement": 76554.0,
        "Research And Development": 61614.0,
        "Selling General And Administration": 1594536.0,
        "Selling And Marketing Expense": 366265.0,
        "General And Administrative Expense": 1228271.0,
        "Other Gand A": 1228271.0,
        "Gross Profit": 1854516.0,
        "Cost Of Revenue": 1158876.0,
        "Total Revenue": 3013392.0,
        "Operating Revenue": 3013392.0
    },
    "2024-09-30": {
        "Tax Effect Of Unusual Items": 0.0,
        "Tax Rate For Calcs": 0.0,
        "Normalized EBITDA": 261820.0,
        "Net Income From Continuing Operation Net Minority Interest": 58962.0,
        "Reconciled Depreciation": 109238.0,
        "Reconciled Cost Of Revenue": 941795.0,
        "EBITDA": 261820.0,
        "EBIT": 152582.0,
        "Net Interest Income": -90140.0,
        "Interest Expense": 93620.0,
        "Interest Income": 3480.0,
        "Normalized Income": 58962.0,
        "Net Income From Continuing And Discontinued Operation": 58962.0,
        "Total Expenses": 2393149.0,
        "Total Operating Income As Reported": 149102.0,
        "Diluted Average Shares": 20096751.0,
        "Basic Average Shares": 20015205.0,
        "Diluted EPS": 0.002934,
        "Basic EPS": 0.002946,
        "Diluted NI Availto Com Stockholders": 58962.0,
        "Net Income Common Stockholders": 58962.0,
        "Net Income": 58962.0,
        "Net Income Including Noncontrolling Interests": 58962.0,
        "Net Income Continuous Operations": 58962.0,
        "Tax Provision": 0.0,
        "Pretax Income": 58962.0,
        "Net Non Operating Interest Income Expense": -90140.0,
        "Interest Expense Non Operating": 93620.0,
        "Interest Income Non Operating": 3480.0,
        "Operating Income": 149102.0,
        "Operating Expense": 1412025.0,
        "Depreciation Amortization Depletion Income Statement": 69909.0,
        "Depreciation And Amortization In Income Statement": 69909.0,
        "Research And Development": 56338.0,
        "Selling General And Administration": 1285778.0,
        "Selling And Marketing Expense": 226593.0,
        "General And Administrative Expense": 1059185.0,
        "Other Gand A": 1059185.0,
        "Gross Profit": 1561127.0,
        "Cost Of Revenue": 981124.0,
        "Total Revenue": 2542251.0,
        "Operating Revenue": 2542251.0
    },
    "2024-12-31": {
        "Tax Effect Of Unusual Items": 0.0,
        "Tax Rate For Calcs": 0.0,
        "Normalized EBITDA": -3035459.0,
        "Net Income From Continuing Operation Net Minority Interest": -3255732.0,
        "Reconciled Depreciation": 111481.0,
        "Reconciled Cost Of Revenue": 1559016.0,
        "EBITDA": -3035459.0,
        "EBIT": -3146940.0,
        "Net Interest Income": -106534.0,
        "Interest Expense": 108792.0,
        "Interest Income": 2258.0,
        "Normalized Income": -3255732.0,
        "Net Income From Continuing And Discontinued Operation": -3255732.0,
        "Total Expenses": 4218310.0,
        "Total Operating Income As Reported": -3149198.0,
        "Diluted Average Shares": 20015205.0,
        "Basic Average Shares": 20015205.0,
        "Diluted EPS": -0.16,
        "Basic EPS": -0.16,
        "Diluted NI Availto Com Stockholders": -3255732.0,
        "Net Income Common Stockholders": -3255732.0,
        "Net Income": -3255732.0,
        "Net Income Including Noncontrolling Interests": -3255732.0,
        "Net Income Continuous Operations": -3255732.0,
        "Tax Provision": 0.0,
        "Pretax Income": -3255732.0,
        "Net Non Operating Interest Income Expense": -106534.0,
        "Interest Expense Non Operating": 108792.0,
        "Interest Income Non Operating": 2258.0,
        "Operating Income": -3149198.0,
        "Operating Expense": 2619965.0,
        "Depreciation Amortization Depletion Income Statement": 72152.0,
        "Depreciation And Amortization In Income Statement": 72152.0,
        "Research And Development": 104760.0,
        "Selling General And Administration": 2443053.0,
        "Selling And Marketing Expense": 246475.0,
        "General And Administrative Expense": 2196578.0,
        "Other Gand A": 2196578.0,
        "Gross Profit": -529233.0,
        "Cost Of Revenue": 1598345.0,
        "Total Revenue": 1069112.0,
        "Operating Revenue": 1069112.0
    }
}