{
    "2023-03-31": {
        "Tax Effect Of Unusual Items": NaN,
        "Tax Rate For Calcs": NaN,
        "Normalized EBITDA": NaN,
        "Total Unusual Items": NaN,
        "Total Unusual Items Excluding Goodwill": NaN,
        "Net Income From Continuing Operation Net Minority Interest": NaN,
        "Reconciled Depreciation": NaN,
        "Reconciled Cost Of Revenue": NaN,
        "EBITDA": NaN,
        "EBIT": NaN,
        "Net Interest Income": NaN,
        "Interest Expense": NaN,
        "Interest Income": NaN,
        "Normalized Income": NaN,
        "Net Income From Continuing And Discontinued Operation": NaN,
        "Total Expenses": NaN,
        "Total Operating Income As Reported": NaN,
        "Diluted Average Shares": NaN,
        "Basic Average Shares": NaN,
        "Diluted EPS": NaN,
        "Basic EPS": NaN,
        "Diluted NI Availto Com Stockholders": NaN,
        "Average Dilution Earnings": 297477.0,
        "Net Income Common Stockholders": NaN,
        "Otherunder Preferred Stock Dividend": 0.0,
        "Preferred Stock Dividends": NaN,
        "Net Income": NaN,
        "Net Income Including Noncontrolling Interests": NaN,
        "Net Income Discontinuous Operations": NaN,
        "Net Income Continuous Operations": NaN,
        "Tax Provision": NaN,
        "Pretax Income": NaN,
        "Other Income Expense": NaN,
        "Other Non Operating Income Expenses": NaN,
        "Special Income Charges": NaN,
        "Gain On Sale Of Ppe": NaN,
        "Gain On Sale Of Security": NaN,
        "Net Non Operating Interest Income Expense": NaN,
        "Total Other Finance Cost": NaN,
        "Interest Expense Non Operating": NaN,
        "Interest Income Non Operating": NaN,
        "Operating Income": NaN,
        "Operating Expense": NaN,
        "Other Operating Expenses": 10000.0,
        "Provision For Doubtful Accounts": NaN,
        "Selling General And Administration": NaN,
        "General And Administrative Expense": NaN,
        "Other Gand A": NaN,
        "Gross Profit": NaN,
        "Cost Of Revenue": NaN,
        "Total Revenue": NaN,
        "Operating Revenue": NaN
    },
    "2022-12-31": {
        "Tax Effect Of Unusual Items": NaN,
        "Tax Rate For Calcs": NaN,
        "Normalized EBITDA": NaN,
        "Total Unusual Items": NaN,
        "Total Unusual Items Excluding Goodwill": NaN,
        "Net Income From Continuing Operation Net Minority Interest": NaN,
        "Reconciled Depreciation": NaN,
        "Reconciled Cost Of Revenue": NaN,
        "EBITDA": NaN,
        "EBIT": NaN,
        "Net Interest Income": NaN,
        "Interest Expense": 232369.0,
        "Interest Income": 176067.0,
        "Normalized Income": NaN,
        "Net Income From Continuing And Discontinued Operation": NaN,
        "Total Expenses": NaN,
        "Total Operating Income As Reported": NaN,
        "Diluted Average Shares": NaN,
        "Basic Average Shares": NaN,
        "Diluted EPS": NaN,
        "Basic EPS": NaN,
        "Diluted NI Availto Com Stockholders": NaN,
        "Average Dilution Earnings": NaN,
        "Net Income Common Stockholders": NaN,
        "Otherunder Preferred Stock Dividend": NaN,
        "Preferred Stock Dividends": NaN,
        "Net Income": NaN,
        "Net Income Including Noncontrolling Interests": NaN,
        "Net Income Continuous Operations": NaN,
        "Tax Provision": NaN,
        "Pretax Income": NaN,
        "Other Income Expense": NaN,
        "Special Income Charges": NaN,
        "Gain On Sale Of Ppe": NaN,
        "Gain On Sale Of Security": NaN,
        "Net Non Operating Interest Income Expense": NaN,
        "Total Other Finance Cost": NaN,
        "Interest Expense Non Operating": 232369.0,
        "Interest Income Non Operating": 176067.0,
        "Operating Income": NaN,
        "Operating Expense": NaN,
        "Other Operating Expenses": NaN,
        "Provision For Doubtful Accounts": NaN,
        "Selling General And Administration": NaN,
        "General And Administrative Expense": NaN,
        "Other Gand A": NaN,
        "Gross Profit": NaN,
        "Cost Of Revenue": NaN,
        "Total Revenue": NaN,
        "Operating Revenue": NaN
    },
    "2022-03-31": {
        "Diluted EPS": 0.02,
        "Total Revenue": 17,
        "Gross Profit": 4,
        "Operating Income": 2,
        "EBIT": 3,
        "Net Income": 1
    },
    "2023-06-30": {
        "Tax Effect Of Unusual Items": NaN,
        "Tax Rate For Calcs": NaN,
        "Normalized EBITDA": NaN,
        "Total Unusual Items": NaN,
        "Total Unusual Items Excluding Goodwill": NaN,
        "Net Income From Continuing Operation Net Minority Interest": NaN,
        "Reconciled Depreciation": NaN,
        "Reconciled Cost Of Revenue": NaN,
        "EBITDA": NaN,
        "EBIT": NaN,
        "Net Interest Income": NaN,
        "Interest Expense": NaN,
        "Interest Income": NaN,
        "Normalized Income": NaN,
        "Net Income From Continuing And Discontinued Operation": NaN,
        "Total Expenses": NaN,
        "Total Operating Income As Reported": NaN,
        "Diluted Average Shares": 59025087.0,
        "Basic Average Shares": 16279690.0,
        "Diluted EPS": 0.94,
        "Basic EPS": 3.34,
        "Diluted NI Availto Com Stockholders": NaN,
        "Average Dilution Earnings": NaN,
        "Net Income Common Stockholders": NaN,
        "Otherunder Preferred Stock Dividend": NaN,
        "Preferred Stock Dividends": NaN,
        "Net Income": NaN,
        "Net Income Including Noncontrolling Interests": NaN,
        "Net Income Discontinuous Operations": NaN,
        "Net Income Continuous Operations": NaN,
        "Tax Provision": NaN,
        "Pretax Income": NaN,
        "Other Income Expense": NaN,
        "Other Non Operating Income Expenses": NaN,
        "Special Income Charges": 40548776.0,
        "Gain On Sale Of Ppe": 40548776.0,
        "Gain On Sale Of Security": NaN,
        "Net Non Operating Interest Income Expense": NaN,
        "Total Other Finance Cost": 107054.0,
        "Interest Expense Non Operating": NaN,
        "Interest Income Non Operating": NaN,
        "Operating Income": NaN,
        "Operating Expense": NaN,
        "Other Operating Expenses": 11352.0,
        "Provision For Doubtful Accounts": NaN,
        "Selling General And Administration": NaN,
        "General And Administrative Expense": NaN,
        "Other Gand A": NaN,
        "Gross Profit": NaN,
        "Cost Of Revenue": NaN,
        "Total Revenue": NaN,
        "Operating Revenue": NaN
    },
    "2022-09-30": {
        "Tax Effect Of Unusual Items": NaN,
        "Tax Rate For Calcs": NaN,
        "Normalized EBITDA": NaN,
        "Total Unusual Items": NaN,
        "Total Unusual Items Excluding Goodwill": NaN,
        "Net Income From Continuing Operation Net Minority Interest": NaN,
        "Reconciled Depreciation": NaN,
        "Reconciled Cost Of Revenue": NaN,
        "EBITDA": NaN,
        "EBIT": NaN,
        "Net Interest Income": NaN,
        "Interest Expense": NaN,
        "Interest Income": NaN,
        "Normalized Income": NaN,
        "Net Income From Continuing And Discontinued Operation": NaN,
        "Total Expenses": NaN,
        "Total Operating Income As Reported": NaN,
        "Diluted Average Shares": NaN,
        "Basic Average Shares": NaN,
        "Diluted EPS": NaN,
        "Basic EPS": NaN,
        "Diluted NI Availto Com Stockholders": NaN,
        "Average Dilution Earnings": NaN,
        "Net Income Common Stockholders": NaN,
        "Otherunder Preferred Stock Dividend": NaN,
        "Preferred Stock Dividends": NaN,
        "Net Income": NaN,
        "Net Income Including Noncontrolling Interests": NaN,
        "Net Income Continuous Operations": NaN,
        "Tax Provision": NaN,
        "Pretax Income": NaN,
        "Other Income Expense": NaN,
        "Special Income Charges": NaN,
        "Gain On Sale Of Ppe": NaN,
        "Gain On Sale Of Security": NaN,
        "Net Non Operating Interest Income Expense": NaN,
        "Total Other Finance Cost": NaN,
        "Interest Expense Non Operating": NaN,
        "Interest Income Non Operating": NaN,
        "Operating Income": NaN,
        "Operating Expense": NaN,
        "Other Operating Expenses": -4478.0,
        "Provision For Doubtful Accounts": NaN,
        "Selling General And Administration": NaN,
        "General And Administrative Expense": NaN,
        "Other Gand A": NaN,
        "Gross Profit": NaN,
        "Cost Of Revenue": NaN,
        "Total Revenue": NaN,
        "Operating Revenue": NaN
    },
    "2022-06-30": {
        "Tax Effect Of Unusual Items": 0.0,
        "Tax Rate For Calcs": 0.001821,
        "Normalized EBITDA": 78535501.0,
        "Total Unusual Items": NaN,
        "Total Unusual Items Excluding Goodwill": NaN,
        "Net Income From Continuing Operation Net Minority Interest": 76107856.0,
        "Reconciled Depreciation": 1976687.0,
        "Reconciled Cost Of Revenue": 2900068.0,
        "EBITDA": 78535501.0,
        "EBIT": 76558814.0,
        "Net Interest Income": 725561.0,
        "Interest Expense": 312094.0,
        "Interest Income": NaN,
        "Normalized Income": 76107856.0,
        "Net Income From Continuing And Discontinued Operation": 76107856.0,
        "Total Expenses": 4188500.0,
        "Total Operating Income As Reported": 75542533.0,
        "Diluted Average Shares": 9461009.0,
        "Basic Average Shares": 9461009.0,
        "Diluted EPS": 7.898281,
        "Basic EPS": 7.898281,
        "Diluted NI Availto Com Stockholders": 74725711.0,
        "Net Income Common Stockholders": 74725711.0,
        "Preferred Stock Dividends": NaN,
        "Net Income": 76107856.0,
        "Net Income Including Noncontrolling Interests": 76107856.0,
        "Net Income Continuous Operations": 76107856.0,
        "Tax Provision": 138864.0,
        "Pretax Income": 76246720.0,
        "Other Income Expense": NaN,
        "Special Income Charges": NaN,
        "Gain On Sale Of Ppe": NaN,
        "Gain On Sale Of Security": NaN,
        "Net Non Operating Interest Income Expense": 725561.0,
        "Total Other Finance Cost": NaN,
        "Interest Expense Non Operating": 312094.0,
        "Interest Income Non Operating": NaN,
        "Operating Income": 34993735.0,
        "Operating Expense": 1288432.0,
        "Other Operating Expenses": NaN,
        "Provision For Doubtful Accounts": -266732.0,
        "Selling General And Administration": 1555142.0,
        "General And Administrative Expense": 1555142.0,
        "Other Gand A": 1555142.0,
        "Gross Profit": 36282167.0,
        "Cost Of Revenue": 2900068.0,
        "Total Revenue": 39182235.0,
        "Operating Revenue": 39182235.0
    },
    "2023-09-30": {
        "Tax Effect Of Unusual Items": NaN,
        "Tax Rate For Calcs": NaN,
        "Normalized EBITDA": NaN,
        "Total Unusual Items": NaN,
        "Total Unusual Items Excluding Goodwill": NaN,
        "Net Income From Continuing Operation Net Minority Interest": NaN,
        "Reconciled Depreciation": NaN,
        "Reconciled Cost Of Revenue": NaN,
        "EBITDA": NaN,
        "EBIT": NaN,
        "Net Interest Income": NaN,
        "Interest Expense": NaN,
        "Interest Income": NaN,
        "Normalized Income": NaN,
        "Net Income From Continuing And Discontinued Operation": NaN,
        "Total Expenses": NaN,
        "Total Operating Income As Reported": NaN,
        "Diluted Average Shares": NaN,
        "Basic Average Shares": NaN,
        "Diluted EPS": NaN,
        "Basic EPS": NaN,
        "Diluted NI Availto Com Stockholders": NaN,
        "Average Dilution Earnings": NaN,
        "Net Income Common Stockholders": NaN,
        "Otherunder Preferred Stock Dividend": NaN,
        "Preferred Stock Dividends": NaN,
        "Net Income": NaN,
        "Net Income Including Noncontrolling Interests": NaN,
        "Net Income Discontinuous Operations": 34852942.0,
        "Net Income Continuous Operations": NaN,
        "Tax Provision": NaN,
        "Pretax Income": NaN,
        "Other Income Expense": NaN,
        "Other Non Operating Income Expenses": -3609.0,
        "Special Income Charges": 33721271.0,
        "Gain On Sale Of Ppe": 33721271.0,
        "Gain On Sale Of Security": NaN,
        "Net Non Operating Interest Income Expense": NaN,
        "Total Other Finance Cost": -903634.0,
        "Interest Expense Non Operating": NaN,
        "Interest Income Non Operating": NaN,
        "Operating Income": NaN,
        "Operating Expense": NaN,
        "Other Operating Expenses": 573528.0,
        "Provision For Doubtful Accounts": NaN,
        "Selling General And Administration": NaN,
        "General And Administrative Expense": NaN,
        "Other Gand A": NaN,
        "Gross Profit": NaN,
        "Cost Of Revenue": NaN,
        "Total Revenue": NaN,
        "Operating Revenue": NaN
    },
    "2023-12-31": {
        "Tax Effect Of Unusual Items": NaN,
        "Tax Rate For Calcs": NaN,
        "Normalized EBITDA": NaN,
        "Total Unusual Items": NaN,
        "Total Unusual Items Excluding Goodwill": NaN,
        "Net Income From Continuing Operation Net Minority Interest": NaN,
        "Reconciled Depreciation": NaN,
        "Reconciled Cost Of Revenue": NaN,
        "EBITDA": NaN,
        "EBIT": NaN,
        "Net Interest Income": NaN,
        "Interest Expense": 118026.0,
        "Interest Income": 1335501.0,
        "Normalized Income": NaN,
        "Net Income From Continuing And Discontinued Operation": NaN,
        "Total Expenses": NaN,
        "Total Operating Income As Reported": NaN,
        "Diluted Average Shares": NaN,
        "Basic Average Shares": NaN,
        "Diluted EPS": NaN,
        "Basic EPS": NaN,
        "Diluted NI Availto Com Stockholders": NaN,
        "Average Dilution Earnings": NaN,
        "Net Income Common Stockholders": NaN,
        "Otherunder Preferred Stock Dividend": NaN,
        "Preferred Stock Dividends": 1110382.0,
        "Net Income": NaN,
        "Net Income Including Noncontrolling Interests": NaN,
        "Net Income Discontinuous Operations": NaN,
        "Net Income Continuous Operations": NaN,
        "Tax Provision": NaN,
        "Pretax Income": NaN,
        "Other Income Expense": NaN,
        "Other Non Operating Income Expenses": NaN,
        "Special Income Charges": 24756645.0,
        "Gain On Sale Of Ppe": 24756645.0,
        "Gain On Sale Of Security": NaN,
        "Net Non Operating Interest Income Expense": NaN,
        "Total Other Finance Cost": 2142791.0,
        "Interest Expense Non Operating": 118026.0,
        "Interest Income Non Operating": 1335501.0,
        "Operating Income": NaN,
        "Operating Expense": NaN,
        "Other Operating Expenses": NaN,
        "Provision For Doubtful Accounts": NaN,
        "Selling General And Administration": NaN,
        "General And Administrative Expense": NaN,
        "Other Gand A": NaN,
        "Gross Profit": NaN,
        "Cost Of Revenue": NaN,
        "Total Revenue": NaN,
        "Operating Revenue": NaN
    },
    "2024-03-31": {
        "Tax Effect Of Unusual Items": 5874.415855,
        "Tax Rate For Calcs": 0.009296,
        "Normalized EBITDA": 298316.0,
        "Total Unusual Items": 631944.0,
        "Total Unusual Items Excluding Goodwill": 631944.0,
        "Net Income From Continuing Operation Net Minority Interest": 2397632.0,
        "Reconciled Depreciation": 1156310.0,
        "Reconciled Cost Of Revenue": 4362569.0,
        "EBITDA": 930260.0,
        "EBIT": -226050.0,
        "Net Interest Income": 2013777.0,
        "Interest Expense": 30041.0,
        "Interest Income": 1976642.0,
        "Normalized Income": 1771562.415855,
        "Net Income From Continuing And Discontinued Operation": 22127359.0,
        "Total Expenses": 6645512.0,
        "Total Operating Income As Reported": -226050.0,
        "Diluted Average Shares": 17739362.0,
        "Basic Average Shares": 17739362.0,
        "Diluted EPS": 1.107,
        "Basic EPS": 1.107,
        "Diluted NI Availto Com Stockholders": 21022092.0,
        "Average Dilution Earnings": -1105267.0,
        "Net Income Common Stockholders": 22127359.0,
        "Otherunder Preferred Stock Dividend": 1373460.0,
        "Preferred Stock Dividends": 1105267.0,
        "Net Income": 22127359.0,
        "Net Income Including Noncontrolling Interests": 22127359.0,
        "Net Income Discontinuous Operations": 19729727.0,
        "Net Income Continuous Operations": 2397632.0,
        "Tax Provision": 22497.0,
        "Pretax Income": 2420129.0,
        "Other Income Expense": 632402.0,
        "Other Non Operating Income Expenses": 458.0,
        "Special Income Charges": 19559432.0,
        "Gain On Sale Of Ppe": 19559432.0,
        "Gain On Sale Of Security": 631944.0,
        "Net Non Operating Interest Income Expense": 2013777.0,
        "Total Other Finance Cost": -2013777.0,
        "Interest Expense Non Operating": 30041.0,
        "Interest Income Non Operating": 1976642.0,
        "Operating Income": -226050.0,
        "Operating Expense": 2282943.0,
        "Other Operating Expenses": -1085.0,
        "Provision For Doubtful Accounts": 25369.0,
        "Selling General And Administration": 2257574.0,
        "General And Administrative Expense": 2257574.0,
        "Other Gand A": 2257574.0,
        "Gross Profit": 2056893.0,
        "Cost Of Revenue": 4362569.0,
        "Total Revenue": 6419462.0,
        "Operating Revenue": 6419462.0
    },
    "2024-06-30": {
        "Tax Effect Of Unusual Items": 0.0,
        "Tax Rate For Calcs": 0.0,
        "Normalized EBITDA": -994305.0,
        "Total Unusual Items": 631945.0,
        "Total Unusual Items Excluding Goodwill": 631945.0,
        "Net Income From Continuing Operation Net Minority Interest": 1126769.0,
        "Reconciled Depreciation": 1198321.0,
        "Reconciled Cost Of Revenue": 4592674.0,
        "EBITDA": -362360.0,
        "EBIT": -1560681.0,
        "Net Interest Income": 2068572.0,
        "Interest Expense": 0.0,
        "Interest Income": 2068572.0,
        "Normalized Income": 494824.0,
        "Net Income From Continuing And Discontinued Operation": 1126769.0,
        "Total Expenses": 7033276.0,
        "Total Operating Income As Reported": -1560681.0,
        "Diluted Average Shares": 17094130.0,
        "Basic Average Shares": 17094130.0,
        "Diluted EPS": 0.001,
        "Basic EPS": 0.001,
        "Diluted NI Availto Com Stockholders": 14558.0,
        "Average Dilution Earnings": NaN,
        "Net Income Common Stockholders": 14558.0,
        "Otherunder Preferred Stock Dividend": NaN,
        "Preferred Stock Dividends": 1112211.0,
        "Net Income": 1126769.0,
        "Net Income Including Noncontrolling Interests": 1126769.0,
        "Net Income Discontinuous Operations": NaN,
        "Net Income Continuous Operations": 1126769.0,
        "Tax Provision": 0.0,
        "Pretax Income": 1126769.0,
        "Other Income Expense": 618878.0,
        "Other Non Operating Income Expenses": -13067.0,
        "Special Income Charges": 0.0,
        "Gain On Sale Of Ppe": 0.0,
        "Gain On Sale Of Security": 631945.0,
        "Net Non Operating Interest Income Expense": 2068572.0,
        "Total Other Finance Cost": 192740.0,
        "Interest Expense Non Operating": 0.0,
        "Interest Income Non Operating": 2068572.0,
        "Operating Income": -1560681.0,
        "Operating Expense": 2440602.0,
        "Other Operating Expenses": 13067.0,
        "Provision For Doubtful Accounts": 0.0,
        "Selling General And Administration": 2440602.0,
        "General And Administrative Expense": 2440602.0,
        "Other Gand A": 2440602.0,
        "Gross Profit": 879921.0,
        "Cost Of Revenue": 4592674.0,
        "Total Revenue": 5472595.0,
        "Operating Revenue": 5472595.0
    },
    "2024-09-30": {
        "Tax Effect Of Unusual Items": 79861.125,
        "Tax Rate For Calcs": 0.125,
        "Normalized EBITDA": -1451222.0,
        "Total Unusual Items": 638889.0,
        "Total Unusual Items Excluding Goodwill": 638889.0,
        "Net Income From Continuing Operation Net Minority Interest": 974043.0,
        "Reconciled Depreciation": 1237154.0,
        "Reconciled Cost Of Revenue": 3778153.0,
        "EBITDA": -812333.0,
        "EBIT": -2049487.0,
        "Net Interest Income": 2343513.0,
        "Interest Expense": 177460.0,
        "Interest Income": 2308629.0,
        "Normalized Income": 415015.125,
        "Net Income From Continuing And Discontinued Operation": 975349.0,
        "Total Expenses": 7367724.0,
        "Total Operating Income As Reported": -2049487.0,
        "Diluted Average Shares": 17112114.0,
        "Basic Average Shares": 17112114.0,
        "Diluted EPS": -0.009,
        "Basic EPS": -0.009,
        "Diluted NI Availto Com Stockholders": -156168.0,
        "Average Dilution Earnings": NaN,
        "Net Income Common Stockholders": -156168.0,
        "Otherunder Preferred Stock Dividend": NaN,
        "Preferred Stock Dividends": 1131517.0,
        "Net Income": 975349.0,
        "Net Income Including Noncontrolling Interests": 975349.0,
        "Net Income Discontinuous Operations": 1306.0,
        "Net Income Continuous Operations": 974043.0,
        "Tax Provision": -22497.0,
        "Pretax Income": 951546.0,
        "Other Income Expense": 657520.0,
        "Other Non Operating Income Expenses": 18631.0,
        "Special Income Charges": NaN,
        "Gain On Sale Of Ppe": NaN,
        "Gain On Sale Of Security": 638889.0,
        "Net Non Operating Interest Income Expense": 2343513.0,
        "Total Other Finance Cost": -2343513.0,
        "Interest Expense Non Operating": 177460.0,
        "Interest Income Non Operating": 2308629.0,
        "Operating Income": -2049487.0,
        "Operating Expense": 3589571.0,
        "Other Operating Expenses": 492660.0,
        "Provision For Doubtful Accounts": 0.0,
        "Selling General And Administration": 3096911.0,
        "General And Administrative Expense": 3096911.0,
        "Other Gand A": 3096911.0,
        "Gross Profit": 1540084.0,
        "Cost Of Revenue": 3778153.0,
        "Total Revenue": 5318237.0,
        "Operating Revenue": 5318237.0
    },
    "2024-12-31": {
        "Tax Effect Of Unusual Items": 0.0,
        "Tax Rate For Calcs": 0.0,
        "Normalized EBITDA": 1657846.0,
        "Total Unusual Items": 672104.0,
        "Total Unusual Items Excluding Goodwill": 672104.0,
        "Net Income From Continuing Operation Net Minority Interest": 997459.0,
        "Reconciled Depreciation": 1309461.0,
        "Reconciled Cost Of Revenue": 5996657.0,
        "EBITDA": 2329950.0,
        "EBIT": 1020489.0,
        "Net Interest Income": 2058836.0,
        "Interest Expense": 23030.0,
        "Interest Income": 2081866.0,
        "Normalized Income": 325355.0,
        "Net Income From Continuing And Discontinued Operation": 978027.0,
        "Total Expenses": 6962283.0,
        "Total Operating Income As Reported": -1733481.0,
        "Diluted Average Shares": 17653853.0,
        "Basic Average Shares": 17653853.0,
        "Diluted EPS": -0.011,
        "Basic EPS": -0.011,
        "Diluted NI Availto Com Stockholders": -105501.0,
        "Average Dilution Earnings": NaN,
        "Net Income Common Stockholders": -105501.0,
        "Otherunder Preferred Stock Dividend": -55218.0,
        "Preferred Stock Dividends": 1138746.0,
        "Net Income": 978027.0,
        "Net Income Including Noncontrolling Interests": 978027.0,
        "Net Income Discontinuous Operations": -19432.0,
        "Net Income Continuous Operations": 997459.0,
        "Tax Provision": 0.0,
        "Pretax Income": 997459.0,
        "Other Income Expense": 672104.0,
        "Other Non Operating Income Expenses": NaN,
        "Special Income Charges": NaN,
        "Gain On Sale Of Ppe": NaN,
        "Gain On Sale Of Security": 672104.0,
        "Net Non Operating Interest Income Expense": 2058836.0,
        "Total Other Finance Cost": NaN,
        "Interest Expense Non Operating": 23030.0,
        "Interest Income Non Operating": 2081866.0,
        "Operating Income": -1733481.0,
        "Operating Expense": 965626.0,
        "Other Operating Expenses": NaN,
        "Provision For Doubtful Accounts": 0.0,
        "Selling General And Administration": 2403776.0,
        "General And Administrative Expense": 2403776.0,
        "Other Gand A": 2403776.0,
        "Gross Profit": -767855.0,
        "Cost Of Revenue": 5996657.0,
        "Total Revenue": 5228802.0,
        "Operating Revenue": 5228802.0
    },
    "2025-03-31": {
        "Tax Effect Of Unusual Items": 0.0,
        "Tax Rate For Calcs": 0.0,
        "Normalized EBITDA": -1569646.0,
        "Total Unusual Items": 1250000.0,
        "Total Unusual Items Excluding Goodwill": 1250000.0,
        "Net Income From Continuing Operation Net Minority Interest": 1482736.0,
        "Reconciled Depreciation": 1280851.0,
        "Reconciled Cost Of Revenue": 4753348.0,
        "EBITDA": -319646.0,
        "EBIT": -1600497.0,
        "Net Interest Income": 1807960.0,
        "Interest Expense": NaN,
        "Interest Income": NaN,
        "Normalized Income": 232736.0,
        "Net Income From Continuing And Discontinued Operation": 1585096.0,
        "Total Expenses": 7139409.0,
        "Total Operating Income As Reported": -1600497.0,
        "Diluted Average Shares": 87342635.0,
        "Basic Average Shares": 17653853.0,
        "Diluted EPS": 0.018,
        "Basic EPS": 0.025,
        "Diluted NI Availto Com Stockholders": 463967.0,
        "Average Dilution Earnings": -1121129.0,
        "Net Income Common Stockholders": 1585096.0,
        "Otherunder Preferred Stock Dividend": NaN,
        "Preferred Stock Dividends": NaN,
        "Net Income": 1585096.0,
        "Net Income Including Noncontrolling Interests": 1585096.0,
        "Net Income Discontinuous Operations": 102360.0,
        "Net Income Continuous Operations": 1482736.0,
        "Tax Provision": 0.0,
        "Pretax Income": 1482736.0,
        "Other Income Expense": 1275273.0,
        "Other Non Operating Income Expenses": 25273.0,
        "Special Income Charges": NaN,
        "Gain On Sale Of Ppe": NaN,
        "Gain On Sale Of Security": 1250000.0,
        "Net Non Operating Interest Income Expense": 1807960.0,
        "Total Other Finance Cost": -1807960.0,
        "Interest Expense Non Operating": NaN,
        "Interest Income Non Operating": NaN,
        "Operating Income": -1600497.0,
        "Operating Expense": 2386061.0,
        "Other Operating Expenses": NaN,
        "Provision For Doubtful Accounts": 0.0,
        "Selling General And Administration": 2386061.0,
        "General And Administrative Expense": 2386061.0,
        "Other Gand A": 2386061.0,
        "Gross Profit": 785564.0,
        "Cost Of Revenue": 4753348.0,
        "Total Revenue": 5538912.0,
        "Operating Revenue": 5538912.0
    }
}