{
    "2023-03-31": {
        "Tax Effect Of Unusual Items": NaN,
        "Tax Rate For Calcs": NaN,
        "Normalized EBITDA": NaN,
        "Total Unusual Items": NaN,
        "Total Unusual Items Excluding Goodwill": NaN,
        "Net Income From Continuing Operation Net Minority Interest": NaN,
        "Reconciled Depreciation": NaN,
        "Reconciled Cost Of Revenue": NaN,
        "EBITDA": NaN,
        "EBIT": NaN,
        "Net Interest Income": NaN,
        "Interest Expense": NaN,
        "Normalized Income": NaN,
        "Net Income From Continuing And Discontinued Operation": NaN,
        "Total Expenses": NaN,
        "Total Operating Income As Reported": NaN,
        "Diluted Average Shares": 51551000.0,
        "Basic Average Shares": 51551000.0,
        "Diluted EPS": -0.95,
        "Basic EPS": -0.95,
        "Diluted NI Availto Com Stockholders": NaN,
        "Net Income Common Stockholders": NaN,
        "Net Income": NaN,
        "Minority Interests": NaN,
        "Net Income Including Noncontrolling Interests": NaN,
        "Net Income Continuous Operations": NaN,
        "Tax Provision": NaN,
        "Pretax Income": NaN,
        "Other Income Expense": NaN,
        "Other Non Operating Income Expenses": NaN,
        "Special Income Charges": NaN,
        "Other Special Charges": NaN,
        "Net Non Operating Interest Income Expense": NaN,
        "Total Other Finance Cost": NaN,
        "Interest Expense Non Operating": NaN,
        "Operating Income": NaN,
        "Operating Expense": NaN,
        "Selling General And Administration": NaN,
        "General And Administrative Expense": NaN,
        "Other Gand A": NaN,
        "Gross Profit": NaN,
        "Cost Of Revenue": NaN,
        "Total Revenue": NaN,
        "Operating Revenue": NaN
    },
    "2022-12-31": {
        "Tax Effect Of Unusual Items": NaN,
        "Tax Rate For Calcs": NaN,
        "Normalized EBITDA": NaN,
        "Total Unusual Items": NaN,
        "Total Unusual Items Excluding Goodwill": NaN,
        "Net Income From Continuing Operation Net Minority Interest": NaN,
        "Reconciled Depreciation": NaN,
        "Reconciled Cost Of Revenue": NaN,
        "EBITDA": NaN,
        "EBIT": NaN,
        "Net Interest Income": NaN,
        "Interest Expense": NaN,
        "Normalized Income": NaN,
        "Net Income From Continuing And Discontinued Operation": NaN,
        "Total Expenses": NaN,
        "Total Operating Income As Reported": NaN,
        "Diluted Average Shares": 51505000.0,
        "Basic Average Shares": 51505000.0,
        "Diluted EPS": -1.8,
        "Basic EPS": -1.8,
        "Diluted NI Availto Com Stockholders": NaN,
        "Net Income Common Stockholders": NaN,
        "Net Income": NaN,
        "Minority Interests": NaN,
        "Net Income Including Noncontrolling Interests": NaN,
        "Net Income Continuous Operations": NaN,
        "Tax Provision": NaN,
        "Pretax Income": NaN,
        "Other Income Expense": NaN,
        "Other Non Operating Income Expenses": NaN,
        "Special Income Charges": NaN,
        "Other Special Charges": NaN,
        "Net Non Operating Interest Income Expense": NaN,
        "Total Other Finance Cost": NaN,
        "Interest Expense Non Operating": NaN,
        "Operating Income": NaN,
        "Operating Expense": NaN,
        "Selling General And Administration": NaN,
        "General And Administrative Expense": NaN,
        "Other Gand A": NaN,
        "Gross Profit": NaN,
        "Cost Of Revenue": NaN,
        "Total Revenue": NaN,
        "Operating Revenue": NaN
    },
    "2022-09-30": {
        "Tax Effect Of Unusual Items": 0.0,
        "Tax Rate For Calcs": 0.4,
        "Normalized EBITDA": 8631000.0,
        "Net Income From Continuing Operation Net Minority Interest": -32455000.0,
        "Reconciled Depreciation": 15533000.0,
        "Reconciled Cost Of Revenue": 1020586000.0,
        "EBITDA": 8631000.0,
        "EBIT": -6902000.0,
        "Net Interest Income": -17015000.0,
        "Interest Expense": 16608000.0,
        "Normalized Income": -32455000.0,
        "Net Income From Continuing And Discontinued Operation": -32455000.0,
        "Total Expenses": 1077818000.0,
        "Total Operating Income As Reported": -6892000.0,
        "Diluted Average Shares": 51404000.0,
        "Basic Average Shares": 51404000.0,
        "Diluted EPS": -0.63,
        "Basic EPS": -0.63,
        "Diluted NI Availto Com Stockholders": -32455000.0,
        "Net Income Common Stockholders": -32455000.0,
        "Net Income": -32455000.0,
        "Minority Interests": -8385000.0,
        "Net Income Including Noncontrolling Interests": -24070000.0,
        "Net Income Continuous Operations": -24070000.0,
        "Tax Provision": 560000.0,
        "Pretax Income": -23510000.0,
        "Other Income Expense": 397000.0,
        "Other Non Operating Income Expenses": 397000.0,
        "Net Non Operating Interest Income Expense": -17015000.0,
        "Total Other Finance Cost": 407000.0,
        "Interest Expense Non Operating": 16608000.0,
        "Operating Income": -6892000.0,
        "Operating Expense": 57232000.0,
        "Selling General And Administration": 57232000.0,
        "General And Administrative Expense": 57232000.0,
        "Other Gand A": 57232000.0,
        "Gross Profit": 50340000.0,
        "Cost Of Revenue": 1020586000.0,
        "Total Revenue": 1070926000.0,
        "Operating Revenue": 1070926000.0
    },
    "2022-06-30": {
        "Tax Effect Of Unusual Items": 0.0,
        "Tax Rate For Calcs": 0.4,
        "Normalized EBITDA": -71651000.0,
        "Net Income From Continuing Operation Net Minority Interest": -63003000.0,
        "Reconciled Depreciation": 18283000.0,
        "Reconciled Cost Of Revenue": 895250000.0,
        "EBITDA": -71651000.0,
        "EBIT": -89934000.0,
        "Net Interest Income": -16204000.0,
        "Interest Expense": 15804000.0,
        "Normalized Income": -63003000.0,
        "Net Income From Continuing And Discontinued Operation": -63003000.0,
        "Total Expenses": 951581000.0,
        "Total Operating Income As Reported": -90554000.0,
        "Diluted Average Shares": 51276000.0,
        "Basic Average Shares": 51276000.0,
        "Diluted EPS": -1.23,
        "Basic EPS": -1.23,
        "Diluted NI Availto Com Stockholders": -63003000.0,
        "Net Income Common Stockholders": -63003000.0,
        "Net Income": -63003000.0,
        "Minority Interests": -983000.0,
        "Net Income Including Noncontrolling Interests": -62020000.0,
        "Net Income Continuous Operations": -62020000.0,
        "Tax Provision": -43718000.0,
        "Pretax Income": -105738000.0,
        "Other Income Expense": 1020000.0,
        "Other Non Operating Income Expenses": 1020000.0,
        "Net Non Operating Interest Income Expense": -16204000.0,
        "Total Other Finance Cost": 400000.0,
        "Interest Expense Non Operating": 15804000.0,
        "Operating Income": -90554000.0,
        "Operating Expense": 56331000.0,
        "Selling General And Administration": 56331000.0,
        "General And Administrative Expense": 56331000.0,
        "Other Gand A": 56331000.0,
        "Gross Profit": -34223000.0,
        "Cost Of Revenue": 895250000.0,
        "Total Revenue": 861027000.0,
        "Operating Revenue": 861027000.0
    },
    "2023-06-30": {
        "Tax Effect Of Unusual Items": NaN,
        "Tax Rate For Calcs": NaN,
        "Normalized EBITDA": NaN,
        "Total Unusual Items": 0.0,
        "Total Unusual Items Excluding Goodwill": 0.0,
        "Net Income From Continuing Operation Net Minority Interest": NaN,
        "Reconciled Depreciation": NaN,
        "Reconciled Cost Of Revenue": NaN,
        "EBITDA": NaN,
        "EBIT": NaN,
        "Net Interest Income": NaN,
        "Interest Expense": NaN,
        "Normalized Income": NaN,
        "Net Income From Continuing And Discontinued Operation": NaN,
        "Total Expenses": NaN,
        "Total Operating Income As Reported": NaN,
        "Diluted Average Shares": NaN,
        "Basic Average Shares": NaN,
        "Diluted EPS": NaN,
        "Basic EPS": NaN,
        "Diluted NI Availto Com Stockholders": NaN,
        "Net Income Common Stockholders": NaN,
        "Net Income": NaN,
        "Minority Interests": NaN,
        "Net Income Including Noncontrolling Interests": NaN,
        "Net Income Continuous Operations": NaN,
        "Tax Provision": NaN,
        "Pretax Income": NaN,
        "Other Income Expense": NaN,
        "Other Non Operating Income Expenses": NaN,
        "Special Income Charges": 0.0,
        "Other Special Charges": NaN,
        "Net Non Operating Interest Income Expense": NaN,
        "Total Other Finance Cost": NaN,
        "Interest Expense Non Operating": NaN,
        "Operating Income": NaN,
        "Operating Expense": NaN,
        "Selling General And Administration": NaN,
        "General And Administrative Expense": NaN,
        "Other Gand A": NaN,
        "Gross Profit": NaN,
        "Cost Of Revenue": NaN,
        "Total Revenue": NaN,
        "Operating Revenue": NaN
    },
    "2022-03-31": {
        "Diluted EPS": -0.42,
        "Total Revenue": 952,
        "Gross Profit": 50,
        "Operating Income": -10,
        "EBIT": 10,
        "Net Income": -22
    },
    "2021-12-31": {
        "Diluted EPS": 0.57,
        "Total Revenue": NaN,
        "Gross Profit": 114,
        "Operating Income": 56,
        "EBIT": 82,
        "Net Income": 29
    },
    "2021-09-30": {
        "Diluted EPS": 0.3,
        "Total Revenue": NaN,
        "Gross Profit": 114,
        "Operating Income": 52,
        "EBIT": 82,
        "Net Income": 15
    },
    "2021-06-30": {
        "Diluted EPS": 0.61,
        "Total Revenue": NaN,
        "Gross Profit": 127,
        "Operating Income": 69,
        "EBIT": 104,
        "Net Income": 31
    },
    "2021-03-31": {
        "Diluted EPS": 0.31,
        "Total Revenue": NaN,
        "Gross Profit": 110,
        "Operating Income": 50,
        "EBIT": 77,
        "Net Income": 16
    },
    "2020-12-31": {
        "Diluted EPS": 0.69,
        "Total Revenue": NaN,
        "Gross Profit": 132,
        "Operating Income": 74,
        "EBIT": 102,
        "Net Income": 35
    },
    "2020-09-30": {
        "Diluted EPS": 0.72,
        "Total Revenue": NaN,
        "Gross Profit": 125,
        "Operating Income": 83,
        "EBIT": 114,
        "Net Income": 37
    },
    "2020-06-30": {
        "Diluted EPS": 0.37,
        "Total Revenue": NaN,
        "Gross Profit": 118,
        "Operating Income": 58,
        "EBIT": 84,
        "Net Income": 19
    },
    "2020-03-31": {
        "Diluted EPS": 0.34,
        "Total Revenue": NaN,
        "Gross Profit": 111,
        "Operating Income": 47,
        "EBIT": 70,
        "Net Income": 17
    },
    "2019-12-31": {
        "Diluted EPS": -1.71,
        "Total Revenue": NaN,
        "Gross Profit": -63,
        "Operating Income": -94,
        "EBIT": -74,
        "Net Income": -86
    },
    "2019-09-30": {
        "Diluted EPS": 0.38,
        "Total Revenue": NaN,
        "Gross Profit": 115,
        "Operating Income": 48,
        "EBIT": 64,
        "Net Income": 19
    },
    "2019-06-30": {
        "Diluted EPS": -6.38,
        "Total Revenue": NaN,
        "Gross Profit": 101,
        "Operating Income": -342,
        "EBIT": 53,
        "Net Income": -321
    },
    "2019-03-31": {
        "Diluted EPS": -0.01,
        "Total Revenue": 958,
        "Gross Profit": 88,
        "Operating Income": 23,
        "EBIT": 37,
        "Net Income": 0
    },
    "2018-12-31": {
        "Diluted EPS": 0.99,
        "Total Revenue": NaN,
        "Gross Profit": 158,
        "Operating Income": 91,
        "EBIT": 104,
        "Net Income": 49
    },
    "2018-09-30": {
        "Diluted EPS": 0.42,
        "Total Revenue": NaN,
        "Gross Profit": 111,
        "Operating Income": 47,
        "EBIT": 60,
        "Net Income": 21
    },
    "2018-06-30": {
        "Diluted EPS": 0.49,
        "Total Revenue": NaN,
        "Gross Profit": 119,
        "Operating Income": 55,
        "EBIT": 66,
        "Net Income": 25
    },
    "2018-03-31": {
        "Diluted EPS": -0.24,
        "Total Revenue": NaN,
        "Gross Profit": 67,
        "Operating Income": -1,
        "EBIT": 9,
        "Net Income": -12
    },
    "2017-12-31": {
        "Diluted EPS": 1.59,
        "Total Revenue": NaN,
        "Gross Profit": 131,
        "Operating Income": 59,
        "EBIT": 71,
        "Net Income": 81
    },
    "2017-09-30": {
        "Diluted EPS": 0.47,
        "Total Revenue": NaN,
        "Gross Profit": 118,
        "Operating Income": 49,
        "EBIT": 59,
        "Net Income": 24
    },
    "2017-06-30": {
        "Diluted EPS": 0.59,
        "Total Revenue": NaN,
        "Gross Profit": 103,
        "Operating Income": 34,
        "EBIT": 44,
        "Net Income": 30
    },
    "2017-03-31": {
        "Diluted EPS": 0.27,
        "Total Revenue": NaN,
        "Gross Profit": 103,
        "Operating Income": 37,
        "EBIT": 58,
        "Net Income": 14
    },
    "2016-12-31": {
        "Diluted EPS": 0.61,
        "Total Revenue": NaN,
        "Gross Profit": 118,
        "Operating Income": 52,
        "EBIT": 72,
        "Net Income": 30
    },
    "2016-09-30": {
        "Diluted EPS": 0.57,
        "Total Revenue": NaN,
        "Gross Profit": 125,
        "Operating Income": 61,
        "EBIT": 78,
        "Net Income": 29
    },
    "2016-06-30": {
        "Diluted EPS": 0.43,
        "Total Revenue": NaN,
        "Gross Profit": 110,
        "Operating Income": 49,
        "EBIT": 66,
        "Net Income": 21
    },
    "2016-03-31": {
        "Diluted EPS": 0.31,
        "Total Revenue": NaN,
        "Gross Profit": 105,
        "Operating Income": 40,
        "EBIT": 53,
        "Net Income": 15
    },
    "2015-12-31": {
        "Diluted EPS": 0.17,
        "Total Revenue": NaN,
        "Gross Profit": 67,
        "Operating Income": 15,
        "EBIT": 26,
        "Net Income": 9
    },
    "2015-09-30": {
        "Diluted EPS": 0.4,
        "Total Revenue": NaN,
        "Gross Profit": 100,
        "Operating Income": 39,
        "EBIT": 50,
        "Net Income": 20
    },
    "2015-06-30": {
        "Diluted EPS": 0.24,
        "Total Revenue": NaN,
        "Gross Profit": 99,
        "Operating Income": 31,
        "EBIT": 41,
        "Net Income": 12
    },
    "2015-03-31": {
        "Diluted EPS": 0.1,
        "Total Revenue": NaN,
        "Gross Profit": 91,
        "Operating Income": 20,
        "EBIT": 31,
        "Net Income": 5
    },
    "2014-12-31": {
        "Diluted EPS": 0.56,
        "Total Revenue": NaN,
        "Gross Profit": 130,
        "Operating Income": 64,
        "EBIT": 76,
        "Net Income": 28
    },
    "2014-09-30": {
        "Diluted EPS": 0.73,
        "Total Revenue": NaN,
        "Gross Profit": 141,
        "Operating Income": 70,
        "EBIT": 82,
        "Net Income": 36
    },
    "2014-06-30": {
        "Diluted EPS": 0.58,
        "Total Revenue": NaN,
        "Gross Profit": 130,
        "Operating Income": 65,
        "EBIT": 81,
        "Net Income": 29
    },
    "2014-03-31": {
        "Diluted EPS": 0.33,
        "Total Revenue": 955,
        "Gross Profit": 105,
        "Operating Income": 41,
        "EBIT": 56,
        "Net Income": 16
    },
    "2013-12-31": {
        "Diluted EPS": 0.68,
        "Total Revenue": NaN,
        "Gross Profit": 140,
        "Operating Income": 70,
        "EBIT": 88,
        "Net Income": 33
    },
    "2013-09-30": {
        "Diluted EPS": 0.49,
        "Total Revenue": NaN,
        "Gross Profit": 121,
        "Operating Income": 58,
        "EBIT": 72,
        "Net Income": 24
    },
    "2013-06-30": {
        "Diluted EPS": 0.32,
        "Total Revenue": NaN,
        "Gross Profit": 106,
        "Operating Income": 39,
        "EBIT": 53,
        "Net Income": 15
    },
    "2013-03-31": {
        "Diluted EPS": 0.31,
        "Total Revenue": 993,
        "Gross Profit": 100,
        "Operating Income": 36,
        "EBIT": 50,
        "Net Income": 15
    },
    "2012-12-31": {
        "Diluted EPS": 0.91,
        "Total Revenue": NaN,
        "Gross Profit": 126,
        "Operating Income": 61,
        "EBIT": 76,
        "Net Income": 42
    },
    "2012-09-30": {
        "Diluted EPS": 0.88,
        "Total Revenue": NaN,
        "Gross Profit": 115,
        "Operating Income": 55,
        "EBIT": 69,
        "Net Income": 43
    },
    "2012-06-30": {
        "Diluted EPS": -7.35,
        "Total Revenue": 985,
        "Gross Profit": 87,
        "Operating Income": -354,
        "EBIT": 39,
        "Net Income": -348
    },
    "2012-03-31": {
        "Diluted EPS": -0.03,
        "Total Revenue": 913,
        "Gross Profit": 86,
        "Operating Income": 17,
        "EBIT": 33,
        "Net Income": -1
    },
    "2011-12-31": {
        "Diluted EPS": 0.51,
        "Total Revenue": NaN,
        "Gross Profit": 125,
        "Operating Income": 51,
        "EBIT": 69,
        "Net Income": 24
    },
    "2011-09-30": {
        "Diluted EPS": 0.74,
        "Total Revenue": NaN,
        "Gross Profit": 120,
        "Operating Income": 62,
        "EBIT": 75,
        "Net Income": 35
    },
    "2011-06-30": {
        "Diluted EPS": 0.41,
        "Total Revenue": 820,
        "Gross Profit": 87,
        "Operating Income": 37,
        "EBIT": 46,
        "Net Income": 20
    },
    "2011-03-31": {
        "Diluted EPS": 0.14,
        "Total Revenue": 615,
        "Gross Profit": 62,
        "Operating Income": 19,
        "EBIT": 27,
        "Net Income": 7
    },
    "2010-12-31": {
        "Diluted EPS": 0.4,
        "Total Revenue": 688,
        "Gross Profit": 72,
        "Operating Income": 32,
        "EBIT": 40,
        "Net Income": 19
    },
    "2010-09-30": {
        "Diluted EPS": 0.65,
        "Total Revenue": 732,
        "Gross Profit": 91,
        "Operating Income": 50,
        "EBIT": 57,
        "Net Income": 31
    },
    "2010-06-30": {
        "Diluted EPS": 0.66,
        "Total Revenue": 914,
        "Gross Profit": 99,
        "Operating Income": 56,
        "EBIT": 64,
        "Net Income": 33
    },
    "2010-03-31": {
        "Diluted EPS": 0.42,
        "Total Revenue": 865,
        "Gross Profit": 76,
        "Operating Income": 34,
        "EBIT": 42,
        "Net Income": 21
    },
    "2009-12-31": {
        "Diluted EPS": 0.66,
        "Total Revenue": NaN,
        "Gross Profit": 88,
        "Operating Income": 43,
        "EBIT": 51,
        "Net Income": 32
    },
    "2009-09-30": {
        "Diluted EPS": 0.54,
        "Total Revenue": NaN,
        "Gross Profit": 85,
        "Operating Income": 42,
        "EBIT": 52,
        "Net Income": 27
    },
    "2009-06-30": {
        "Diluted EPS": 0.79,
        "Total Revenue": NaN,
        "Gross Profit": 108,
        "Operating Income": 64,
        "EBIT": 74,
        "Net Income": 39
    },
    "2009-03-31": {
        "Diluted EPS": 0.8,
        "Total Revenue": NaN,
        "Gross Profit": 107,
        "Operating Income": 63,
        "EBIT": 73,
        "Net Income": 39
    },
    "2023-09-30": {
        "Tax Effect Of Unusual Items": NaN,
        "Tax Rate For Calcs": NaN,
        "Normalized EBITDA": NaN,
        "Total Unusual Items": 0.0,
        "Total Unusual Items Excluding Goodwill": 0.0,
        "Net Income From Continuing Operation Net Minority Interest": NaN,
        "Reconciled Depreciation": NaN,
        "Reconciled Cost Of Revenue": NaN,
        "EBITDA": NaN,
        "EBIT": NaN,
        "Net Interest Income": NaN,
        "Interest Expense": NaN,
        "Normalized Income": NaN,
        "Net Income From Continuing And Discontinued Operation": NaN,
        "Total Expenses": NaN,
        "Total Operating Income As Reported": NaN,
        "Diluted Average Shares": NaN,
        "Basic Average Shares": NaN,
        "Diluted EPS": NaN,
        "Basic EPS": NaN,
        "Diluted NI Availto Com Stockholders": NaN,
        "Net Income Common Stockholders": NaN,
        "Net Income": NaN,
        "Minority Interests": NaN,
        "Net Income Including Noncontrolling Interests": NaN,
        "Net Income Continuous Operations": NaN,
        "Tax Provision": NaN,
        "Pretax Income": NaN,
        "Other Income Expense": NaN,
        "Other Non Operating Income Expenses": NaN,
        "Special Income Charges": 0.0,
        "Other Special Charges": NaN,
        "Net Non Operating Interest Income Expense": NaN,
        "Total Other Finance Cost": NaN,
        "Interest Expense Non Operating": NaN,
        "Operating Income": NaN,
        "Operating Expense": NaN,
        "Selling General And Administration": NaN,
        "General And Administrative Expense": NaN,
        "Other Gand A": NaN,
        "Gross Profit": NaN,
        "Cost Of Revenue": NaN,
        "Total Revenue": NaN,
        "Operating Revenue": NaN
    },
    "2023-12-31": {
        "Tax Effect Of Unusual Items": 0.0,
        "Tax Rate For Calcs": 0.075658,
        "Normalized EBITDA": -4955000.0,
        "Total Unusual Items": NaN,
        "Total Unusual Items Excluding Goodwill": NaN,
        "Net Income From Continuing Operation Net Minority Interest": -47529000.0,
        "Reconciled Depreciation": 13244000.0,
        "Reconciled Cost Of Revenue": 972552000.0,
        "EBITDA": -4955000.0,
        "EBIT": -18199000.0,
        "Net Interest Income": -21315000.0,
        "Interest Expense": 20832000.0,
        "Normalized Income": -47529000.0,
        "Net Income From Continuing And Discontinued Operation": -47529000.0,
        "Total Expenses": 1043945000.0,
        "Total Operating Income As Reported": -22474000.0,
        "Diluted Average Shares": NaN,
        "Basic Average Shares": NaN,
        "Diluted EPS": NaN,
        "Basic EPS": NaN,
        "Diluted NI Availto Com Stockholders": -47529000.0,
        "Net Income Common Stockholders": -47529000.0,
        "Net Income": -47529000.0,
        "Minority Interests": -11451000.0,
        "Net Income Including Noncontrolling Interests": -36078000.0,
        "Net Income Continuous Operations": -36078000.0,
        "Tax Provision": -2953000.0,
        "Pretax Income": -39031000.0,
        "Other Income Expense": 4758000.0,
        "Other Non Operating Income Expenses": 4758000.0,
        "Special Income Charges": NaN,
        "Other Special Charges": NaN,
        "Net Non Operating Interest Income Expense": -21315000.0,
        "Total Other Finance Cost": 483000.0,
        "Interest Expense Non Operating": 20832000.0,
        "Operating Income": -22474000.0,
        "Operating Expense": 71393000.0,
        "Selling General And Administration": 71393000.0,
        "General And Administrative Expense": 71393000.0,
        "Other Gand A": 71393000.0,
        "Gross Profit": 48919000.0,
        "Cost Of Revenue": 972552000.0,
        "Total Revenue": 1021471000.0,
        "Operating Revenue": 1021471000.0
    },
    "2024-03-31": {
        "Tax Effect Of Unusual Items": 0.0,
        "Tax Rate For Calcs": 0.20994,
        "Normalized EBITDA": 67211000.0,
        "Total Unusual Items": NaN,
        "Total Unusual Items Excluding Goodwill": NaN,
        "Net Income From Continuing Operation Net Minority Interest": 15760000.0,
        "Reconciled Depreciation": 13582000.0,
        "Reconciled Cost Of Revenue": 933736000.0,
        "EBITDA": 67211000.0,
        "EBIT": 53629000.0,
        "Net Interest Income": -19307000.0,
        "Interest Expense": 18819000.0,
        "Normalized Income": 15760000.0,
        "Net Income From Continuing And Discontinued Operation": 15760000.0,
        "Total Expenses": 1000181000.0,
        "Total Operating Income As Reported": 48806000.0,
        "Diluted Average Shares": 52515000.0,
        "Basic Average Shares": 52092000.0,
        "Diluted EPS": 0.3,
        "Basic EPS": 0.3,
        "Diluted NI Availto Com Stockholders": 15760000.0,
        "Net Income Common Stockholders": 15760000.0,
        "Net Income": 15760000.0,
        "Minority Interests": -11742000.0,
        "Net Income Including Noncontrolling Interests": 27502000.0,
        "Net Income Continuous Operations": 27502000.0,
        "Tax Provision": 7308000.0,
        "Pretax Income": 34810000.0,
        "Other Income Expense": 5311000.0,
        "Other Non Operating Income Expenses": 5311000.0,
        "Special Income Charges": NaN,
        "Other Special Charges": NaN,
        "Net Non Operating Interest Income Expense": -19307000.0,
        "Total Other Finance Cost": 488000.0,
        "Interest Expense Non Operating": 18819000.0,
        "Operating Income": 48806000.0,
        "Operating Expense": 66445000.0,
        "Selling General And Administration": 66445000.0,
        "General And Administrative Expense": 66445000.0,
        "Other Gand A": 66445000.0,
        "Gross Profit": 115251000.0,
        "Cost Of Revenue": 933736000.0,
        "Total Revenue": 1048987000.0,
        "Operating Revenue": 1048987000.0
    },
    "2024-06-30": {
        "Tax Effect Of Unusual Items": -374974.0,
        "Tax Rate For Calcs": 0.313,
        "Normalized EBITDA": 59448000.0,
        "Total Unusual Items": -1198000.0,
        "Total Unusual Items Excluding Goodwill": -1198000.0,
        "Net Income From Continuing Operation Net Minority Interest": 812000.0,
        "Reconciled Depreciation": 14006000.0,
        "Reconciled Cost Of Revenue": 1010392000.0,
        "EBITDA": 58250000.0,
        "EBIT": 44244000.0,
        "Net Interest Income": -21886000.0,
        "Interest Expense": 20997000.0,
        "Normalized Income": 1635026.0,
        "Net Income From Continuing And Discontinued Operation": 812000.0,
        "Total Expenses": 1086977000.0,
        "Total Operating Income As Reported": 40493000.0,
        "Diluted Average Shares": 52848000.0,
        "Basic Average Shares": 52327000.0,
        "Diluted EPS": 0.02,
        "Basic EPS": 0.02,
        "Diluted NI Availto Com Stockholders": 812000.0,
        "Net Income Common Stockholders": 812000.0,
        "Net Income": 812000.0,
        "Minority Interests": -15157000.0,
        "Net Income Including Noncontrolling Interests": 15969000.0,
        "Net Income Continuous Operations": 15969000.0,
        "Tax Provision": 7278000.0,
        "Pretax Income": 23247000.0,
        "Other Income Expense": 4640000.0,
        "Other Non Operating Income Expenses": 5838000.0,
        "Special Income Charges": -1198000.0,
        "Other Special Charges": 1198000.0,
        "Net Non Operating Interest Income Expense": -21886000.0,
        "Total Other Finance Cost": 889000.0,
        "Interest Expense Non Operating": 20997000.0,
        "Operating Income": 40493000.0,
        "Operating Expense": 76585000.0,
        "Selling General And Administration": 76585000.0,
        "General And Administrative Expense": 76585000.0,
        "Other Gand A": 76585000.0,
        "Gross Profit": 117078000.0,
        "Cost Of Revenue": 1010392000.0,
        "Total Revenue": 1127470000.0,
        "Operating Revenue": 1127470000.0
    },
    "2024-09-30": {
        "Tax Effect Of Unusual Items": 0.0,
        "Tax Rate For Calcs": 0.275,
        "Normalized EBITDA": -89837000.0,
        "Total Unusual Items": 0.0,
        "Total Unusual Items Excluding Goodwill": 0.0,
        "Net Income From Continuing Operation Net Minority Interest": -100862000.0,
        "Reconciled Depreciation": 13510000.0,
        "Reconciled Cost Of Revenue": 1108644000.0,
        "EBITDA": -89837000.0,
        "EBIT": -103347000.0,
        "Net Interest Income": -21223000.0,
        "Interest Expense": 20196000.0,
        "Normalized Income": -100862000.0,
        "Net Income From Continuing And Discontinued Operation": -100862000.0,
        "Total Expenses": 1189623000.0,
        "Total Operating Income As Reported": -106807000.0,
        "Diluted Average Shares": 52408000.0,
        "Basic Average Shares": 52408000.0,
        "Diluted EPS": -1.92,
        "Basic EPS": -1.92,
        "Diluted NI Availto Com Stockholders": -100862000.0,
        "Net Income Common Stockholders": -100862000.0,
        "Net Income": -100862000.0,
        "Minority Interests": -11260000.0,
        "Net Income Including Noncontrolling Interests": -89602000.0,
        "Net Income Continuous Operations": -89602000.0,
        "Tax Provision": -33941000.0,
        "Pretax Income": -123543000.0,
        "Other Income Expense": 4487000.0,
        "Other Non Operating Income Expenses": 4487000.0,
        "Special Income Charges": 0.0,
        "Other Special Charges": NaN,
        "Net Non Operating Interest Income Expense": -21223000.0,
        "Total Other Finance Cost": 1027000.0,
        "Interest Expense Non Operating": 20196000.0,
        "Operating Income": -106807000.0,
        "Operating Expense": 80979000.0,
        "Selling General And Administration": 80979000.0,
        "General And Administrative Expense": 80979000.0,
        "Other Gand A": 80979000.0,
        "Gross Profit": -25828000.0,
        "Cost Of Revenue": 1108644000.0,
        "Total Revenue": 1082816000.0,
        "Operating Revenue": 1082816000.0
    },
    "2024-12-31": {
        "Tax Effect Of Unusual Items": 0.0,
        "Tax Rate For Calcs": 0.291233,
        "Normalized EBITDA": -70370000.0,
        "Total Unusual Items": 0.0,
        "Total Unusual Items Excluding Goodwill": 0.0,
        "Net Income From Continuing Operation Net Minority Interest": -79431000.0,
        "Reconciled Depreciation": 12689000.0,
        "Reconciled Cost Of Revenue": 1077111000.0,
        "EBITDA": -70370000.0,
        "EBIT": -83059000.0,
        "Net Interest Income": -25519000.0,
        "Interest Expense": 24463000.0,
        "Normalized Income": -79431000.0,
        "Net Income From Continuing And Discontinued Operation": -79431000.0,
        "Total Expenses": 1153894000.0,
        "Total Operating Income As Reported": -86245000.0,
        "Diluted Average Shares": 52460000.0,
        "Basic Average Shares": 52460000.0,
        "Diluted EPS": -1.51,
        "Basic EPS": -1.51,
        "Diluted NI Availto Com Stockholders": -79431000.0,
        "Net Income Common Stockholders": -79431000.0,
        "Net Income": -79431000.0,
        "Minority Interests": -3223000.0,
        "Net Income Including Noncontrolling Interests": -76208000.0,
        "Net Income Continuous Operations": -76208000.0,
        "Tax Provision": -31314000.0,
        "Pretax Income": -107522000.0,
        "Other Income Expense": 4242000.0,
        "Other Non Operating Income Expenses": 4242000.0,
        "Special Income Charges": 0.0,
        "Other Special Charges": 0.0,
        "Net Non Operating Interest Income Expense": -25519000.0,
        "Total Other Finance Cost": 1056000.0,
        "Interest Expense Non Operating": 24463000.0,
        "Operating Income": -86245000.0,
        "Operating Expense": 76783000.0,
        "Selling General And Administration": 76783000.0,
        "General And Administrative Expense": 76783000.0,
        "Other Gand A": 76783000.0,
        "Gross Profit": -9462000.0,
        "Cost Of Revenue": 1077111000.0,
        "Total Revenue": 1067649000.0,
        "Operating Revenue": 1067649000.0
    },
    "2025-03-31": {
        "Tax Effect Of Unusual Items": 0.0,
        "Tax Rate For Calcs": 0.231976,
        "Normalized EBITDA": 81499000.0,
        "Total Unusual Items": NaN,
        "Total Unusual Items Excluding Goodwill": NaN,
        "Net Income From Continuing Operation Net Minority Interest": 27998000.0,
        "Reconciled Depreciation": 12574000.0,
        "Reconciled Cost Of Revenue": 1112232000.0,
        "EBITDA": 81499000.0,
        "EBIT": 68925000.0,
        "Net Interest Income": -14352000.0,
        "Interest Expense": 13264000.0,
        "Normalized Income": 27998000.0,
        "Net Income From Continuing And Discontinued Operation": 27998000.0,
        "Total Expenses": 1181308000.0,
        "Total Operating Income As Reported": 65325000.0,
        "Diluted Average Shares": 53010000.0,
        "Basic Average Shares": 52537000.0,
        "Diluted EPS": 0.53,
        "Basic EPS": 0.53,
        "Diluted NI Availto Com Stockholders": 27998000.0,
        "Net Income Common Stockholders": 27998000.0,
        "Net Income": 27998000.0,
        "Minority Interests": -14751000.0,
        "Net Income Including Noncontrolling Interests": 42749000.0,
        "Net Income Continuous Operations": 42749000.0,
        "Tax Provision": 12912000.0,
        "Pretax Income": 55661000.0,
        "Other Income Expense": 4688000.0,
        "Other Non Operating Income Expenses": 4688000.0,
        "Special Income Charges": NaN,
        "Other Special Charges": NaN,
        "Net Non Operating Interest Income Expense": -14352000.0,
        "Total Other Finance Cost": 1088000.0,
        "Interest Expense Non Operating": 13264000.0,
        "Operating Income": 65325000.0,
        "Operating Expense": 69076000.0,
        "Selling General And Administration": 69076000.0,
        "General And Administrative Expense": 69076000.0,
        "Other Gand A": 69076000.0,
        "Gross Profit": 134401000.0,
        "Cost Of Revenue": 1112232000.0,
        "Total Revenue": 1246633000.0,
        "Operating Revenue": 1246633000.0
    }
}