{
    "2023-03-31": {
        "Tax Effect Of Unusual Items": NaN,
        "Tax Rate For Calcs": NaN,
        "Normalized EBITDA": NaN,
        "Net Income From Continuing Operation Net Minority Interest": NaN,
        "Reconciled Depreciation": NaN,
        "EBITDA": NaN,
        "EBIT": NaN,
        "Net Interest Income": NaN,
        "Interest Expense": NaN,
        "Interest Income": 289000.0,
        "Normalized Income": NaN,
        "Net Income From Continuing And Discontinued Operation": NaN,
        "Total Expenses": NaN,
        "Total Operating Income As Reported": NaN,
        "Diluted Average Shares": 10561700.0,
        "Basic Average Shares": 10561700.0,
        "Diluted EPS": -0.55,
        "Basic EPS": -0.55,
        "Diluted NI Availto Com Stockholders": NaN,
        "Net Income Common Stockholders": NaN,
        "Net Income": NaN,
        "Net Income Including Noncontrolling Interests": NaN,
        "Net Income Continuous Operations": NaN,
        "Tax Provision": NaN,
        "Pretax Income": NaN,
        "Other Income Expense": NaN,
        "Other Non Operating Income Expenses": NaN,
        "Net Non Operating Interest Income Expense": NaN,
        "Interest Expense Non Operating": NaN,
        "Interest Income Non Operating": 289000.0,
        "Operating Income": NaN,
        "Operating Expense": NaN,
        "Research And Development": NaN,
        "Selling General And Administration": NaN,
        "General And Administrative Expense": NaN,
        "Other Gand A": NaN,
        "Total Revenue": NaN,
        "Operating Revenue": NaN
    },
    "2022-12-31": {
        "Tax Effect Of Unusual Items": NaN,
        "Tax Rate For Calcs": NaN,
        "Normalized EBITDA": NaN,
        "Net Income From Continuing Operation Net Minority Interest": NaN,
        "Reconciled Depreciation": NaN,
        "EBITDA": NaN,
        "EBIT": NaN,
        "Net Interest Income": NaN,
        "Interest Expense": NaN,
        "Interest Income": 326000.0,
        "Normalized Income": NaN,
        "Net Income From Continuing And Discontinued Operation": NaN,
        "Total Expenses": NaN,
        "Total Operating Income As Reported": NaN,
        "Diluted Average Shares": NaN,
        "Basic Average Shares": NaN,
        "Diluted EPS": NaN,
        "Basic EPS": NaN,
        "Diluted NI Availto Com Stockholders": NaN,
        "Net Income Common Stockholders": NaN,
        "Net Income": NaN,
        "Net Income Including Noncontrolling Interests": NaN,
        "Net Income Continuous Operations": NaN,
        "Tax Provision": NaN,
        "Pretax Income": NaN,
        "Other Income Expense": NaN,
        "Other Non Operating Income Expenses": NaN,
        "Net Non Operating Interest Income Expense": NaN,
        "Interest Expense Non Operating": NaN,
        "Interest Income Non Operating": 326000.0,
        "Operating Income": NaN,
        "Operating Expense": NaN,
        "Research And Development": NaN,
        "Selling General And Administration": NaN,
        "General And Administrative Expense": NaN,
        "Other Gand A": NaN,
        "Total Revenue": NaN,
        "Operating Revenue": NaN
    },
    "2022-09-30": {
        "Tax Effect Of Unusual Items": NaN,
        "Tax Rate For Calcs": NaN,
        "Normalized EBITDA": NaN,
        "Net Income From Continuing Operation Net Minority Interest": NaN,
        "Reconciled Depreciation": NaN,
        "EBITDA": NaN,
        "EBIT": NaN,
        "Net Interest Income": NaN,
        "Interest Expense": NaN,
        "Interest Income": 213000.0,
        "Normalized Income": NaN,
        "Net Income From Continuing And Discontinued Operation": NaN,
        "Total Expenses": NaN,
        "Total Operating Income As Reported": NaN,
        "Diluted Average Shares": 13635927.0,
        "Basic Average Shares": 13635927.0,
        "Diluted EPS": -0.66,
        "Basic EPS": -0.66,
        "Diluted NI Availto Com Stockholders": NaN,
        "Net Income Common Stockholders": NaN,
        "Net Income": NaN,
        "Net Income Including Noncontrolling Interests": NaN,
        "Net Income Continuous Operations": NaN,
        "Tax Provision": NaN,
        "Pretax Income": NaN,
        "Other Income Expense": 213000.0,
        "Other Non Operating Income Expenses": 213000.0,
        "Net Non Operating Interest Income Expense": NaN,
        "Interest Expense Non Operating": NaN,
        "Interest Income Non Operating": 213000.0,
        "Operating Income": NaN,
        "Operating Expense": NaN,
        "Research And Development": NaN,
        "Selling General And Administration": NaN,
        "General And Administrative Expense": NaN,
        "Other Gand A": NaN,
        "Total Revenue": NaN,
        "Operating Revenue": NaN
    },
    "2022-06-30": {
        "Tax Effect Of Unusual Items": 0.0,
        "Tax Rate For Calcs": 0.0,
        "Normalized EBITDA": -8592000.0,
        "Net Income From Continuing Operation Net Minority Interest": -9168000.0,
        "Reconciled Depreciation": 112000.0,
        "EBITDA": -8592000.0,
        "EBIT": -8704000.0,
        "Net Interest Income": -394000.0,
        "Interest Expense": 464000.0,
        "Interest Income": 70000.0,
        "Normalized Income": -9168000.0,
        "Net Income From Continuing And Discontinued Operation": -9168000.0,
        "Total Expenses": 8774000.0,
        "Total Operating Income As Reported": -8774000.0,
        "Diluted Average Shares": 11573432.0,
        "Basic Average Shares": 11573432.0,
        "Diluted EPS": -0.79,
        "Basic EPS": -0.79,
        "Diluted NI Availto Com Stockholders": -9168000.0,
        "Net Income Common Stockholders": -9168000.0,
        "Net Income": -9168000.0,
        "Net Income Including Noncontrolling Interests": -9168000.0,
        "Net Income Continuous Operations": -9168000.0,
        "Tax Provision": 0.0,
        "Pretax Income": -9168000.0,
        "Net Non Operating Interest Income Expense": -394000.0,
        "Interest Expense Non Operating": 464000.0,
        "Interest Income Non Operating": 70000.0,
        "Operating Income": -8774000.0,
        "Operating Expense": 8774000.0,
        "Research And Development": 5651000.0,
        "Selling General And Administration": 3123000.0,
        "General And Administrative Expense": 3123000.0,
        "Other Gand A": 3123000.0,
        "Total Revenue": 0.0,
        "Operating Revenue": 0.0
    },
    "2022-03-31": {
        "Diluted EPS": -1.18,
        "Total Revenue": NaN,
        "Gross Profit": NaN,
        "Operating Income": -8,
        "EBIT": -8,
        "Net Income": -8
    },
    "2021-12-31": {
        "Diluted EPS": 11.92,
        "Total Revenue": NaN,
        "Gross Profit": NaN,
        "Operating Income": -7,
        "EBIT": -7,
        "Net Income": -8
    },
    "2021-09-30": {
        "Diluted EPS": -1.21,
        "Total Revenue": NaN,
        "Gross Profit": NaN,
        "Operating Income": -8,
        "EBIT": -8,
        "Net Income": -8
    },
    "2021-06-30": {
        "Diluted EPS": -7.63,
        "Total Revenue": NaN,
        "Gross Profit": NaN,
        "Operating Income": -7,
        "EBIT": -7,
        "Net Income": -7
    },
    "2021-03-31": {
        "Diluted EPS": -10.55,
        "Total Revenue": NaN,
        "Gross Profit": NaN,
        "Operating Income": -5,
        "EBIT": -5,
        "Net Income": -5
    },
    "2020-12-31": {
        "Diluted EPS": -8.65,
        "Total Revenue": NaN,
        "Gross Profit": NaN,
        "Operating Income": 4,
        "EBIT": 4,
        "Net Income": 3
    },
    "2020-09-30": {
        "Diluted EPS": -11.22,
        "Total Revenue": NaN,
        "Gross Profit": NaN,
        "Operating Income": -5,
        "EBIT": -5,
        "Net Income": -5
    },
    "2020-06-30": {
        "Diluted EPS": -11.42,
        "Total Revenue": NaN,
        "Gross Profit": NaN,
        "Operating Income": -5,
        "EBIT": -5,
        "Net Income": -5
    },
    "2020-03-31": {
        "Diluted EPS": -9.75,
        "Total Revenue": NaN,
        "Gross Profit": NaN,
        "Operating Income": -12,
        "EBIT": -12,
        "Net Income": -12
    },
    "2019-12-31": {
        "Diluted EPS": -12.89,
        "Total Revenue": NaN,
        "Gross Profit": NaN,
        "Operating Income": -13,
        "EBIT": -13,
        "Net Income": -13
    },
    "2019-09-30": {
        "Diluted EPS": -13.04,
        "Total Revenue": NaN,
        "Gross Profit": NaN,
        "Operating Income": -12,
        "EBIT": -11,
        "Net Income": -12
    },
    "2019-06-30": {
        "Diluted EPS": -11.1,
        "Total Revenue": NaN,
        "Gross Profit": NaN,
        "Operating Income": -10,
        "EBIT": -10,
        "Net Income": -10
    },
    "2019-03-31": {
        "Diluted EPS": -11.69,
        "Total Revenue": NaN,
        "Gross Profit": NaN,
        "Operating Income": -11,
        "EBIT": -11,
        "Net Income": -10
    },
    "2018-12-31": {
        "Diluted EPS": 87.71,
        "Total Revenue": NaN,
        "Gross Profit": NaN,
        "Operating Income": -10,
        "EBIT": -10,
        "Net Income": -11
    },
    "2018-09-30": {
        "Diluted EPS": -159.07,
        "Total Revenue": NaN,
        "Gross Profit": NaN,
        "Operating Income": -8,
        "EBIT": -8,
        "Net Income": -8
    },
    "2018-06-30": {
        "Diluted EPS": -102.25,
        "Total Revenue": NaN,
        "Gross Profit": NaN,
        "Operating Income": -5,
        "EBIT": -5,
        "Net Income": -5
    },
    "2018-03-31": {
        "Diluted EPS": -89.96,
        "Total Revenue": NaN,
        "Gross Profit": NaN,
        "Operating Income": -4,
        "EBIT": -4,
        "Net Income": -4
    },
    "2017-12-31": {
        "Diluted EPS": NaN,
        "Total Revenue": NaN,
        "Gross Profit": NaN,
        "Operating Income": -42,
        "EBIT": -44,
        "Net Income": -42
    },
    "2017-09-30": {
        "Diluted EPS": -58.44,
        "Total Revenue": 0,
        "Gross Profit": 0,
        "Operating Income": -9,
        "EBIT": -9,
        "Net Income": -9
    },
    "2017-06-30": {
        "Diluted EPS": -114.64,
        "Total Revenue": 0,
        "Gross Profit": 0,
        "Operating Income": -18,
        "EBIT": -17,
        "Net Income": -18
    },
    "2017-03-31": {
        "Diluted EPS": -94.41,
        "Total Revenue": 0,
        "Gross Profit": 0,
        "Operating Income": -15,
        "EBIT": -14,
        "Net Income": -15
    },
    "2016-12-31": {
        "Diluted EPS": -134.87,
        "Total Revenue": 0,
        "Gross Profit": -1,
        "Operating Income": -22,
        "EBIT": -22,
        "Net Income": -23
    },
    "2016-09-30": {
        "Diluted EPS": -121.38,
        "Total Revenue": 0,
        "Gross Profit": -1,
        "Operating Income": -19,
        "EBIT": -18,
        "Net Income": -19
    },
    "2016-06-30": {
        "Diluted EPS": -139.36,
        "Total Revenue": 0,
        "Gross Profit": -1,
        "Operating Income": -18,
        "EBIT": -17,
        "Net Income": -19
    },
    "2016-03-31": {
        "Diluted EPS": -179.82,
        "Total Revenue": 0,
        "Gross Profit": -1,
        "Operating Income": -21,
        "EBIT": -21,
        "Net Income": -22
    },
    "2015-12-31": {
        "Diluted EPS": -168.58,
        "Total Revenue": 0,
        "Gross Profit": -1,
        "Operating Income": -20,
        "EBIT": -19,
        "Net Income": -21
    },
    "2015-09-30": {
        "Diluted EPS": -148.35,
        "Total Revenue": 0,
        "Gross Profit": -1,
        "Operating Income": -18,
        "EBIT": -17,
        "Net Income": -18
    },
    "2015-06-30": {
        "Diluted EPS": -143.86,
        "Total Revenue": 0,
        "Gross Profit": 0,
        "Operating Income": -17,
        "EBIT": -17,
        "Net Income": -17
    },
    "2015-03-31": {
        "Diluted EPS": -146.1,
        "Total Revenue": 0,
        "Gross Profit": 0,
        "Operating Income": -17,
        "EBIT": -16,
        "Net Income": -17
    },
    "2014-12-31": {
        "Diluted EPS": -184.32,
        "Total Revenue": NaN,
        "Gross Profit": NaN,
        "Operating Income": -18,
        "EBIT": -18,
        "Net Income": -19
    },
    "2014-09-30": {
        "Diluted EPS": -121.38,
        "Total Revenue": NaN,
        "Gross Profit": NaN,
        "Operating Income": -12,
        "EBIT": -12,
        "Net Income": -13
    },
    "2014-06-30": {
        "Diluted EPS": -94.41,
        "Total Revenue": NaN,
        "Gross Profit": NaN,
        "Operating Income": -10,
        "EBIT": -9,
        "Net Income": -10
    },
    "2014-03-31": {
        "Diluted EPS": -92.16,
        "Total Revenue": NaN,
        "Gross Profit": NaN,
        "Operating Income": -8,
        "EBIT": -7,
        "Net Income": -8
    },
    "2013-12-31": {
        "Diluted EPS": -146.1,
        "Total Revenue": NaN,
        "Gross Profit": NaN,
        "Operating Income": -11,
        "EBIT": -11,
        "Net Income": -11
    },
    "2013-09-30": {
        "Diluted EPS": -89.91,
        "Total Revenue": NaN,
        "Gross Profit": NaN,
        "Operating Income": -7,
        "EBIT": -7,
        "Net Income": -7
    },
    "2013-06-30": {
        "Diluted EPS": -80.92,
        "Total Revenue": NaN,
        "Gross Profit": NaN,
        "Operating Income": -6,
        "EBIT": -6,
        "Net Income": -6
    },
    "2013-03-31": {
        "Diluted EPS": -87.66,
        "Total Revenue": NaN,
        "Gross Profit": NaN,
        "Operating Income": -5,
        "EBIT": -5,
        "Net Income": -5
    },
    "2012-12-31": {
        "Diluted EPS": 521.48,
        "Total Revenue": NaN,
        "Gross Profit": NaN,
        "Operating Income": -4,
        "EBIT": -4,
        "Net Income": -4
    },
    "2012-09-30": {
        "Diluted EPS": -94.41,
        "Total Revenue": NaN,
        "Gross Profit": NaN,
        "Operating Income": -3,
        "EBIT": -3,
        "Net Income": -3
    },
    "2012-06-30": {
        "Diluted EPS": -469.78,
        "Total Revenue": NaN,
        "Gross Profit": NaN,
        "Operating Income": -3,
        "EBIT": -3,
        "Net Income": -3
    },
    "2012-03-31": {
        "Diluted EPS": -481.02,
        "Total Revenue": NaN,
        "Gross Profit": NaN,
        "Operating Income": -3,
        "EBIT": -3,
        "Net Income": -3
    },
    "2011-12-31": {
        "Diluted EPS": 0.0,
        "Total Revenue": NaN,
        "Gross Profit": NaN,
        "Operating Income": NaN,
        "EBIT": NaN,
        "Net Income": NaN
    },
    "2011-09-30": {
        "Diluted EPS": -200.05,
        "Total Revenue": NaN,
        "Gross Profit": NaN,
        "Operating Income": -1,
        "EBIT": -1,
        "Net Income": -1
    },
    "2023-06-30": {
        "Tax Effect Of Unusual Items": NaN,
        "Tax Rate For Calcs": NaN,
        "Normalized EBITDA": NaN,
        "Net Income From Continuing Operation Net Minority Interest": NaN,
        "Reconciled Depreciation": NaN,
        "EBITDA": NaN,
        "EBIT": NaN,
        "Net Interest Income": NaN,
        "Interest Expense": NaN,
        "Interest Income": NaN,
        "Normalized Income": NaN,
        "Net Income From Continuing And Discontinued Operation": NaN,
        "Total Expenses": NaN,
        "Total Operating Income As Reported": NaN,
        "Diluted Average Shares": 14038889.0,
        "Basic Average Shares": 14038889.0,
        "Diluted EPS": -0.54,
        "Basic EPS": -0.54,
        "Diluted NI Availto Com Stockholders": NaN,
        "Net Income Common Stockholders": NaN,
        "Net Income": NaN,
        "Net Income Including Noncontrolling Interests": NaN,
        "Net Income Continuous Operations": NaN,
        "Tax Provision": NaN,
        "Pretax Income": NaN,
        "Other Income Expense": NaN,
        "Other Non Operating Income Expenses": NaN,
        "Net Non Operating Interest Income Expense": NaN,
        "Interest Expense Non Operating": NaN,
        "Interest Income Non Operating": NaN,
        "Operating Income": NaN,
        "Operating Expense": NaN,
        "Research And Development": NaN,
        "Selling General And Administration": NaN,
        "General And Administrative Expense": NaN,
        "Other Gand A": NaN,
        "Total Revenue": NaN,
        "Operating Revenue": NaN
    },
    "2023-09-30": {
        "Tax Effect Of Unusual Items": NaN,
        "Tax Rate For Calcs": NaN,
        "Normalized EBITDA": NaN,
        "Net Income From Continuing Operation Net Minority Interest": NaN,
        "Reconciled Depreciation": NaN,
        "EBITDA": NaN,
        "EBIT": NaN,
        "Net Interest Income": NaN,
        "Interest Expense": NaN,
        "Interest Income": NaN,
        "Normalized Income": NaN,
        "Net Income From Continuing And Discontinued Operation": NaN,
        "Total Expenses": NaN,
        "Total Operating Income As Reported": NaN,
        "Diluted Average Shares": 1086292.0,
        "Basic Average Shares": 1086292.0,
        "Diluted EPS": -6.24,
        "Basic EPS": -6.24,
        "Diluted NI Availto Com Stockholders": NaN,
        "Net Income Common Stockholders": NaN,
        "Net Income": NaN,
        "Net Income Including Noncontrolling Interests": NaN,
        "Net Income Continuous Operations": NaN,
        "Tax Provision": NaN,
        "Pretax Income": NaN,
        "Other Income Expense": 179000.0,
        "Other Non Operating Income Expenses": 179000.0,
        "Net Non Operating Interest Income Expense": NaN,
        "Interest Expense Non Operating": NaN,
        "Interest Income Non Operating": NaN,
        "Operating Income": NaN,
        "Operating Expense": NaN,
        "Research And Development": NaN,
        "Selling General And Administration": NaN,
        "General And Administrative Expense": NaN,
        "Other Gand A": NaN,
        "Total Revenue": NaN,
        "Operating Revenue": NaN
    },
    "2023-12-31": {
        "Tax Effect Of Unusual Items": NaN,
        "Tax Rate For Calcs": NaN,
        "Normalized EBITDA": NaN,
        "Net Income From Continuing Operation Net Minority Interest": NaN,
        "Reconciled Depreciation": NaN,
        "EBITDA": NaN,
        "EBIT": NaN,
        "Net Interest Income": NaN,
        "Interest Expense": NaN,
        "Interest Income": NaN,
        "Normalized Income": NaN,
        "Net Income From Continuing And Discontinued Operation": NaN,
        "Total Expenses": NaN,
        "Total Operating Income As Reported": NaN,
        "Diluted Average Shares": NaN,
        "Basic Average Shares": NaN,
        "Diluted EPS": NaN,
        "Basic EPS": NaN,
        "Diluted NI Availto Com Stockholders": NaN,
        "Net Income Common Stockholders": NaN,
        "Net Income": NaN,
        "Net Income Including Noncontrolling Interests": NaN,
        "Net Income Continuous Operations": NaN,
        "Tax Provision": NaN,
        "Pretax Income": NaN,
        "Other Income Expense": -697000.0,
        "Other Non Operating Income Expenses": -697000.0,
        "Net Non Operating Interest Income Expense": NaN,
        "Interest Expense Non Operating": NaN,
        "Interest Income Non Operating": NaN,
        "Operating Income": NaN,
        "Operating Expense": NaN,
        "Research And Development": NaN,
        "Selling General And Administration": NaN,
        "General And Administrative Expense": NaN,
        "Other Gand A": NaN,
        "Total Revenue": NaN,
        "Operating Revenue": NaN
    },
    "2024-03-31": {
        "Tax Effect Of Unusual Items": NaN,
        "Tax Rate For Calcs": NaN,
        "Normalized EBITDA": NaN,
        "Net Income From Continuing Operation Net Minority Interest": NaN,
        "Reconciled Depreciation": NaN,
        "EBITDA": NaN,
        "EBIT": NaN,
        "Net Interest Income": NaN,
        "Interest Expense": NaN,
        "Interest Income": NaN,
        "Normalized Income": NaN,
        "Net Income From Continuing And Discontinued Operation": NaN,
        "Total Expenses": NaN,
        "Total Operating Income As Reported": NaN,
        "Diluted Average Shares": 1710322.0,
        "Basic Average Shares": 1710322.0,
        "Diluted EPS": -4.620005,
        "Basic EPS": -4.620005,
        "Diluted NI Availto Com Stockholders": NaN,
        "Net Income Common Stockholders": NaN,
        "Net Income": NaN,
        "Net Income Including Noncontrolling Interests": NaN,
        "Net Income Continuous Operations": NaN,
        "Tax Provision": NaN,
        "Pretax Income": NaN,
        "Net Non Operating Interest Income Expense": NaN,
        "Interest Expense Non Operating": NaN,
        "Interest Income Non Operating": NaN,
        "Operating Income": NaN,
        "Operating Expense": NaN,
        "Research And Development": NaN,
        "Selling General And Administration": NaN,
        "General And Administrative Expense": NaN,
        "Other Gand A": NaN,
        "Total Revenue": NaN,
        "Operating Revenue": NaN
    },
    "2024-06-30": {
        "Tax Effect Of Unusual Items": NaN,
        "Tax Rate For Calcs": NaN,
        "Normalized EBITDA": NaN,
        "Net Income From Continuing Operation Net Minority Interest": NaN,
        "Reconciled Depreciation": NaN,
        "EBITDA": NaN,
        "EBIT": NaN,
        "Net Interest Income": NaN,
        "Interest Expense": NaN,
        "Interest Income": NaN,
        "Normalized Income": NaN,
        "Net Income From Continuing And Discontinued Operation": NaN,
        "Total Expenses": NaN,
        "Total Operating Income As Reported": NaN,
        "Diluted Average Shares": 1734335.0,
        "Basic Average Shares": 1734335.0,
        "Diluted EPS": -5.52,
        "Basic EPS": -5.52,
        "Diluted NI Availto Com Stockholders": NaN,
        "Net Income Common Stockholders": NaN,
        "Net Income": NaN,
        "Net Income Including Noncontrolling Interests": NaN,
        "Net Income Continuous Operations": NaN,
        "Tax Provision": NaN,
        "Pretax Income": NaN,
        "Net Non Operating Interest Income Expense": NaN,
        "Interest Expense Non Operating": NaN,
        "Interest Income Non Operating": NaN,
        "Operating Income": NaN,
        "Operating Expense": NaN,
        "Research And Development": NaN,
        "Selling General And Administration": NaN,
        "General And Administrative Expense": NaN,
        "Other Gand A": NaN,
        "Total Revenue": NaN,
        "Operating Revenue": NaN
    },
    "2024-09-30": {
        "Tax Effect Of Unusual Items": 0.0,
        "Tax Rate For Calcs": 0.0,
        "Normalized EBITDA": -10130000.0,
        "Net Income From Continuing Operation Net Minority Interest": -10556000.0,
        "Reconciled Depreciation": 97000.0,
        "EBITDA": -10130000.0,
        "EBIT": -10227000.0,
        "Net Interest Income": -5000.0,
        "Interest Expense": 329000.0,
        "Interest Income": 324000.0,
        "Normalized Income": -10556000.0,
        "Net Income From Continuing And Discontinued Operation": -10556000.0,
        "Total Expenses": 10551000.0,
        "Total Operating Income As Reported": -10551000.0,
        "Diluted Average Shares": 1985133.0,
        "Basic Average Shares": 1985133.0,
        "Diluted EPS": -5.32,
        "Basic EPS": -5.32,
        "Diluted NI Availto Com Stockholders": -10556000.0,
        "Net Income Common Stockholders": -10556000.0,
        "Net Income": -10556000.0,
        "Net Income Including Noncontrolling Interests": -10556000.0,
        "Net Income Continuous Operations": -10556000.0,
        "Tax Provision": 0.0,
        "Pretax Income": -10556000.0,
        "Net Non Operating Interest Income Expense": -5000.0,
        "Interest Expense Non Operating": 329000.0,
        "Interest Income Non Operating": 324000.0,
        "Operating Income": -10551000.0,
        "Operating Expense": 10551000.0,
        "Research And Development": 7557000.0,
        "Selling General And Administration": 2994000.0,
        "General And Administrative Expense": 2994000.0,
        "Other Gand A": 2994000.0,
        "Total Revenue": 0.0,
        "Operating Revenue": 0.0
    },
    "2024-12-31": {
        "Tax Effect Of Unusual Items": 0.0,
        "Tax Rate For Calcs": 0.0,
        "Normalized EBITDA": -13517000.0,
        "Net Income From Continuing Operation Net Minority Interest": -13813000.0,
        "Reconciled Depreciation": 49000.0,
        "EBITDA": -13517000.0,
        "EBIT": -13566000.0,
        "Net Interest Income": 105000.0,
        "Interest Expense": 247000.0,
        "Interest Income": 352000.0,
        "Normalized Income": -13813000.0,
        "Net Income From Continuing And Discontinued Operation": -13813000.0,
        "Total Expenses": 13918000.0,
        "Total Operating Income As Reported": -13918000.0,
        "Diluted Average Shares": NaN,
        "Basic Average Shares": NaN,
        "Diluted EPS": NaN,
        "Basic EPS": NaN,
        "Diluted NI Availto Com Stockholders": -13813000.0,
        "Net Income Common Stockholders": -13813000.0,
        "Net Income": -13813000.0,
        "Net Income Including Noncontrolling Interests": -13813000.0,
        "Net Income Continuous Operations": -13813000.0,
        "Tax Provision": 0.0,
        "Pretax Income": -13813000.0,
        "Net Non Operating Interest Income Expense": 105000.0,
        "Interest Expense Non Operating": 247000.0,
        "Interest Income Non Operating": 352000.0,
        "Operating Income": -13918000.0,
        "Operating Expense": 13918000.0,
        "Research And Development": 10742000.0,
        "Selling General And Administration": 3176000.0,
        "General And Administrative Expense": 3176000.0,
        "Other Gand A": 3176000.0,
        "Total Revenue": 0.0,
        "Operating Revenue": 0.0
    },
    "2025-03-31": {
        "Tax Effect Of Unusual Items": 0.0,
        "Tax Rate For Calcs": 0.0,
        "Normalized EBITDA": -10631000.0,
        "Net Income From Continuing Operation Net Minority Interest": -10860000.0,
        "Reconciled Depreciation": 68000.0,
        "EBITDA": -10631000.0,
        "EBIT": -10699000.0,
        "Net Interest Income": 76000.0,
        "Interest Expense": 161000.0,
        "Interest Income": 237000.0,
        "Normalized Income": -10860000.0,
        "Net Income From Continuing And Discontinued Operation": -10860000.0,
        "Total Expenses": 10936000.0,
        "Total Operating Income As Reported": -10936000.0,
        "Diluted Average Shares": 3437671.0,
        "Basic Average Shares": 3437671.0,
        "Diluted EPS": -3.160001,
        "Basic EPS": -3.160001,
        "Diluted NI Availto Com Stockholders": -10860000.0,
        "Net Income Common Stockholders": -10860000.0,
        "Net Income": -10860000.0,
        "Net Income Including Noncontrolling Interests": -10860000.0,
        "Net Income Continuous Operations": -10860000.0,
        "Tax Provision": 0.0,
        "Pretax Income": -10860000.0,
        "Net Non Operating Interest Income Expense": 76000.0,
        "Interest Expense Non Operating": 161000.0,
        "Interest Income Non Operating": 237000.0,
        "Operating Income": -10936000.0,
        "Operating Expense": 10936000.0,
        "Research And Development": 7627000.0,
        "Selling General And Administration": 3309000.0,
        "General And Administrative Expense": 3309000.0,
        "Other Gand A": 3309000.0,
        "Total Revenue": 0.0,
        "Operating Revenue": 0.0
    },
    "2025-06-30": {
        "Tax Effect Of Unusual Items": 0.0,
        "Tax Rate For Calcs": 0.0,
        "Normalized EBITDA": -7757000.0,
        "Net Income From Continuing Operation Net Minority Interest": -7870000.0,
        "Reconciled Depreciation": 67000.0,
        "EBITDA": -7757000.0,
        "EBIT": -7824000.0,
        "Net Interest Income": 96000.0,
        "Interest Expense": 46000.0,
        "Interest Income": 142000.0,
        "Normalized Income": -7870000.0,
        "Net Income From Continuing And Discontinued Operation": -7870000.0,
        "Total Expenses": 7966000.0,
        "Total Operating Income As Reported": -7966000.0,
        "Diluted Average Shares": 3802956.0,
        "Basic Average Shares": 3802956.0,
        "Diluted EPS": -2.07,
        "Basic EPS": -2.07,
        "Diluted NI Availto Com Stockholders": -7870000.0,
        "Net Income Common Stockholders": -7870000.0,
        "Net Income": -7870000.0,
        "Net Income Including Noncontrolling Interests": -7870000.0,
        "Net Income Continuous Operations": -7870000.0,
        "Tax Provision": 0.0,
        "Pretax Income": -7870000.0,
        "Net Non Operating Interest Income Expense": 96000.0,
        "Interest Expense Non Operating": 46000.0,
        "Interest Income Non Operating": 142000.0,
        "Operating Income": -7966000.0,
        "Operating Expense": 7966000.0,
        "Research And Development": 3871000.0,
        "Selling General And Administration": 4095000.0,
        "General And Administrative Expense": 4095000.0,
        "Other Gand A": 4095000.0,
        "Total Revenue": 0.0,
        "Operating Revenue": 0.0
    },
    "2025-09-30": {
        "Tax Effect Of Unusual Items": 0.0,
        "Tax Rate For Calcs": 0.0,
        "Normalized EBITDA": -3445000.0,
        "Net Income From Continuing Operation Net Minority Interest": -3511000.0,
        "Reconciled Depreciation": 66000.0,
        "EBITDA": -3445000.0,
        "EBIT": -3511000.0,
        "Net Interest Income": 86000.0,
        "Interest Expense": 0.0,
        "Interest Income": 86000.0,
        "Normalized Income": -3511000.0,
        "Net Income From Continuing And Discontinued Operation": -3511000.0,
        "Total Expenses": 3597000.0,
        "Total Operating Income As Reported": -3597000.0,
        "Diluted Average Shares": 4440111.0,
        "Basic Average Shares": 4440111.0,
        "Diluted EPS": -0.79,
        "Basic EPS": -0.79,
        "Diluted NI Availto Com Stockholders": -3511000.0,
        "Net Income Common Stockholders": -3511000.0,
        "Net Income": -3511000.0,
        "Net Income Including Noncontrolling Interests": -3511000.0,
        "Net Income Continuous Operations": -3511000.0,
        "Tax Provision": 0.0,
        "Pretax Income": -3511000.0,
        "Net Non Operating Interest Income Expense": 86000.0,
        "Interest Expense Non Operating": 0.0,
        "Interest Income Non Operating": 86000.0,
        "Operating Income": -3597000.0,
        "Operating Expense": 3597000.0,
        "Research And Development": 570000.0,
        "Selling General And Administration": 3027000.0,
        "General And Administrative Expense": 3027000.0,
        "Other Gand A": 3027000.0,
        "Total Revenue": 0.0,
        "Operating Revenue": 0.0
    }
}