{
    "2023-06-30": {
        "Tax Effect Of Unusual Items": NaN,
        "Tax Rate For Calcs": NaN,
        "Normalized EBITDA": NaN,
        "Total Unusual Items": NaN,
        "Total Unusual Items Excluding Goodwill": NaN,
        "Net Income From Continuing Operation Net Minority Interest": NaN,
        "Reconciled Depreciation": NaN,
        "Reconciled Cost Of Revenue": NaN,
        "EBITDA": NaN,
        "EBIT": NaN,
        "Net Interest Income": NaN,
        "Interest Expense": NaN,
        "Interest Income": NaN,
        "Normalized Income": NaN,
        "Net Income From Continuing And Discontinued Operation": NaN,
        "Total Expenses": NaN,
        "Total Operating Income As Reported": NaN,
        "Diluted Average Shares": NaN,
        "Basic Average Shares": NaN,
        "Diluted EPS": NaN,
        "Basic EPS": NaN,
        "Diluted NI Availto Com Stockholders": NaN,
        "Net Income Common Stockholders": NaN,
        "Preferred Stock Dividends": NaN,
        "Net Income": NaN,
        "Net Income Including Noncontrolling Interests": NaN,
        "Net Income Continuous Operations": NaN,
        "Tax Provision": NaN,
        "Pretax Income": NaN,
        "Other Income Expense": NaN,
        "Other Non Operating Income Expenses": 0.0,
        "Gain On Sale Of Security": NaN,
        "Net Non Operating Interest Income Expense": NaN,
        "Interest Expense Non Operating": NaN,
        "Interest Income Non Operating": NaN,
        "Operating Income": NaN,
        "Operating Expense": NaN,
        "Depreciation Amortization Depletion Income Statement": NaN,
        "Depreciation And Amortization In Income Statement": NaN,
        "Selling General And Administration": NaN,
        "Selling And Marketing Expense": NaN,
        "General And Administrative Expense": NaN,
        "Other Gand A": NaN,
        "Gross Profit": NaN,
        "Cost Of Revenue": NaN,
        "Total Revenue": NaN,
        "Operating Revenue": NaN
    },
    "2023-03-31": {
        "Tax Effect Of Unusual Items": NaN,
        "Tax Rate For Calcs": NaN,
        "Normalized EBITDA": NaN,
        "Total Unusual Items": NaN,
        "Total Unusual Items Excluding Goodwill": NaN,
        "Net Income From Continuing Operation Net Minority Interest": NaN,
        "Reconciled Depreciation": NaN,
        "Reconciled Cost Of Revenue": NaN,
        "EBITDA": NaN,
        "EBIT": NaN,
        "Net Interest Income": NaN,
        "Interest Expense": NaN,
        "Interest Income": NaN,
        "Normalized Income": NaN,
        "Net Income From Continuing And Discontinued Operation": NaN,
        "Total Expenses": NaN,
        "Total Operating Income As Reported": NaN,
        "Diluted Average Shares": 18751000.0,
        "Basic Average Shares": 18394000.0,
        "Diluted EPS": 0.08,
        "Basic EPS": 0.08,
        "Diluted NI Availto Com Stockholders": NaN,
        "Net Income Common Stockholders": NaN,
        "Preferred Stock Dividends": NaN,
        "Net Income": NaN,
        "Net Income Including Noncontrolling Interests": NaN,
        "Net Income Continuous Operations": NaN,
        "Tax Provision": NaN,
        "Pretax Income": NaN,
        "Other Income Expense": NaN,
        "Other Non Operating Income Expenses": NaN,
        "Gain On Sale Of Security": NaN,
        "Net Non Operating Interest Income Expense": NaN,
        "Interest Expense Non Operating": NaN,
        "Interest Income Non Operating": NaN,
        "Operating Income": NaN,
        "Operating Expense": NaN,
        "Depreciation Amortization Depletion Income Statement": NaN,
        "Depreciation And Amortization In Income Statement": NaN,
        "Selling General And Administration": NaN,
        "Selling And Marketing Expense": NaN,
        "General And Administrative Expense": NaN,
        "Other Gand A": NaN,
        "Gross Profit": NaN,
        "Cost Of Revenue": NaN,
        "Total Revenue": NaN,
        "Operating Revenue": NaN
    },
    "2022-12-31": {
        "Tax Effect Of Unusual Items": NaN,
        "Tax Rate For Calcs": NaN,
        "Normalized EBITDA": NaN,
        "Total Unusual Items": NaN,
        "Total Unusual Items Excluding Goodwill": NaN,
        "Net Income From Continuing Operation Net Minority Interest": NaN,
        "Reconciled Depreciation": NaN,
        "Reconciled Cost Of Revenue": NaN,
        "EBITDA": NaN,
        "EBIT": NaN,
        "Net Interest Income": NaN,
        "Interest Expense": NaN,
        "Interest Income": NaN,
        "Normalized Income": NaN,
        "Net Income From Continuing And Discontinued Operation": NaN,
        "Total Expenses": NaN,
        "Total Operating Income As Reported": NaN,
        "Diluted Average Shares": 18630000.0,
        "Basic Average Shares": 18402000.0,
        "Diluted EPS": 0.06,
        "Basic EPS": 0.06,
        "Diluted NI Availto Com Stockholders": NaN,
        "Net Income Common Stockholders": NaN,
        "Preferred Stock Dividends": NaN,
        "Net Income": NaN,
        "Net Income Including Noncontrolling Interests": NaN,
        "Net Income Continuous Operations": NaN,
        "Tax Provision": NaN,
        "Pretax Income": NaN,
        "Other Income Expense": NaN,
        "Other Non Operating Income Expenses": NaN,
        "Gain On Sale Of Security": NaN,
        "Net Non Operating Interest Income Expense": NaN,
        "Interest Expense Non Operating": NaN,
        "Interest Income Non Operating": NaN,
        "Operating Income": NaN,
        "Operating Expense": NaN,
        "Depreciation Amortization Depletion Income Statement": NaN,
        "Depreciation And Amortization In Income Statement": NaN,
        "Selling General And Administration": NaN,
        "Selling And Marketing Expense": NaN,
        "General And Administrative Expense": NaN,
        "Other Gand A": NaN,
        "Gross Profit": NaN,
        "Cost Of Revenue": NaN,
        "Total Revenue": NaN,
        "Operating Revenue": NaN
    },
    "2022-09-30": {
        "Tax Effect Of Unusual Items": NaN,
        "Tax Rate For Calcs": NaN,
        "Normalized EBITDA": NaN,
        "Total Unusual Items": NaN,
        "Total Unusual Items Excluding Goodwill": NaN,
        "Net Income From Continuing Operation Net Minority Interest": NaN,
        "Reconciled Depreciation": NaN,
        "Reconciled Cost Of Revenue": NaN,
        "EBITDA": NaN,
        "EBIT": NaN,
        "Net Interest Income": NaN,
        "Interest Expense": NaN,
        "Interest Income": NaN,
        "Normalized Income": NaN,
        "Net Income From Continuing And Discontinued Operation": NaN,
        "Total Expenses": NaN,
        "Total Operating Income As Reported": NaN,
        "Diluted Average Shares": NaN,
        "Basic Average Shares": NaN,
        "Diluted EPS": NaN,
        "Basic EPS": NaN,
        "Diluted NI Availto Com Stockholders": NaN,
        "Net Income Common Stockholders": NaN,
        "Preferred Stock Dividends": NaN,
        "Net Income": NaN,
        "Net Income Including Noncontrolling Interests": NaN,
        "Net Income Continuous Operations": NaN,
        "Tax Provision": NaN,
        "Pretax Income": NaN,
        "Other Income Expense": NaN,
        "Other Non Operating Income Expenses": 70047.0,
        "Gain On Sale Of Security": NaN,
        "Net Non Operating Interest Income Expense": NaN,
        "Interest Expense Non Operating": NaN,
        "Interest Income Non Operating": NaN,
        "Operating Income": NaN,
        "Operating Expense": NaN,
        "Depreciation Amortization Depletion Income Statement": NaN,
        "Depreciation And Amortization In Income Statement": NaN,
        "Selling General And Administration": NaN,
        "Selling And Marketing Expense": NaN,
        "General And Administrative Expense": NaN,
        "Other Gand A": NaN,
        "Gross Profit": NaN,
        "Cost Of Revenue": NaN,
        "Total Revenue": NaN,
        "Operating Revenue": NaN
    },
    "2023-09-30": {
        "Tax Effect Of Unusual Items": NaN,
        "Tax Rate For Calcs": NaN,
        "Normalized EBITDA": NaN,
        "Total Unusual Items": NaN,
        "Total Unusual Items Excluding Goodwill": NaN,
        "Net Income From Continuing Operation Net Minority Interest": NaN,
        "Reconciled Depreciation": NaN,
        "Reconciled Cost Of Revenue": NaN,
        "EBITDA": NaN,
        "EBIT": NaN,
        "Net Interest Income": NaN,
        "Interest Expense": NaN,
        "Interest Income": NaN,
        "Normalized Income": NaN,
        "Net Income From Continuing And Discontinued Operation": NaN,
        "Total Expenses": NaN,
        "Total Operating Income As Reported": NaN,
        "Diluted Average Shares": 18839000.0,
        "Basic Average Shares": 18225000.0,
        "Diluted EPS": 0.07,
        "Basic EPS": 0.07,
        "Diluted NI Availto Com Stockholders": NaN,
        "Net Income Common Stockholders": NaN,
        "Preferred Stock Dividends": NaN,
        "Net Income": NaN,
        "Net Income Including Noncontrolling Interests": NaN,
        "Net Income Continuous Operations": NaN,
        "Tax Provision": NaN,
        "Pretax Income": NaN,
        "Other Income Expense": NaN,
        "Gain On Sale Of Security": NaN,
        "Net Non Operating Interest Income Expense": NaN,
        "Interest Expense Non Operating": NaN,
        "Interest Income Non Operating": NaN,
        "Operating Income": NaN,
        "Operating Expense": NaN,
        "Depreciation Amortization Depletion Income Statement": NaN,
        "Depreciation And Amortization In Income Statement": NaN,
        "Selling General And Administration": NaN,
        "Selling And Marketing Expense": NaN,
        "General And Administrative Expense": NaN,
        "Other Gand A": NaN,
        "Gross Profit": NaN,
        "Cost Of Revenue": NaN,
        "Total Revenue": NaN,
        "Operating Revenue": NaN
    },
    "2023-12-31": {
        "Tax Effect Of Unusual Items": NaN,
        "Tax Rate For Calcs": NaN,
        "Normalized EBITDA": NaN,
        "Total Unusual Items": NaN,
        "Total Unusual Items Excluding Goodwill": NaN,
        "Net Income From Continuing Operation Net Minority Interest": NaN,
        "Reconciled Depreciation": NaN,
        "Reconciled Cost Of Revenue": NaN,
        "EBITDA": NaN,
        "EBIT": NaN,
        "Net Interest Income": NaN,
        "Interest Expense": NaN,
        "Interest Income": NaN,
        "Normalized Income": NaN,
        "Net Income From Continuing And Discontinued Operation": NaN,
        "Total Expenses": NaN,
        "Total Operating Income As Reported": NaN,
        "Diluted Average Shares": 18805000.0,
        "Basic Average Shares": 18162000.0,
        "Diluted EPS": 0.07,
        "Basic EPS": 0.07,
        "Diluted NI Availto Com Stockholders": NaN,
        "Net Income Common Stockholders": NaN,
        "Preferred Stock Dividends": NaN,
        "Net Income": NaN,
        "Net Income Including Noncontrolling Interests": NaN,
        "Net Income Continuous Operations": NaN,
        "Tax Provision": NaN,
        "Pretax Income": NaN,
        "Other Income Expense": NaN,
        "Gain On Sale Of Security": NaN,
        "Net Non Operating Interest Income Expense": NaN,
        "Interest Expense Non Operating": NaN,
        "Interest Income Non Operating": NaN,
        "Operating Income": NaN,
        "Operating Expense": NaN,
        "Depreciation Amortization Depletion Income Statement": NaN,
        "Depreciation And Amortization In Income Statement": NaN,
        "Selling General And Administration": NaN,
        "Selling And Marketing Expense": NaN,
        "General And Administrative Expense": NaN,
        "Other Gand A": NaN,
        "Gross Profit": NaN,
        "Cost Of Revenue": NaN,
        "Total Revenue": NaN,
        "Operating Revenue": NaN
    },
    "2024-03-31": {
        "Tax Effect Of Unusual Items": NaN,
        "Tax Rate For Calcs": NaN,
        "Normalized EBITDA": NaN,
        "Total Unusual Items": NaN,
        "Total Unusual Items Excluding Goodwill": NaN,
        "Net Income From Continuing Operation Net Minority Interest": NaN,
        "Reconciled Depreciation": NaN,
        "Reconciled Cost Of Revenue": NaN,
        "EBITDA": NaN,
        "EBIT": NaN,
        "Net Interest Income": NaN,
        "Interest Expense": NaN,
        "Interest Income": NaN,
        "Normalized Income": NaN,
        "Net Income From Continuing And Discontinued Operation": NaN,
        "Total Expenses": NaN,
        "Total Operating Income As Reported": NaN,
        "Diluted Average Shares": 18954000.0,
        "Basic Average Shares": 18194000.0,
        "Diluted EPS": 0.08,
        "Basic EPS": 0.08,
        "Diluted NI Availto Com Stockholders": NaN,
        "Net Income Common Stockholders": NaN,
        "Preferred Stock Dividends": NaN,
        "Net Income": NaN,
        "Net Income Including Noncontrolling Interests": NaN,
        "Net Income Continuous Operations": NaN,
        "Tax Provision": NaN,
        "Pretax Income": NaN,
        "Other Income Expense": NaN,
        "Gain On Sale Of Security": NaN,
        "Net Non Operating Interest Income Expense": NaN,
        "Interest Expense Non Operating": NaN,
        "Interest Income Non Operating": NaN,
        "Operating Income": NaN,
        "Operating Expense": NaN,
        "Depreciation Amortization Depletion Income Statement": NaN,
        "Depreciation And Amortization In Income Statement": NaN,
        "Selling General And Administration": NaN,
        "Selling And Marketing Expense": NaN,
        "General And Administrative Expense": NaN,
        "Other Gand A": NaN,
        "Gross Profit": NaN,
        "Cost Of Revenue": NaN,
        "Total Revenue": NaN,
        "Operating Revenue": NaN
    },
    "2024-06-30": {
        "Tax Effect Of Unusual Items": 949.012195,
        "Tax Rate For Calcs": 0.059589,
        "Normalized EBITDA": 1975874.0,
        "Total Unusual Items": 15926.0,
        "Total Unusual Items Excluding Goodwill": 15926.0,
        "Net Income From Continuing Operation Net Minority Interest": 1578166.0,
        "Reconciled Depreciation": 307424.0,
        "Reconciled Cost Of Revenue": 829497.0,
        "EBITDA": 1991800.0,
        "EBIT": 1684376.0,
        "Net Interest Income": 341212.0,
        "Interest Expense": 6210.0,
        "Interest Income": 347422.0,
        "Normalized Income": 1563189.012195,
        "Net Income From Continuing And Discontinued Operation": 1578166.0,
        "Total Expenses": 3861563.0,
        "Total Operating Income As Reported": 1321028.0,
        "Diluted Average Shares": NaN,
        "Basic Average Shares": NaN,
        "Diluted EPS": NaN,
        "Basic EPS": NaN,
        "Diluted NI Availto Com Stockholders": 1456088.0,
        "Net Income Common Stockholders": 1456088.0,
        "Preferred Stock Dividends": 122078.0,
        "Net Income": 1578166.0,
        "Net Income Including Noncontrolling Interests": 1578166.0,
        "Net Income Continuous Operations": 1578166.0,
        "Tax Provision": 100000.0,
        "Pretax Income": 1678166.0,
        "Other Income Expense": 15926.0,
        "Gain On Sale Of Security": 15926.0,
        "Net Non Operating Interest Income Expense": 341212.0,
        "Interest Expense Non Operating": 6210.0,
        "Interest Income Non Operating": 347422.0,
        "Operating Income": 1321028.0,
        "Operating Expense": 3016646.0,
        "Depreciation Amortization Depletion Income Statement": 292004.0,
        "Depreciation And Amortization In Income Statement": 292004.0,
        "Selling General And Administration": 2724642.0,
        "Selling And Marketing Expense": 1373003.0,
        "General And Administrative Expense": 1351639.0,
        "Other Gand A": 1351639.0,
        "Gross Profit": 4337674.0,
        "Cost Of Revenue": 844917.0,
        "Total Revenue": 5182591.0,
        "Operating Revenue": 5182591.0
    },
    "2024-09-30": {
        "Tax Effect Of Unusual Items": -352.614515,
        "Tax Rate For Calcs": 0.082638,
        "Normalized EBITDA": 2125382.0,
        "Total Unusual Items": -4267.0,
        "Total Unusual Items Excluding Goodwill": -4267.0,
        "Net Income From Continuing Operation Net Minority Interest": 1665155.0,
        "Reconciled Depreciation": 295788.0,
        "Reconciled Cost Of Revenue": 843642.0,
        "EBITDA": 2121115.0,
        "EBIT": 1825327.0,
        "Net Interest Income": 339361.0,
        "Interest Expense": 10172.0,
        "Interest Income": 349533.0,
        "Normalized Income": 1669069.385485,
        "Net Income From Continuing And Discontinued Operation": 1665155.0,
        "Total Expenses": 3961081.0,
        "Total Operating Income As Reported": 1480061.0,
        "Diluted Average Shares": 19102000.0,
        "Basic Average Shares": 18244000.0,
        "Diluted EPS": 0.08,
        "Basic EPS": 0.09,
        "Diluted NI Availto Com Stockholders": 1557273.0,
        "Net Income Common Stockholders": 1557273.0,
        "Preferred Stock Dividends": 107882.0,
        "Net Income": 1665155.0,
        "Net Income Including Noncontrolling Interests": 1665155.0,
        "Net Income Continuous Operations": 1665155.0,
        "Tax Provision": 150000.0,
        "Pretax Income": 1815155.0,
        "Other Income Expense": -4267.0,
        "Gain On Sale Of Security": -4267.0,
        "Net Non Operating Interest Income Expense": 339361.0,
        "Interest Expense Non Operating": 10172.0,
        "Interest Income Non Operating": 349533.0,
        "Operating Income": 1480061.0,
        "Operating Expense": 3101862.0,
        "Depreciation Amortization Depletion Income Statement": 280211.0,
        "Depreciation And Amortization In Income Statement": 280211.0,
        "Selling General And Administration": 2821651.0,
        "Selling And Marketing Expense": 1529100.0,
        "General And Administrative Expense": 1292551.0,
        "Other Gand A": 1292551.0,
        "Gross Profit": 4581923.0,
        "Cost Of Revenue": 859219.0,
        "Total Revenue": 5441142.0,
        "Operating Revenue": 5441142.0
    },
    "2024-12-31": {
        "Tax Effect Of Unusual Items": 762.13921,
        "Tax Rate For Calcs": 0.089306,
        "Normalized EBITDA": 2027171.0,
        "Total Unusual Items": 8534.0,
        "Total Unusual Items Excluding Goodwill": 8534.0,
        "Net Income From Continuing Operation Net Minority Interest": 1551080.0,
        "Reconciled Depreciation": 320487.0,
        "Reconciled Cost Of Revenue": 986781.0,
        "EBITDA": 2035705.0,
        "EBIT": 1715218.0,
        "Net Interest Income": 342600.0,
        "Interest Expense": 12033.0,
        "Interest Income": 354633.0,
        "Normalized Income": 1543308.13921,
        "Net Income From Continuing And Discontinued Operation": 1551080.0,
        "Total Expenses": 4138857.0,
        "Total Operating Income As Reported": 1352051.0,
        "Diluted Average Shares": 19143000.0,
        "Basic Average Shares": 18254000.0,
        "Diluted EPS": 0.08,
        "Basic EPS": 0.08,
        "Diluted NI Availto Com Stockholders": 1455464.0,
        "Net Income Common Stockholders": 1455464.0,
        "Preferred Stock Dividends": 95616.0,
        "Net Income": 1551080.0,
        "Net Income Including Noncontrolling Interests": 1551080.0,
        "Net Income Continuous Operations": 1551080.0,
        "Tax Provision": 152105.0,
        "Pretax Income": 1703185.0,
        "Other Income Expense": 8534.0,
        "Gain On Sale Of Security": 8534.0,
        "Net Non Operating Interest Income Expense": 342600.0,
        "Interest Expense Non Operating": 12033.0,
        "Interest Income Non Operating": 354633.0,
        "Operating Income": 1352051.0,
        "Operating Expense": 3136301.0,
        "Depreciation Amortization Depletion Income Statement": 304712.0,
        "Depreciation And Amortization In Income Statement": 304712.0,
        "Selling General And Administration": 2831589.0,
        "Selling And Marketing Expense": 1455036.0,
        "General And Administrative Expense": 1376553.0,
        "Other Gand A": 1376553.0,
        "Gross Profit": 4488352.0,
        "Cost Of Revenue": 1002556.0,
        "Total Revenue": 5490908.0,
        "Operating Revenue": 5490908.0
    },
    "2025-03-31": {
        "Tax Effect Of Unusual Items": -475.151641,
        "Tax Rate For Calcs": 0.070865,
        "Normalized EBITDA": 2479998.0,
        "Total Unusual Items": -6705.0,
        "Total Unusual Items Excluding Goodwill": -6705.0,
        "Net Income From Continuing Operation Net Minority Interest": 1965788.0,
        "Reconciled Depreciation": 344757.0,
        "Reconciled Cost Of Revenue": 895659.0,
        "EBITDA": 2473293.0,
        "EBIT": 2128536.0,
        "Net Interest Income": 313571.0,
        "Interest Expense": 12817.0,
        "Interest Income": 326388.0,
        "Normalized Income": 1972017.848359,
        "Net Income From Continuing And Discontinued Operation": 1965788.0,
        "Total Expenses": 4104879.0,
        "Total Operating Income As Reported": 1808853.0,
        "Diluted Average Shares": 19143000.0,
        "Basic Average Shares": 18254000.0,
        "Diluted EPS": 0.1,
        "Basic EPS": 0.1,
        "Diluted NI Availto Com Stockholders": 1880063.0,
        "Net Income Common Stockholders": 1880063.0,
        "Preferred Stock Dividends": 85725.0,
        "Net Income": 1965788.0,
        "Net Income Including Noncontrolling Interests": 1965788.0,
        "Net Income Continuous Operations": 1965788.0,
        "Tax Provision": 149931.0,
        "Pretax Income": 2115719.0,
        "Other Income Expense": -6705.0,
        "Gain On Sale Of Security": -6705.0,
        "Net Non Operating Interest Income Expense": 313571.0,
        "Interest Expense Non Operating": 12817.0,
        "Interest Income Non Operating": 326388.0,
        "Operating Income": 1808853.0,
        "Operating Expense": 3193186.0,
        "Depreciation Amortization Depletion Income Statement": 328723.0,
        "Depreciation And Amortization In Income Statement": 328723.0,
        "Selling General And Administration": 2864463.0,
        "Selling And Marketing Expense": 1408861.0,
        "General And Administrative Expense": 1455602.0,
        "Other Gand A": 1455602.0,
        "Gross Profit": 5002039.0,
        "Cost Of Revenue": 911693.0,
        "Total Revenue": 5913732.0,
        "Operating Revenue": 5913732.0
    },
    "2025-06-30": {
        "Tax Effect Of Unusual Items": 10460.737571,
        "Tax Rate For Calcs": 0.110804,
        "Normalized EBITDA": 2293238.0,
        "Total Unusual Items": 94408.0,
        "Total Unusual Items Excluding Goodwill": 94408.0,
        "Net Income From Continuing Operation Net Minority Interest": 1796104.0,
        "Reconciled Depreciation": 354079.0,
        "Reconciled Cost Of Revenue": 891651.0,
        "EBITDA": 2387646.0,
        "EBIT": 2033567.0,
        "Net Interest Income": 339332.0,
        "Interest Expense": 13649.0,
        "Interest Income": 352981.0,
        "Normalized Income": 1712156.737571,
        "Net Income From Continuing And Discontinued Operation": 1796104.0,
        "Total Expenses": 4174106.0,
        "Total Operating Income As Reported": 1586178.0,
        "Diluted Average Shares": NaN,
        "Basic Average Shares": NaN,
        "Diluted EPS": NaN,
        "Basic EPS": NaN,
        "Diluted NI Availto Com Stockholders": 1725021.0,
        "Net Income Common Stockholders": 1725021.0,
        "Preferred Stock Dividends": 71083.0,
        "Net Income": 1796104.0,
        "Net Income Including Noncontrolling Interests": 1796104.0,
        "Net Income Continuous Operations": 1796104.0,
        "Tax Provision": 223814.0,
        "Pretax Income": 2019918.0,
        "Other Income Expense": 94408.0,
        "Gain On Sale Of Security": 82146.0,
        "Net Non Operating Interest Income Expense": 339332.0,
        "Interest Expense Non Operating": 13649.0,
        "Interest Income Non Operating": 352981.0,
        "Operating Income": 1586178.0,
        "Operating Expense": 3266244.0,
        "Depreciation Amortization Depletion Income Statement": 337868.0,
        "Depreciation And Amortization In Income Statement": 337868.0,
        "Selling General And Administration": 2928376.0,
        "Selling And Marketing Expense": 1450275.0,
        "General And Administrative Expense": 1478101.0,
        "Other Gand A": 1478101.0,
        "Gross Profit": 4852422.0,
        "Cost Of Revenue": 907862.0,
        "Total Revenue": 5760284.0,
        "Operating Revenue": 5760284.0
    },
    "2025-09-30": {
        "Tax Effect Of Unusual Items": 4674.023157,
        "Tax Rate For Calcs": 0.198279,
        "Normalized EBITDA": 2501028.0,
        "Total Unusual Items": 23573.0,
        "Total Unusual Items Excluding Goodwill": 23573.0,
        "Net Income From Continuing Operation Net Minority Interest": 1819529.0,
        "Reconciled Depreciation": 243746.0,
        "Reconciled Cost Of Revenue": 854152.0,
        "EBITDA": 2524601.0,
        "EBIT": 2280855.0,
        "Net Interest Income": 352082.0,
        "Interest Expense": 11327.0,
        "Interest Income": 363409.0,
        "Normalized Income": 1800630.023157,
        "Net Income From Continuing And Discontinued Operation": 1819529.0,
        "Total Expenses": 4077594.0,
        "Total Operating Income As Reported": 1893873.0,
        "Diluted Average Shares": 19130000.0,
        "Basic Average Shares": 18288000.0,
        "Diluted EPS": 0.09,
        "Basic EPS": 0.1,
        "Diluted NI Availto Com Stockholders": 1760712.0,
        "Net Income Common Stockholders": 1760712.0,
        "Preferred Stock Dividends": 58817.0,
        "Net Income": 1819529.0,
        "Net Income Including Noncontrolling Interests": 1819529.0,
        "Net Income Continuous Operations": 1819529.0,
        "Tax Provision": 449999.0,
        "Pretax Income": 2269528.0,
        "Other Income Expense": 23573.0,
        "Gain On Sale Of Security": 23573.0,
        "Net Non Operating Interest Income Expense": 352082.0,
        "Interest Expense Non Operating": 11327.0,
        "Interest Income Non Operating": 363409.0,
        "Operating Income": 1893873.0,
        "Operating Expense": 3223442.0,
        "Depreciation Amortization Depletion Income Statement": 243746.0,
        "Depreciation And Amortization In Income Statement": 243746.0,
        "Selling General And Administration": 2979696.0,
        "Selling And Marketing Expense": 1607469.0,
        "General And Administrative Expense": 1372227.0,
        "Other Gand A": 1372227.0,
        "Gross Profit": 5117315.0,
        "Cost Of Revenue": 854152.0,
        "Total Revenue": 5971467.0,
        "Operating Revenue": 5971467.0
    }
}