{
    "2023-09-30": {
        "Tax Effect Of Unusual Items": NaN,
        "Tax Rate For Calcs": NaN,
        "Normalized EBITDA": NaN,
        "Total Unusual Items": 0.0,
        "Total Unusual Items Excluding Goodwill": 0.0,
        "Net Income From Continuing Operation Net Minority Interest": NaN,
        "Reconciled Depreciation": NaN,
        "EBITDA": NaN,
        "EBIT": NaN,
        "Normalized Income": NaN,
        "Net Income From Continuing And Discontinued Operation": NaN,
        "Total Expenses": NaN,
        "Total Operating Income As Reported": NaN,
        "Diluted Average Shares": 840117.0,
        "Basic Average Shares": 840117.0,
        "Diluted EPS": -5.64,
        "Basic EPS": -5.64,
        "Diluted NI Availto Com Stockholders": NaN,
        "Net Income Common Stockholders": NaN,
        "Net Income": NaN,
        "Net Income Including Noncontrolling Interests": NaN,
        "Net Income Continuous Operations": NaN,
        "Pretax Income": NaN,
        "Other Income Expense": NaN,
        "Other Non Operating Income Expenses": NaN,
        "Special Income Charges": 0.0,
        "Other Special Charges": NaN,
        "Gain On Sale Of Security": NaN,
        "Operating Income": NaN,
        "Operating Expense": NaN,
        "Research And Development": NaN,
        "Selling General And Administration": NaN,
        "General And Administrative Expense": NaN,
        "Other Gand A": NaN,
        "Insurance And Claims": 235000.0,
        "Salaries And Wages": 929000.0,
        "Total Revenue": NaN,
        "Operating Revenue": NaN
    },
    "2023-06-30": {
        "Tax Effect Of Unusual Items": NaN,
        "Tax Rate For Calcs": NaN,
        "Normalized EBITDA": NaN,
        "Total Unusual Items": 0.0,
        "Total Unusual Items Excluding Goodwill": 0.0,
        "Net Income From Continuing Operation Net Minority Interest": NaN,
        "Reconciled Depreciation": NaN,
        "EBITDA": NaN,
        "EBIT": NaN,
        "Normalized Income": NaN,
        "Net Income From Continuing And Discontinued Operation": NaN,
        "Total Expenses": NaN,
        "Total Operating Income As Reported": NaN,
        "Diluted Average Shares": 839190.0,
        "Basic Average Shares": 839190.0,
        "Diluted EPS": -5.0,
        "Basic EPS": -5.0,
        "Diluted NI Availto Com Stockholders": NaN,
        "Net Income Common Stockholders": NaN,
        "Net Income": NaN,
        "Net Income Including Noncontrolling Interests": NaN,
        "Net Income Continuous Operations": NaN,
        "Pretax Income": NaN,
        "Other Income Expense": NaN,
        "Other Non Operating Income Expenses": NaN,
        "Special Income Charges": 0.0,
        "Other Special Charges": NaN,
        "Operating Income": NaN,
        "Operating Expense": NaN,
        "Research And Development": NaN,
        "Selling General And Administration": NaN,
        "General And Administrative Expense": NaN,
        "Other Gand A": NaN,
        "Insurance And Claims": 275000.0,
        "Salaries And Wages": 1037000.0,
        "Total Revenue": NaN,
        "Operating Revenue": NaN
    },
    "2023-03-31": {
        "Tax Effect Of Unusual Items": NaN,
        "Tax Rate For Calcs": NaN,
        "Normalized EBITDA": NaN,
        "Total Unusual Items": NaN,
        "Total Unusual Items Excluding Goodwill": NaN,
        "Net Income From Continuing Operation Net Minority Interest": NaN,
        "Reconciled Depreciation": NaN,
        "EBITDA": NaN,
        "EBIT": NaN,
        "Normalized Income": NaN,
        "Net Income From Continuing And Discontinued Operation": NaN,
        "Total Expenses": NaN,
        "Total Operating Income As Reported": NaN,
        "Diluted Average Shares": NaN,
        "Basic Average Shares": NaN,
        "Diluted EPS": NaN,
        "Basic EPS": NaN,
        "Diluted NI Availto Com Stockholders": NaN,
        "Net Income Common Stockholders": NaN,
        "Net Income": NaN,
        "Net Income Including Noncontrolling Interests": NaN,
        "Net Income Continuous Operations": NaN,
        "Pretax Income": NaN,
        "Other Income Expense": NaN,
        "Other Non Operating Income Expenses": NaN,
        "Special Income Charges": NaN,
        "Other Special Charges": NaN,
        "Operating Income": NaN,
        "Operating Expense": NaN,
        "Research And Development": NaN,
        "Selling General And Administration": NaN,
        "General And Administrative Expense": NaN,
        "Other Gand A": NaN,
        "Insurance And Claims": 256000.0,
        "Salaries And Wages": 1076000.0,
        "Total Revenue": NaN,
        "Operating Revenue": NaN
    },
    "2023-12-31": {
        "Tax Effect Of Unusual Items": NaN,
        "Tax Rate For Calcs": NaN,
        "Normalized EBITDA": NaN,
        "Total Unusual Items": NaN,
        "Total Unusual Items Excluding Goodwill": NaN,
        "Net Income From Continuing Operation Net Minority Interest": NaN,
        "Reconciled Depreciation": NaN,
        "EBITDA": NaN,
        "EBIT": NaN,
        "Normalized Income": NaN,
        "Net Income From Continuing And Discontinued Operation": NaN,
        "Total Expenses": NaN,
        "Total Operating Income As Reported": NaN,
        "Diluted Average Shares": NaN,
        "Basic Average Shares": NaN,
        "Diluted EPS": NaN,
        "Basic EPS": NaN,
        "Diluted NI Availto Com Stockholders": NaN,
        "Net Income Common Stockholders": NaN,
        "Preferred Stock Dividends": NaN,
        "Net Income": NaN,
        "Net Income Including Noncontrolling Interests": NaN,
        "Net Income Continuous Operations": NaN,
        "Pretax Income": NaN,
        "Other Income Expense": NaN,
        "Other Non Operating Income Expenses": NaN,
        "Special Income Charges": NaN,
        "Other Special Charges": NaN,
        "Gain On Sale Of Security": NaN,
        "Operating Income": NaN,
        "Operating Expense": NaN,
        "Research And Development": NaN,
        "Selling General And Administration": NaN,
        "General And Administrative Expense": NaN,
        "Other Gand A": NaN,
        "Insurance And Claims": 219000.0,
        "Salaries And Wages": 939000.0,
        "Total Revenue": NaN,
        "Operating Revenue": NaN
    },
    "2024-03-31": {
        "Tax Effect Of Unusual Items": NaN,
        "Tax Rate For Calcs": NaN,
        "Normalized EBITDA": NaN,
        "Total Unusual Items": NaN,
        "Total Unusual Items Excluding Goodwill": NaN,
        "Net Income From Continuing Operation Net Minority Interest": NaN,
        "Reconciled Depreciation": NaN,
        "EBITDA": NaN,
        "EBIT": NaN,
        "Normalized Income": NaN,
        "Net Income From Continuing And Discontinued Operation": NaN,
        "Total Expenses": NaN,
        "Total Operating Income As Reported": NaN,
        "Diluted Average Shares": 841738.0,
        "Basic Average Shares": 841738.0,
        "Diluted EPS": -5.92,
        "Basic EPS": -5.92,
        "Diluted NI Availto Com Stockholders": NaN,
        "Net Income Common Stockholders": NaN,
        "Preferred Stock Dividends": NaN,
        "Net Income": NaN,
        "Net Income Including Noncontrolling Interests": NaN,
        "Net Income Continuous Operations": NaN,
        "Pretax Income": NaN,
        "Other Income Expense": NaN,
        "Other Non Operating Income Expenses": NaN,
        "Special Income Charges": NaN,
        "Other Special Charges": NaN,
        "Gain On Sale Of Security": NaN,
        "Operating Income": NaN,
        "Operating Expense": NaN,
        "Research And Development": NaN,
        "Selling General And Administration": NaN,
        "General And Administrative Expense": NaN,
        "Other Gand A": NaN,
        "Insurance And Claims": 99000.0,
        "Salaries And Wages": 954000.0,
        "Total Revenue": NaN,
        "Operating Revenue": NaN
    },
    "2022-09-30": {
        "Tax Effect Of Unusual Items": NaN,
        "Tax Rate For Calcs": NaN,
        "Normalized EBITDA": NaN,
        "Net Income From Continuing Operation Net Minority Interest": NaN,
        "Reconciled Depreciation": NaN,
        "EBITDA": NaN,
        "EBIT": NaN,
        "Normalized Income": NaN,
        "Net Income From Continuing And Discontinued Operation": NaN,
        "Total Expenses": NaN,
        "Total Operating Income As Reported": NaN,
        "Diluted Average Shares": 20915408.0,
        "Basic Average Shares": 20915408.0,
        "Diluted EPS": -0.26,
        "Basic EPS": -0.26,
        "Diluted NI Availto Com Stockholders": NaN,
        "Net Income Common Stockholders": NaN,
        "Net Income": NaN,
        "Net Income Including Noncontrolling Interests": NaN,
        "Net Income Continuous Operations": NaN,
        "Pretax Income": NaN,
        "Other Income Expense": NaN,
        "Other Non Operating Income Expenses": NaN,
        "Operating Income": NaN,
        "Operating Expense": NaN,
        "Research And Development": NaN,
        "Selling General And Administration": NaN,
        "General And Administrative Expense": NaN,
        "Other Gand A": NaN,
        "Insurance And Claims": NaN,
        "Salaries And Wages": NaN,
        "Total Revenue": NaN,
        "Operating Revenue": NaN
    },
    "2024-06-30": {
        "Tax Effect Of Unusual Items": 0.0,
        "Tax Rate For Calcs": 0.0,
        "Normalized EBITDA": -123344000.0,
        "Total Unusual Items": -117464000.0,
        "Total Unusual Items Excluding Goodwill": -117464000.0,
        "Net Income From Continuing Operation Net Minority Interest": -123143000.0,
        "Reconciled Depreciation": 4000.0,
        "EBITDA": -123344000.0,
        "EBIT": -123348000.0,
        "Normalized Income": -123143000.0,
        "Net Income From Continuing And Discontinued Operation": -123143000.0,
        "Total Expenses": 123405000.0,
        "Total Operating Income As Reported": -123348000.0,
        "Diluted Average Shares": 1012430.0,
        "Basic Average Shares": 1012430.0,
        "Diluted EPS": -20.52,
        "Basic EPS": -20.52,
        "Diluted NI Availto Com Stockholders": -20774000.0,
        "Net Income Common Stockholders": -20774000.0,
        "Preferred Stock Dividends": -102369000.0,
        "Net Income": -123143000.0,
        "Net Income Including Noncontrolling Interests": -123143000.0,
        "Net Income Continuous Operations": -123143000.0,
        "Pretax Income": -123143000.0,
        "Other Income Expense": 205000.0,
        "Other Non Operating Income Expenses": 205000.0,
        "Special Income Charges": -117464000.0,
        "Other Special Charges": 117464000.0,
        "Gain On Sale Of Security": NaN,
        "Operating Income": -123348000.0,
        "Operating Expense": 123405000.0,
        "Research And Development": 121428000.0,
        "Selling General And Administration": 1977000.0,
        "General And Administrative Expense": 1977000.0,
        "Other Gand A": 249000.0,
        "Insurance And Claims": 224000.0,
        "Salaries And Wages": 1504000.0,
        "Total Revenue": 57000.0,
        "Operating Revenue": 57000.0
    },
    "2024-09-30": {
        "Tax Effect Of Unusual Items": 0.0,
        "Tax Rate For Calcs": 0.0,
        "Normalized EBITDA": -8534000.0,
        "Total Unusual Items": 0.0,
        "Total Unusual Items Excluding Goodwill": 0.0,
        "Net Income From Continuing Operation Net Minority Interest": -8475000.0,
        "Reconciled Depreciation": 2000.0,
        "EBITDA": -8534000.0,
        "EBIT": -8536000.0,
        "Normalized Income": -8475000.0,
        "Net Income From Continuing And Discontinued Operation": -8475000.0,
        "Total Expenses": 8593000.0,
        "Total Operating Income As Reported": -8536000.0,
        "Diluted Average Shares": 961530.0,
        "Basic Average Shares": 961530.0,
        "Diluted EPS": -8.81,
        "Basic EPS": -8.81,
        "Diluted NI Availto Com Stockholders": -8475000.0,
        "Net Income Common Stockholders": -8475000.0,
        "Preferred Stock Dividends": NaN,
        "Net Income": -8475000.0,
        "Net Income Including Noncontrolling Interests": -8475000.0,
        "Net Income Continuous Operations": -8475000.0,
        "Pretax Income": -8475000.0,
        "Other Income Expense": 61000.0,
        "Other Non Operating Income Expenses": 61000.0,
        "Special Income Charges": 0.0,
        "Other Special Charges": NaN,
        "Gain On Sale Of Security": NaN,
        "Operating Income": -8536000.0,
        "Operating Expense": 8593000.0,
        "Research And Development": 5113000.0,
        "Selling General And Administration": 3480000.0,
        "General And Administrative Expense": 3480000.0,
        "Other Gand A": 3480000.0,
        "Insurance And Claims": NaN,
        "Salaries And Wages": NaN,
        "Total Revenue": 57000.0,
        "Operating Revenue": 57000.0
    },
    "2024-12-31": {
        "Tax Effect Of Unusual Items": 0.0,
        "Tax Rate For Calcs": 0.0,
        "Normalized EBITDA": -5276000.0,
        "Total Unusual Items": -24438000.0,
        "Total Unusual Items Excluding Goodwill": -24438000.0,
        "Net Income From Continuing Operation Net Minority Interest": -29922000.0,
        "Reconciled Depreciation": 2000.0,
        "EBITDA": -5276000.0,
        "EBIT": -5278000.0,
        "Normalized Income": -29922000.0,
        "Net Income From Continuing And Discontinued Operation": -29922000.0,
        "Total Expenses": 5334000.0,
        "Total Operating Income As Reported": -5278000.0,
        "Diluted Average Shares": NaN,
        "Basic Average Shares": NaN,
        "Diluted EPS": NaN,
        "Basic EPS": NaN,
        "Diluted NI Availto Com Stockholders": 81927000.0,
        "Net Income Common Stockholders": 81927000.0,
        "Preferred Stock Dividends": NaN,
        "Net Income": -29922000.0,
        "Net Income Including Noncontrolling Interests": -29922000.0,
        "Net Income Continuous Operations": -29922000.0,
        "Pretax Income": -29922000.0,
        "Other Income Expense": -24644000.0,
        "Other Non Operating Income Expenses": -206000.0,
        "Special Income Charges": 0.0,
        "Other Special Charges": 0.0,
        "Gain On Sale Of Security": NaN,
        "Operating Income": -5278000.0,
        "Operating Expense": 5334000.0,
        "Research And Development": 1858000.0,
        "Selling General And Administration": 3476000.0,
        "General And Administrative Expense": 3476000.0,
        "Other Gand A": -1628000.0,
        "Insurance And Claims": NaN,
        "Salaries And Wages": NaN,
        "Total Revenue": 56000.0,
        "Operating Revenue": 56000.0
    },
    "2025-03-31": {
        "Tax Effect Of Unusual Items": 5567730.0,
        "Tax Rate For Calcs": 0.21,
        "Normalized EBITDA": -31715000.0,
        "Total Unusual Items": 26513000.0,
        "Total Unusual Items Excluding Goodwill": 26513000.0,
        "Net Income From Continuing Operation Net Minority Interest": 21490000.0,
        "Reconciled Depreciation": 1000.0,
        "EBITDA": -5202000.0,
        "EBIT": -5203000.0,
        "Normalized Income": 544730.0,
        "Net Income From Continuing And Discontinued Operation": 21490000.0,
        "Total Expenses": 5260000.0,
        "Total Operating Income As Reported": -5203000.0,
        "Diluted Average Shares": 7215125.0,
        "Basic Average Shares": 6965927.0,
        "Diluted EPS": 2.09,
        "Basic EPS": 2.17,
        "Diluted NI Availto Com Stockholders": 21490000.0,
        "Net Income Common Stockholders": 21490000.0,
        "Preferred Stock Dividends": NaN,
        "Net Income": 21490000.0,
        "Net Income Including Noncontrolling Interests": 21490000.0,
        "Net Income Continuous Operations": 21490000.0,
        "Pretax Income": 21490000.0,
        "Other Income Expense": 26693000.0,
        "Other Non Operating Income Expenses": 180000.0,
        "Special Income Charges": NaN,
        "Other Special Charges": NaN,
        "Gain On Sale Of Security": 26513000.0,
        "Operating Income": -5203000.0,
        "Operating Expense": 5260000.0,
        "Research And Development": 2506000.0,
        "Selling General And Administration": 2754000.0,
        "General And Administrative Expense": 2754000.0,
        "Other Gand A": 1512000.0,
        "Insurance And Claims": 193000.0,
        "Salaries And Wages": 1049000.0,
        "Total Revenue": 57000.0,
        "Operating Revenue": 57000.0
    },
    "2025-06-30": {
        "Tax Effect Of Unusual Items": 0.0,
        "Tax Rate For Calcs": 0.0,
        "Normalized EBITDA": -1394000.0,
        "Total Unusual Items": 146000.0,
        "Total Unusual Items Excluding Goodwill": 146000.0,
        "Net Income From Continuing Operation Net Minority Interest": -915000.0,
        "Reconciled Depreciation": 1000.0,
        "EBITDA": -1248000.0,
        "EBIT": -1249000.0,
        "Normalized Income": -1061000.0,
        "Net Income From Continuing And Discontinued Operation": -915000.0,
        "Total Expenses": 3982000.0,
        "Total Operating Income As Reported": -1249000.0,
        "Diluted Average Shares": 5820903.0,
        "Basic Average Shares": 5820903.0,
        "Diluted EPS": -0.11,
        "Basic EPS": -0.11,
        "Diluted NI Availto Com Stockholders": -625000.0,
        "Net Income Common Stockholders": -625000.0,
        "Preferred Stock Dividends": -290000.0,
        "Net Income": -915000.0,
        "Net Income Including Noncontrolling Interests": -915000.0,
        "Net Income Continuous Operations": -915000.0,
        "Pretax Income": -915000.0,
        "Other Income Expense": 334000.0,
        "Other Non Operating Income Expenses": 188000.0,
        "Special Income Charges": NaN,
        "Other Special Charges": NaN,
        "Gain On Sale Of Security": 146000.0,
        "Operating Income": -1249000.0,
        "Operating Expense": 3982000.0,
        "Research And Development": 2291000.0,
        "Selling General And Administration": 1691000.0,
        "General And Administrative Expense": 1691000.0,
        "Other Gand A": 897000.0,
        "Insurance And Claims": 194000.0,
        "Salaries And Wages": 600000.0,
        "Total Revenue": 2733000.0,
        "Operating Revenue": 2733000.0
    }
}