{
    "2023-06-30": {
        "Tax Effect Of Unusual Items": NaN,
        "Tax Rate For Calcs": NaN,
        "Normalized EBITDA": NaN,
        "Total Unusual Items": NaN,
        "Total Unusual Items Excluding Goodwill": NaN,
        "Net Income From Continuing Operation Net Minority Interest": NaN,
        "Reconciled Depreciation": NaN,
        "Reconciled Cost Of Revenue": NaN,
        "EBITDA": NaN,
        "EBIT": NaN,
        "Net Interest Income": NaN,
        "Normalized Income": NaN,
        "Net Income From Continuing And Discontinued Operation": NaN,
        "Total Expenses": NaN,
        "Total Operating Income As Reported": NaN,
        "Diluted Average Shares": NaN,
        "Basic Average Shares": NaN,
        "Diluted EPS": NaN,
        "Basic EPS": NaN,
        "Diluted NI Availto Com Stockholders": NaN,
        "Net Income Common Stockholders": NaN,
        "Net Income": NaN,
        "Net Income Including Noncontrolling Interests": NaN,
        "Net Income Continuous Operations": NaN,
        "Tax Provision": NaN,
        "Pretax Income": NaN,
        "Other Income Expense": NaN,
        "Other Non Operating Income Expenses": NaN,
        "Special Income Charges": NaN,
        "Other Special Charges": NaN,
        "Impairment Of Capital Assets": NaN,
        "Restructuring And Mergern Acquisition": NaN,
        "Net Non Operating Interest Income Expense": NaN,
        "Total Other Finance Cost": NaN,
        "Operating Income": NaN,
        "Operating Expense": NaN,
        "Depreciation Amortization Depletion Income Statement": NaN,
        "Depreciation And Amortization In Income Statement": NaN,
        "Amortization": NaN,
        "Amortization Of Intangibles Income Statement": NaN,
        "Depreciation Income Statement": NaN,
        "Research And Development": NaN,
        "Selling General And Administration": NaN,
        "Selling And Marketing Expense": NaN,
        "General And Administrative Expense": NaN,
        "Other Gand A": NaN,
        "Salaries And Wages": 7886000.0,
        "Gross Profit": NaN,
        "Cost Of Revenue": NaN,
        "Total Revenue": NaN,
        "Operating Revenue": NaN
    },
    "2023-03-31": {
        "Tax Effect Of Unusual Items": NaN,
        "Tax Rate For Calcs": NaN,
        "Normalized EBITDA": NaN,
        "Total Unusual Items": NaN,
        "Total Unusual Items Excluding Goodwill": NaN,
        "Net Income From Continuing Operation Net Minority Interest": NaN,
        "Reconciled Depreciation": NaN,
        "Reconciled Cost Of Revenue": NaN,
        "EBITDA": NaN,
        "EBIT": NaN,
        "Net Interest Income": NaN,
        "Interest Income": 25029000.0,
        "Normalized Income": NaN,
        "Net Income From Continuing And Discontinued Operation": NaN,
        "Total Expenses": NaN,
        "Total Operating Income As Reported": NaN,
        "Diluted Average Shares": NaN,
        "Basic Average Shares": NaN,
        "Diluted EPS": NaN,
        "Basic EPS": NaN,
        "Diluted NI Availto Com Stockholders": NaN,
        "Net Income Common Stockholders": NaN,
        "Net Income": NaN,
        "Net Income Including Noncontrolling Interests": NaN,
        "Net Income Continuous Operations": NaN,
        "Tax Provision": NaN,
        "Pretax Income": NaN,
        "Other Income Expense": NaN,
        "Other Non Operating Income Expenses": NaN,
        "Special Income Charges": NaN,
        "Other Special Charges": NaN,
        "Impairment Of Capital Assets": NaN,
        "Restructuring And Mergern Acquisition": NaN,
        "Net Non Operating Interest Income Expense": NaN,
        "Total Other Finance Cost": NaN,
        "Interest Income Non Operating": 25029000.0,
        "Operating Income": NaN,
        "Operating Expense": NaN,
        "Depreciation Amortization Depletion Income Statement": NaN,
        "Depreciation And Amortization In Income Statement": NaN,
        "Amortization": NaN,
        "Amortization Of Intangibles Income Statement": NaN,
        "Depreciation Income Statement": NaN,
        "Research And Development": NaN,
        "Selling General And Administration": NaN,
        "Selling And Marketing Expense": NaN,
        "General And Administrative Expense": NaN,
        "Other Gand A": NaN,
        "Salaries And Wages": NaN,
        "Gross Profit": NaN,
        "Cost Of Revenue": NaN,
        "Total Revenue": NaN,
        "Operating Revenue": NaN
    },
    "2022-12-31": {
        "Tax Effect Of Unusual Items": NaN,
        "Tax Rate For Calcs": NaN,
        "Normalized EBITDA": NaN,
        "Total Unusual Items": NaN,
        "Total Unusual Items Excluding Goodwill": NaN,
        "Net Income From Continuing Operation Net Minority Interest": NaN,
        "Reconciled Depreciation": NaN,
        "Reconciled Cost Of Revenue": NaN,
        "EBITDA": NaN,
        "EBIT": NaN,
        "Net Interest Income": NaN,
        "Interest Expense": 6024000.0,
        "Interest Income": NaN,
        "Normalized Income": NaN,
        "Net Income From Continuing And Discontinued Operation": NaN,
        "Total Expenses": NaN,
        "Total Operating Income As Reported": NaN,
        "Diluted Average Shares": NaN,
        "Basic Average Shares": NaN,
        "Diluted EPS": NaN,
        "Basic EPS": NaN,
        "Diluted NI Availto Com Stockholders": NaN,
        "Net Income Common Stockholders": NaN,
        "Net Income": NaN,
        "Net Income Including Noncontrolling Interests": NaN,
        "Net Income Discontinuous Operations": -2000.0,
        "Net Income Continuous Operations": NaN,
        "Tax Provision": NaN,
        "Pretax Income": NaN,
        "Other Income Expense": NaN,
        "Other Non Operating Income Expenses": NaN,
        "Special Income Charges": NaN,
        "Other Special Charges": NaN,
        "Impairment Of Capital Assets": NaN,
        "Restructuring And Mergern Acquisition": NaN,
        "Net Non Operating Interest Income Expense": NaN,
        "Total Other Finance Cost": NaN,
        "Interest Expense Non Operating": 6024000.0,
        "Interest Income Non Operating": NaN,
        "Operating Income": NaN,
        "Operating Expense": NaN,
        "Depreciation Amortization Depletion Income Statement": NaN,
        "Depreciation And Amortization In Income Statement": NaN,
        "Amortization": NaN,
        "Amortization Of Intangibles Income Statement": NaN,
        "Depreciation Income Statement": NaN,
        "Research And Development": NaN,
        "Selling General And Administration": NaN,
        "Selling And Marketing Expense": NaN,
        "General And Administrative Expense": NaN,
        "Other Gand A": NaN,
        "Salaries And Wages": NaN,
        "Gross Profit": NaN,
        "Cost Of Revenue": NaN,
        "Total Revenue": NaN,
        "Operating Revenue": NaN
    },
    "2022-09-30": {
        "Tax Effect Of Unusual Items": NaN,
        "Tax Rate For Calcs": NaN,
        "Normalized EBITDA": NaN,
        "Total Unusual Items": NaN,
        "Total Unusual Items Excluding Goodwill": NaN,
        "Net Income From Continuing Operation Net Minority Interest": NaN,
        "Reconciled Depreciation": NaN,
        "Reconciled Cost Of Revenue": NaN,
        "EBITDA": NaN,
        "EBIT": NaN,
        "Net Interest Income": NaN,
        "Interest Expense": 5720000.0,
        "Interest Income": NaN,
        "Normalized Income": NaN,
        "Net Income From Continuing And Discontinued Operation": NaN,
        "Total Expenses": NaN,
        "Total Operating Income As Reported": NaN,
        "Diluted Average Shares": NaN,
        "Basic Average Shares": NaN,
        "Diluted EPS": NaN,
        "Basic EPS": NaN,
        "Diluted NI Availto Com Stockholders": NaN,
        "Net Income Common Stockholders": NaN,
        "Net Income": NaN,
        "Net Income Including Noncontrolling Interests": NaN,
        "Net Income Discontinuous Operations": -1000.0,
        "Net Income Continuous Operations": NaN,
        "Tax Provision": NaN,
        "Pretax Income": NaN,
        "Other Income Expense": NaN,
        "Other Non Operating Income Expenses": NaN,
        "Special Income Charges": NaN,
        "Other Special Charges": NaN,
        "Impairment Of Capital Assets": 0.0,
        "Restructuring And Mergern Acquisition": NaN,
        "Net Non Operating Interest Income Expense": NaN,
        "Total Other Finance Cost": NaN,
        "Interest Expense Non Operating": 5720000.0,
        "Interest Income Non Operating": NaN,
        "Operating Income": NaN,
        "Operating Expense": NaN,
        "Depreciation Amortization Depletion Income Statement": NaN,
        "Depreciation And Amortization In Income Statement": NaN,
        "Amortization": NaN,
        "Amortization Of Intangibles Income Statement": NaN,
        "Depreciation Income Statement": NaN,
        "Research And Development": NaN,
        "Selling General And Administration": NaN,
        "Selling And Marketing Expense": NaN,
        "General And Administrative Expense": NaN,
        "Other Gand A": NaN,
        "Salaries And Wages": NaN,
        "Gross Profit": NaN,
        "Cost Of Revenue": NaN,
        "Total Revenue": NaN,
        "Operating Revenue": NaN
    },
    "2022-06-30": {
        "Tax Effect Of Unusual Items": -28832.385542,
        "Tax Rate For Calcs": 0.225253,
        "Normalized EBITDA": 8489000.0,
        "Total Unusual Items": -128000.0,
        "Total Unusual Items Excluding Goodwill": -128000.0,
        "Net Income From Continuing Operation Net Minority Interest": -8038000.0,
        "Reconciled Depreciation": 11971000.0,
        "Reconciled Cost Of Revenue": 14574000.0,
        "EBITDA": 8361000.0,
        "EBIT": -3610000.0,
        "Net Interest Income": -6765000.0,
        "Interest Expense": 6765000.0,
        "Interest Income": NaN,
        "Normalized Income": -7938832.385542,
        "Net Income From Continuing And Discontinued Operation": -8038000.0,
        "Total Expenses": 265689000.0,
        "Total Operating Income As Reported": -3894000.0,
        "Diluted Average Shares": 12723000.0,
        "Basic Average Shares": 12723000.0,
        "Diluted EPS": -0.63,
        "Basic EPS": -0.63,
        "Diluted NI Availto Com Stockholders": -8038000.0,
        "Net Income Common Stockholders": -8038000.0,
        "Net Income": -8038000.0,
        "Net Income Including Noncontrolling Interests": -8038000.0,
        "Net Income Discontinuous Operations": 0.0,
        "Net Income Continuous Operations": -8038000.0,
        "Tax Provision": -2337000.0,
        "Pretax Income": -10375000.0,
        "Other Income Expense": 156000.0,
        "Other Non Operating Income Expenses": 284000.0,
        "Special Income Charges": -128000.0,
        "Other Special Charges": -7000.0,
        "Restructuring And Mergern Acquisition": 135000.0,
        "Net Non Operating Interest Income Expense": -6765000.0,
        "Total Other Finance Cost": NaN,
        "Interest Expense Non Operating": 6765000.0,
        "Interest Income Non Operating": NaN,
        "Operating Income": -3766000.0,
        "Operating Expense": 251115000.0,
        "Depreciation Amortization Depletion Income Statement": 11971000.0,
        "Depreciation And Amortization In Income Statement": 11971000.0,
        "Amortization": 7075000.0,
        "Amortization Of Intangibles Income Statement": 7075000.0,
        "Depreciation Income Statement": 4896000.0,
        "Research And Development": 14318000.0,
        "Selling General And Administration": 224826000.0,
        "Selling And Marketing Expense": 184537000.0,
        "General And Administrative Expense": 40289000.0,
        "Other Gand A": 40289000.0,
        "Salaries And Wages": NaN,
        "Gross Profit": 247349000.0,
        "Cost Of Revenue": 14574000.0,
        "Total Revenue": 261923000.0,
        "Operating Revenue": 261923000.0
    },
    "2023-04-30": {
        "Diluted EPS": 1.35,
        "Total Revenue": NaN,
        "Gross Profit": NaN,
        "Operating Income": 420,
        "EBIT": 617,
        "Net Income": 299
    },
    "2023-01-31": {
        "Diluted EPS": 2.04,
        "Total Revenue": NaN,
        "Gross Profit": NaN,
        "Operating Income": 618,
        "EBIT": 816,
        "Net Income": 452
    },
    "2022-10-31": {
        "Diluted EPS": 1.2,
        "Total Revenue": NaN,
        "Gross Profit": NaN,
        "Operating Income": 381,
        "EBIT": 571,
        "Net Income": 267
    },
    "2022-07-31": {
        "Diluted EPS": 1.6,
        "Total Revenue": NaN,
        "Gross Profit": NaN,
        "Operating Income": 505,
        "EBIT": 700,
        "Net Income": 360
    },
    "2022-04-30": {
        "Diluted EPS": 2.37,
        "Total Revenue": NaN,
        "Gross Profit": NaN,
        "Operating Income": 732,
        "EBIT": 922,
        "Net Income": 536
    },
    "2022-01-31": {
        "Diluted EPS": 2.01,
        "Total Revenue": NaN,
        "Gross Profit": NaN,
        "Operating Income": 579,
        "EBIT": 771,
        "Net Income": 454
    },
    "2021-10-31": {
        "Diluted EPS": 0.96,
        "Total Revenue": NaN,
        "Gross Profit": NaN,
        "Operating Income": 311,
        "EBIT": 491,
        "Net Income": 217
    },
    "2021-07-31": {
        "Diluted EPS": 1.23,
        "Total Revenue": NaN,
        "Gross Profit": NaN,
        "Operating Income": 402,
        "EBIT": 580,
        "Net Income": 282
    },
    "2021-04-30": {
        "Diluted EPS": 1.6,
        "Total Revenue": NaN,
        "Gross Profit": NaN,
        "Operating Income": 520,
        "EBIT": 694,
        "Net Income": 375
    },
    "2021-01-31": {
        "Diluted EPS": 2.12,
        "Total Revenue": NaN,
        "Gross Profit": NaN,
        "Operating Income": 682,
        "EBIT": 865,
        "Net Income": 503
    },
    "2020-10-31": {
        "Diluted EPS": 1.39,
        "Total Revenue": NaN,
        "Gross Profit": NaN,
        "Operating Income": 466,
        "EBIT": 637,
        "Net Income": 330
    },
    "2020-07-31": {
        "Diluted EPS": 1.1,
        "Total Revenue": NaN,
        "Gross Profit": NaN,
        "Operating Income": 375,
        "EBIT": 544,
        "Net Income": 262
    },
    "2020-04-30": {
        "Diluted EPS": 1.04,
        "Total Revenue": NaN,
        "Gross Profit": NaN,
        "Operating Income": 366,
        "EBIT": 533,
        "Net Income": 248
    },
    "2020-01-31": {
        "Diluted EPS": 0.51,
        "Total Revenue": NaN,
        "Gross Profit": NaN,
        "Operating Income": 249,
        "EBIT": 744,
        "Net Income": 123
    },
    "2019-10-31": {
        "Diluted EPS": 1.08,
        "Total Revenue": NaN,
        "Gross Profit": NaN,
        "Operating Income": 358,
        "EBIT": 520,
        "Net Income": 256
    },
    "2019-07-31": {
        "Diluted EPS": 0.76,
        "Total Revenue": NaN,
        "Gross Profit": NaN,
        "Operating Income": 269,
        "EBIT": 426,
        "Net Income": 180
    },
    "2019-04-30": {
        "Diluted EPS": 1.12,
        "Total Revenue": NaN,
        "Gross Profit": NaN,
        "Operating Income": 386,
        "EBIT": 538,
        "Net Income": 268
    },
    "2019-01-31": {
        "Diluted EPS": -9.69,
        "Total Revenue": NaN,
        "Gross Profit": NaN,
        "Operating Income": NaN,
        "EBIT": 750,
        "Net Income": NaN
    },
    "2018-10-31": {
        "Diluted EPS": 1.18,
        "Total Revenue": NaN,
        "Gross Profit": NaN,
        "Operating Income": 388,
        "EBIT": 540,
        "Net Income": 282
    },
    "2018-07-31": {
        "Diluted EPS": 1.15,
        "Total Revenue": NaN,
        "Gross Profit": NaN,
        "Operating Income": 383,
        "EBIT": 537,
        "Net Income": 274
    },
    "2018-04-30": {
        "Diluted EPS": 0.67,
        "Total Revenue": NaN,
        "Gross Profit": NaN,
        "Operating Income": 438,
        "EBIT": 639,
        "Net Income": 161
    },
    "2018-01-31": {
        "Diluted EPS": 4.37,
        "Total Revenue": NaN,
        "Gross Profit": NaN,
        "Operating Income": 766,
        "EBIT": 926,
        "Net Income": NaN
    },
    "2017-10-31": {
        "Diluted EPS": 1.01,
        "Total Revenue": NaN,
        "Gross Profit": NaN,
        "Operating Income": 425,
        "EBIT": 578,
        "Net Income": 240
    },
    "2017-07-31": {
        "Diluted EPS": 0.98,
        "Total Revenue": NaN,
        "Gross Profit": NaN,
        "Operating Income": 420,
        "EBIT": 576,
        "Net Income": 234
    },
    "2017-04-30": {
        "Diluted EPS": 0.85,
        "Total Revenue": NaN,
        "Gross Profit": NaN,
        "Operating Income": 389,
        "EBIT": 546,
        "Net Income": 201
    },
    "2017-01-31": {
        "Diluted EPS": 1.36,
        "Total Revenue": NaN,
        "Gross Profit": NaN,
        "Operating Income": 587,
        "EBIT": 758,
        "Net Income": 322
    },
    "2016-10-31": {
        "Diluted EPS": 0.72,
        "Total Revenue": NaN,
        "Gross Profit": NaN,
        "Operating Income": 342,
        "EBIT": 530,
        "Net Income": 172
    },
    "2016-07-31": {
        "Diluted EPS": 0.72,
        "Total Revenue": NaN,
        "Gross Profit": NaN,
        "Operating Income": 357,
        "EBIT": 524,
        "Net Income": 170
    },
    "2016-04-30": {
        "Diluted EPS": 0.98,
        "Total Revenue": NaN,
        "Gross Profit": NaN,
        "Operating Income": 419,
        "EBIT": 586,
        "Net Income": 233
    },
    "2016-01-31": {
        "Diluted EPS": 1.03,
        "Total Revenue": NaN,
        "Gross Profit": NaN,
        "Operating Income": 470,
        "EBIT": 700,
        "Net Income": 229
    },
    "2015-10-31": {
        "Diluted EPS": 0.35,
        "Total Revenue": NaN,
        "Gross Profit": NaN,
        "Operating Income": 224,
        "EBIT": 404,
        "Net Income": 82
    },
    "2015-07-31": {
        "Diluted EPS": -0.46,
        "Total Revenue": NaN,
        "Gross Profit": 855,
        "Operating Income": 123,
        "EBIT": 210,
        "Net Income": -98
    },
    "2015-04-30": {
        "Diluted EPS": 0.34,
        "Total Revenue": NaN,
        "Gross Profit": 749,
        "Operating Income": 233,
        "EBIT": 288,
        "Net Income": 70
    },
    "2015-01-31": {
        "Diluted EPS": 1.0,
        "Total Revenue": NaN,
        "Gross Profit": 918,
        "Operating Income": 384,
        "EBIT": 438,
        "Net Income": 206
    },
    "2014-10-31": {
        "Diluted EPS": 0.64,
        "Total Revenue": NaN,
        "Gross Profit": 725,
        "Operating Income": 220,
        "EBIT": 271,
        "Net Income": 133
    },
    "2014-07-31": {
        "Diluted EPS": 0.59,
        "Total Revenue": NaN,
        "Gross Profit": 694,
        "Operating Income": 205,
        "EBIT": 254,
        "Net Income": 122
    },
    "2014-04-30": {
        "Diluted EPS": 0.67,
        "Total Revenue": NaN,
        "Gross Profit": 697,
        "Operating Income": 232,
        "EBIT": 283,
        "Net Income": 138
    },
    "2014-01-31": {
        "Diluted EPS": 0.99,
        "Total Revenue": NaN,
        "Gross Profit": 825,
        "Operating Income": 348,
        "EBIT": 398,
        "Net Income": 213
    },
    "2013-10-31": {
        "Diluted EPS": 0.58,
        "Total Revenue": NaN,
        "Gross Profit": 660,
        "Operating Income": 204,
        "EBIT": 253,
        "Net Income": 125
    },
    "2013-07-31": {
        "Diluted EPS": 0.56,
        "Total Revenue": NaN,
        "Gross Profit": 649,
        "Operating Income": 201,
        "EBIT": 248,
        "Net Income": 125
    },
    "2013-04-30": {
        "Diluted EPS": 0.59,
        "Total Revenue": NaN,
        "Gross Profit": 656,
        "Operating Income": 217,
        "EBIT": 262,
        "Net Income": 134
    },
    "2013-01-31": {
        "Diluted EPS": 0.99,
        "Total Revenue": NaN,
        "Gross Profit": 851,
        "Operating Income": 364,
        "EBIT": 410,
        "Net Income": 229
    },
    "2012-10-31": {
        "Diluted EPS": 0.68,
        "Total Revenue": NaN,
        "Gross Profit": 600,
        "Operating Income": 184,
        "EBIT": 228,
        "Net Income": 155
    },
    "2012-07-31": {
        "Diluted EPS": 0.51,
        "Total Revenue": NaN,
        "Gross Profit": 600,
        "Operating Income": 184,
        "EBIT": 227,
        "Net Income": 119
    },
    "2012-04-30": {
        "Diluted EPS": 0.5,
        "Total Revenue": NaN,
        "Gross Profit": 603,
        "Operating Income": 188,
        "EBIT": 230,
        "Net Income": 116
    },
    "2012-01-31": {
        "Diluted EPS": 0.78,
        "Total Revenue": NaN,
        "Gross Profit": 735,
        "Operating Income": 302,
        "EBIT": 346,
        "Net Income": 188
    },
    "2011-10-31": {
        "Diluted EPS": 0.43,
        "Total Revenue": NaN,
        "Gross Profit": 561,
        "Operating Income": 165,
        "EBIT": 206,
        "Net Income": 105
    },
    "2011-07-31": {
        "Diluted EPS": 0.39,
        "Total Revenue": NaN,
        "Gross Profit": 542,
        "Operating Income": 154,
        "EBIT": 193,
        "Net Income": 95
    },
    "2011-04-30": {
        "Diluted EPS": 0.41,
        "Total Revenue": NaN,
        "Gross Profit": 541,
        "Operating Income": 162,
        "EBIT": 201,
        "Net Income": 101
    },
    "2011-01-31": {
        "Diluted EPS": 0.64,
        "Total Revenue": NaN,
        "Gross Profit": 648,
        "Operating Income": 259,
        "EBIT": 301,
        "Net Income": 163
    },
    "2010-10-31": {
        "Diluted EPS": 0.37,
        "Total Revenue": NaN,
        "Gross Profit": 506,
        "Operating Income": 141,
        "EBIT": 180,
        "Net Income": 93
    },
    "2010-07-31": {
        "Diluted EPS": 0.31,
        "Total Revenue": NaN,
        "Gross Profit": 484,
        "Operating Income": 128,
        "EBIT": 167,
        "Net Income": 78
    },
    "2010-04-30": {
        "Diluted EPS": 0.25,
        "Total Revenue": NaN,
        "Gross Profit": 450,
        "Operating Income": 103,
        "EBIT": 142,
        "Net Income": 64
    },
    "2010-01-31": {
        "Diluted EPS": 0.5,
        "Total Revenue": NaN,
        "Gross Profit": 578,
        "Operating Income": 218,
        "EBIT": 260,
        "Net Income": 135
    },
    "2009-10-31": {
        "Diluted EPS": 0.26,
        "Total Revenue": NaN,
        "Gross Profit": 441,
        "Operating Income": 108,
        "EBIT": 146,
        "Net Income": 68
    },
    "2009-07-31": {
        "Diluted EPS": 0.21,
        "Total Revenue": NaN,
        "Gross Profit": 422,
        "Operating Income": 89,
        "EBIT": 128,
        "Net Income": 57
    },
    "2009-04-30": {
        "Diluted EPS": 0.22,
        "Total Revenue": NaN,
        "Gross Profit": 415,
        "Operating Income": 98,
        "EBIT": 136,
        "Net Income": 60
    },
    "2009-01-31": {
        "Diluted EPS": 0.39,
        "Total Revenue": NaN,
        "Gross Profit": 493,
        "Operating Income": 165,
        "EBIT": 207,
        "Net Income": 105
    },
    "2023-09-30": {
        "Tax Effect Of Unusual Items": NaN,
        "Tax Rate For Calcs": NaN,
        "Normalized EBITDA": NaN,
        "Total Unusual Items": NaN,
        "Total Unusual Items Excluding Goodwill": NaN,
        "Net Income From Continuing Operation Net Minority Interest": NaN,
        "Reconciled Depreciation": NaN,
        "Reconciled Cost Of Revenue": NaN,
        "EBITDA": NaN,
        "EBIT": NaN,
        "Net Interest Income": NaN,
        "Normalized Income": NaN,
        "Net Income From Continuing And Discontinued Operation": NaN,
        "Total Expenses": NaN,
        "Total Operating Income As Reported": NaN,
        "Diluted Average Shares": NaN,
        "Basic Average Shares": NaN,
        "Diluted EPS": NaN,
        "Basic EPS": NaN,
        "Diluted NI Availto Com Stockholders": NaN,
        "Net Income Common Stockholders": NaN,
        "Net Income": NaN,
        "Net Income Including Noncontrolling Interests": NaN,
        "Net Income Continuous Operations": NaN,
        "Tax Provision": NaN,
        "Pretax Income": NaN,
        "Other Income Expense": NaN,
        "Other Non Operating Income Expenses": NaN,
        "Special Income Charges": NaN,
        "Other Special Charges": NaN,
        "Impairment Of Capital Assets": 38600000.0,
        "Restructuring And Mergern Acquisition": NaN,
        "Net Non Operating Interest Income Expense": NaN,
        "Total Other Finance Cost": NaN,
        "Operating Income": NaN,
        "Operating Expense": NaN,
        "Depreciation Amortization Depletion Income Statement": NaN,
        "Depreciation And Amortization In Income Statement": NaN,
        "Amortization": NaN,
        "Amortization Of Intangibles Income Statement": NaN,
        "Depreciation Income Statement": NaN,
        "Research And Development": NaN,
        "Selling General And Administration": NaN,
        "Selling And Marketing Expense": NaN,
        "General And Administrative Expense": NaN,
        "Other Gand A": NaN,
        "Gross Profit": NaN,
        "Cost Of Revenue": NaN,
        "Total Revenue": NaN,
        "Operating Revenue": NaN
    },
    "2023-12-31": {
        "Tax Effect Of Unusual Items": NaN,
        "Tax Rate For Calcs": NaN,
        "Normalized EBITDA": NaN,
        "Total Unusual Items": NaN,
        "Total Unusual Items Excluding Goodwill": NaN,
        "Net Income From Continuing Operation Net Minority Interest": NaN,
        "Reconciled Depreciation": NaN,
        "Reconciled Cost Of Revenue": NaN,
        "EBITDA": NaN,
        "EBIT": NaN,
        "Net Interest Income": NaN,
        "Normalized Income": NaN,
        "Net Income From Continuing And Discontinued Operation": NaN,
        "Total Expenses": NaN,
        "Total Operating Income As Reported": NaN,
        "Diluted Average Shares": NaN,
        "Basic Average Shares": NaN,
        "Diluted EPS": NaN,
        "Basic EPS": NaN,
        "Diluted NI Availto Com Stockholders": NaN,
        "Net Income Common Stockholders": NaN,
        "Net Income": NaN,
        "Net Income Including Noncontrolling Interests": NaN,
        "Net Income Continuous Operations": NaN,
        "Tax Provision": NaN,
        "Pretax Income": NaN,
        "Other Income Expense": NaN,
        "Other Non Operating Income Expenses": NaN,
        "Special Income Charges": NaN,
        "Other Special Charges": NaN,
        "Impairment Of Capital Assets": 0.0,
        "Restructuring And Mergern Acquisition": NaN,
        "Net Non Operating Interest Income Expense": NaN,
        "Total Other Finance Cost": NaN,
        "Operating Income": NaN,
        "Operating Expense": NaN,
        "Depreciation Amortization Depletion Income Statement": NaN,
        "Depreciation And Amortization In Income Statement": NaN,
        "Amortization": NaN,
        "Amortization Of Intangibles Income Statement": NaN,
        "Depreciation Income Statement": NaN,
        "Research And Development": NaN,
        "Selling General And Administration": NaN,
        "Selling And Marketing Expense": NaN,
        "General And Administrative Expense": NaN,
        "Other Gand A": NaN,
        "Gross Profit": NaN,
        "Cost Of Revenue": NaN,
        "Total Revenue": NaN,
        "Operating Revenue": NaN
    },
    "2024-03-31": {
        "Tax Effect Of Unusual Items": NaN,
        "Tax Rate For Calcs": NaN,
        "Normalized EBITDA": NaN,
        "Total Unusual Items": NaN,
        "Total Unusual Items Excluding Goodwill": NaN,
        "Net Income From Continuing Operation Net Minority Interest": NaN,
        "Reconciled Depreciation": NaN,
        "Reconciled Cost Of Revenue": NaN,
        "EBITDA": NaN,
        "EBIT": NaN,
        "Net Interest Income": NaN,
        "Normalized Income": NaN,
        "Net Income From Continuing And Discontinued Operation": NaN,
        "Total Expenses": NaN,
        "Total Operating Income As Reported": NaN,
        "Diluted Average Shares": 13276000.0,
        "Basic Average Shares": 13100000.0,
        "Diluted EPS": NaN,
        "Basic EPS": NaN,
        "Diluted NI Availto Com Stockholders": NaN,
        "Net Income Common Stockholders": NaN,
        "Net Income": NaN,
        "Net Income Including Noncontrolling Interests": NaN,
        "Net Income Continuous Operations": NaN,
        "Tax Provision": NaN,
        "Pretax Income": NaN,
        "Other Income Expense": NaN,
        "Other Non Operating Income Expenses": NaN,
        "Special Income Charges": NaN,
        "Other Special Charges": NaN,
        "Impairment Of Capital Assets": NaN,
        "Restructuring And Mergern Acquisition": NaN,
        "Net Non Operating Interest Income Expense": NaN,
        "Total Other Finance Cost": NaN,
        "Operating Income": NaN,
        "Operating Expense": NaN,
        "Depreciation Amortization Depletion Income Statement": NaN,
        "Depreciation And Amortization In Income Statement": NaN,
        "Amortization": NaN,
        "Amortization Of Intangibles Income Statement": NaN,
        "Depreciation Income Statement": NaN,
        "Research And Development": NaN,
        "Selling General And Administration": NaN,
        "Selling And Marketing Expense": NaN,
        "General And Administrative Expense": NaN,
        "Other Gand A": NaN,
        "Gross Profit": NaN,
        "Cost Of Revenue": NaN,
        "Total Revenue": NaN,
        "Operating Revenue": NaN
    },
    "2024-06-30": {
        "Tax Effect Of Unusual Items": -34834.710744,
        "Tax Rate For Calcs": 0.17864,
        "Normalized EBITDA": 16045000.0,
        "Total Unusual Items": -195000.0,
        "Total Unusual Items Excluding Goodwill": -195000.0,
        "Net Income From Continuing Operation Net Minority Interest": 7752000.0,
        "Reconciled Depreciation": 6068000.0,
        "Reconciled Cost Of Revenue": 8411000.0,
        "EBITDA": 15850000.0,
        "EBIT": 9782000.0,
        "Net Interest Income": -1201000.0,
        "Normalized Income": 7912165.289256,
        "Net Income From Continuing And Discontinued Operation": 7752000.0,
        "Total Expenses": 200358000.0,
        "Total Operating Income As Reported": 9587000.0,
        "Diluted Average Shares": 13407000.0,
        "Basic Average Shares": 13257000.0,
        "Diluted EPS": 0.58,
        "Basic EPS": 0.58,
        "Diluted NI Availto Com Stockholders": 7752000.0,
        "Net Income Common Stockholders": 7752000.0,
        "Net Income": 7752000.0,
        "Net Income Including Noncontrolling Interests": 7752000.0,
        "Net Income Continuous Operations": 7752000.0,
        "Tax Provision": 1686000.0,
        "Pretax Income": 9438000.0,
        "Other Income Expense": 857000.0,
        "Other Non Operating Income Expenses": 1052000.0,
        "Special Income Charges": -195000.0,
        "Other Special Charges": -7000.0,
        "Impairment Of Capital Assets": NaN,
        "Restructuring And Mergern Acquisition": 202000.0,
        "Net Non Operating Interest Income Expense": -1201000.0,
        "Total Other Finance Cost": 1201000.0,
        "Operating Income": 9782000.0,
        "Operating Expense": 191947000.0,
        "Depreciation Amortization Depletion Income Statement": 6068000.0,
        "Depreciation And Amortization In Income Statement": 6068000.0,
        "Amortization": 1467000.0,
        "Amortization Of Intangibles Income Statement": 1467000.0,
        "Depreciation Income Statement": 4601000.0,
        "Research And Development": 10374000.0,
        "Selling General And Administration": 175505000.0,
        "Selling And Marketing Expense": 148387000.0,
        "General And Administrative Expense": 27118000.0,
        "Other Gand A": 27118000.0,
        "Gross Profit": 201729000.0,
        "Cost Of Revenue": 8411000.0,
        "Total Revenue": 210140000.0,
        "Operating Revenue": 210138000.0
    },
    "2024-09-30": {
        "Tax Effect Of Unusual Items": -847350.0,
        "Tax Rate For Calcs": 0.21,
        "Normalized EBITDA": 24040000.0,
        "Total Unusual Items": -4035000.0,
        "Total Unusual Items Excluding Goodwill": -4035000.0,
        "Net Income From Continuing Operation Net Minority Interest": -57978000.0,
        "Reconciled Depreciation": 6050000.0,
        "Reconciled Cost Of Revenue": 9372000.0,
        "EBITDA": 20005000.0,
        "EBIT": 13955000.0,
        "Net Interest Income": -10060000.0,
        "Normalized Income": -54790350.0,
        "Net Income From Continuing And Discontinued Operation": -57978000.0,
        "Total Expenses": 246834000.0,
        "Total Operating Income As Reported": 9920000.0,
        "Diluted Average Shares": 13349000.0,
        "Basic Average Shares": 13349000.0,
        "Diluted EPS": -4.34,
        "Basic EPS": -4.34,
        "Diluted NI Availto Com Stockholders": -57978000.0,
        "Net Income Common Stockholders": -57978000.0,
        "Net Income": -57978000.0,
        "Net Income Including Noncontrolling Interests": -57978000.0,
        "Net Income Continuous Operations": -57978000.0,
        "Tax Provision": 447000.0,
        "Pretax Income": -57531000.0,
        "Other Income Expense": -61426000.0,
        "Other Non Operating Income Expenses": -57391000.0,
        "Special Income Charges": -4035000.0,
        "Other Special Charges": 3762000.0,
        "Impairment Of Capital Assets": 0.0,
        "Restructuring And Mergern Acquisition": 273000.0,
        "Net Non Operating Interest Income Expense": -10060000.0,
        "Total Other Finance Cost": 10060000.0,
        "Operating Income": 13955000.0,
        "Operating Expense": 237462000.0,
        "Depreciation Amortization Depletion Income Statement": 6050000.0,
        "Depreciation And Amortization In Income Statement": 6050000.0,
        "Amortization": 1466000.0,
        "Amortization Of Intangibles Income Statement": 1466000.0,
        "Depreciation Income Statement": 4584000.0,
        "Research And Development": 11190000.0,
        "Selling General And Administration": 220222000.0,
        "Selling And Marketing Expense": 193542000.0,
        "General And Administrative Expense": 26680000.0,
        "Other Gand A": 26680000.0,
        "Gross Profit": 251417000.0,
        "Cost Of Revenue": 9372000.0,
        "Total Revenue": 260789000.0,
        "Operating Revenue": 260787000.0
    },
    "2024-12-31": {
        "Tax Effect Of Unusual Items": -2851.762645,
        "Tax Rate For Calcs": 0.178235,
        "Normalized EBITDA": 23888000.0,
        "Total Unusual Items": -16000.0,
        "Total Unusual Items Excluding Goodwill": -16000.0,
        "Net Income From Continuing Operation Net Minority Interest": 7506000.0,
        "Reconciled Depreciation": 5915000.0,
        "Reconciled Cost Of Revenue": 9744000.0,
        "EBITDA": 23872000.0,
        "EBIT": 17957000.0,
        "Net Interest Income": -9950000.0,
        "Normalized Income": 7519148.237355,
        "Net Income From Continuing And Discontinued Operation": 7506000.0,
        "Total Expenses": 243565000.0,
        "Total Operating Income As Reported": 17941000.0,
        "Diluted Average Shares": 13591000.0,
        "Basic Average Shares": 13367000.0,
        "Diluted EPS": 0.55,
        "Basic EPS": 0.56,
        "Diluted NI Availto Com Stockholders": 7506000.0,
        "Net Income Common Stockholders": 7506000.0,
        "Net Income": 7506000.0,
        "Net Income Including Noncontrolling Interests": 7506000.0,
        "Net Income Continuous Operations": 7506000.0,
        "Tax Provision": 1628000.0,
        "Pretax Income": 9134000.0,
        "Other Income Expense": 1127000.0,
        "Other Non Operating Income Expenses": 1143000.0,
        "Special Income Charges": -16000.0,
        "Other Special Charges": 6000.0,
        "Impairment Of Capital Assets": 0.0,
        "Restructuring And Mergern Acquisition": 10000.0,
        "Net Non Operating Interest Income Expense": -9950000.0,
        "Total Other Finance Cost": 9950000.0,
        "Operating Income": 17957000.0,
        "Operating Expense": 233821000.0,
        "Depreciation Amortization Depletion Income Statement": 5915000.0,
        "Depreciation And Amortization In Income Statement": 5915000.0,
        "Amortization": 1467000.0,
        "Amortization Of Intangibles Income Statement": 1467000.0,
        "Depreciation Income Statement": 4448000.0,
        "Research And Development": 12937000.0,
        "Selling General And Administration": 214969000.0,
        "Selling And Marketing Expense": 185858000.0,
        "General And Administrative Expense": 29111000.0,
        "Other Gand A": 29111000.0,
        "Gross Profit": 251778000.0,
        "Cost Of Revenue": 9744000.0,
        "Total Revenue": 261522000.0,
        "Operating Revenue": 261329000.0
    },
    "2025-03-31": {
        "Tax Effect Of Unusual Items": -2625640.0,
        "Tax Rate For Calcs": 0.164,
        "Normalized EBITDA": 30515000.0,
        "Total Unusual Items": -16010000.0,
        "Total Unusual Items Excluding Goodwill": -16010000.0,
        "Net Income From Continuing Operation Net Minority Interest": -12375000.0,
        "Reconciled Depreciation": 5604000.0,
        "Reconciled Cost Of Revenue": 9908000.0,
        "EBITDA": 14505000.0,
        "EBIT": 8901000.0,
        "Net Interest Income": -9084000.0,
        "Normalized Income": 1009360.0,
        "Net Income From Continuing And Discontinued Operation": -12375000.0,
        "Total Expenses": 230827000.0,
        "Total Operating Income As Reported": -7109000.0,
        "Diluted Average Shares": 13441000.0,
        "Basic Average Shares": 13441000.0,
        "Diluted EPS": -0.92,
        "Basic EPS": -0.92,
        "Diluted NI Availto Com Stockholders": -12375000.0,
        "Net Income Common Stockholders": -12375000.0,
        "Net Income": -12375000.0,
        "Net Income Including Noncontrolling Interests": -12375000.0,
        "Net Income Continuous Operations": -12375000.0,
        "Tax Provision": -2430000.0,
        "Pretax Income": -14805000.0,
        "Other Income Expense": -14622000.0,
        "Other Non Operating Income Expenses": 1388000.0,
        "Special Income Charges": -16010000.0,
        "Other Special Charges": 15212000.0,
        "Impairment Of Capital Assets": NaN,
        "Restructuring And Mergern Acquisition": 798000.0,
        "Net Non Operating Interest Income Expense": -9084000.0,
        "Total Other Finance Cost": 9084000.0,
        "Operating Income": 8901000.0,
        "Operating Expense": 220919000.0,
        "Depreciation Amortization Depletion Income Statement": 5604000.0,
        "Depreciation And Amortization In Income Statement": 5604000.0,
        "Amortization": 1307000.0,
        "Amortization Of Intangibles Income Statement": 1307000.0,
        "Depreciation Income Statement": 4297000.0,
        "Research And Development": 11904000.0,
        "Selling General And Administration": 203411000.0,
        "Selling And Marketing Expense": 172751000.0,
        "General And Administrative Expense": 30660000.0,
        "Other Gand A": 30660000.0,
        "Gross Profit": 229820000.0,
        "Cost Of Revenue": 9908000.0,
        "Total Revenue": 239728000.0,
        "Operating Revenue": 239704000.0
    },
    "2025-06-30": {
        "Tax Effect Of Unusual Items": -62891.364903,
        "Tax Rate For Calcs": 0.177159,
        "Normalized EBITDA": 27182000.0,
        "Total Unusual Items": -355000.0,
        "Total Unusual Items Excluding Goodwill": -355000.0,
        "Net Income From Continuing Operation Net Minority Interest": 8862000.0,
        "Reconciled Depreciation": 5548000.0,
        "Reconciled Cost Of Revenue": 10029000.0,
        "EBITDA": 26827000.0,
        "EBIT": 21279000.0,
        "Net Interest Income": -10402000.0,
        "Normalized Income": 9154108.635097,
        "Net Income From Continuing And Discontinued Operation": 8862000.0,
        "Total Expenses": 228837000.0,
        "Total Operating Income As Reported": 20924000.0,
        "Diluted Average Shares": NaN,
        "Basic Average Shares": NaN,
        "Diluted EPS": 0.65,
        "Basic EPS": 0.65,
        "Diluted NI Availto Com Stockholders": 8862000.0,
        "Net Income Common Stockholders": 8862000.0,
        "Net Income": 8862000.0,
        "Net Income Including Noncontrolling Interests": 8862000.0,
        "Net Income Continuous Operations": 8862000.0,
        "Tax Provision": 1908000.0,
        "Pretax Income": 10770000.0,
        "Other Income Expense": -107000.0,
        "Other Non Operating Income Expenses": 248000.0,
        "Special Income Charges": -355000.0,
        "Other Special Charges": -2000.0,
        "Impairment Of Capital Assets": NaN,
        "Restructuring And Mergern Acquisition": 357000.0,
        "Net Non Operating Interest Income Expense": -10402000.0,
        "Total Other Finance Cost": 10402000.0,
        "Operating Income": 21279000.0,
        "Operating Expense": 218808000.0,
        "Depreciation Amortization Depletion Income Statement": 5548000.0,
        "Depreciation And Amortization In Income Statement": 5548000.0,
        "Amortization": 1307000.0,
        "Amortization Of Intangibles Income Statement": 1307000.0,
        "Depreciation Income Statement": 4241000.0,
        "Research And Development": 11473000.0,
        "Selling General And Administration": 201787000.0,
        "Selling And Marketing Expense": 176753000.0,
        "General And Administrative Expense": 25034000.0,
        "Other Gand A": 25034000.0,
        "Gross Profit": 240087000.0,
        "Cost Of Revenue": 10029000.0,
        "Total Revenue": 250116000.0,
        "Operating Revenue": 250094000.0
    }
}