{
    "2023-06-30": {
        "Tax Effect Of Unusual Items": 0.0,
        "Tax Rate For Calcs": 0.21,
        "Total Unusual Items": NaN,
        "Total Unusual Items Excluding Goodwill": NaN,
        "Net Income From Continuing Operation Net Minority Interest": -14000000.0,
        "Reconciled Depreciation": 179000000.0,
        "EBIT": 44000000.0,
        "Net Interest Income": -92000000.0,
        "Interest Expense": 92000000.0,
        "Normalized Income": -14000000.0,
        "Net Income From Continuing And Discontinued Operation": -14000000.0,
        "Total Expenses": 10146000000.0,
        "Diluted Average Shares": 229700000.0,
        "Basic Average Shares": 229700000.0,
        "Diluted EPS": -0.07,
        "Basic EPS": -0.07,
        "Diluted NI Availto Com Stockholders": -15000000.0,
        "Net Income Common Stockholders": -15000000.0,
        "Otherunder Preferred Stock Dividend": 1000000.0,
        "Net Income": -14000000.0,
        "Net Income Including Noncontrolling Interests": -14000000.0,
        "Net Income Continuous Operations": -14000000.0,
        "Tax Provision": -34000000.0,
        "Pretax Income": -48000000.0,
        "Other Income Expense": 99000000.0,
        "Special Income Charges": NaN,
        "Impairment Of Capital Assets": NaN,
        "Net Non Operating Interest Income Expense": -92000000.0,
        "Interest Expense Non Operating": 92000000.0,
        "Selling General And Administration": 1308000000.0,
        "General And Administrative Expense": 1308000000.0,
        "Other Gand A": 1308000000.0,
        "Total Revenue": 10098000000.0,
        "Operating Revenue": 10098000000.0,
        "Loss Adjustment Expense": 7227000000.0,
        "Net Policyholder Benefits And Claims": 7227000000.0
    },
    "2023-03-31": {
        "Tax Effect Of Unusual Items": NaN,
        "Tax Rate For Calcs": NaN,
        "Total Unusual Items": 6000000.0,
        "Total Unusual Items Excluding Goodwill": 6000000.0,
        "Net Income From Continuing Operation Net Minority Interest": NaN,
        "Reconciled Depreciation": NaN,
        "EBIT": NaN,
        "Net Interest Income": NaN,
        "Interest Expense": NaN,
        "Normalized Income": NaN,
        "Net Income From Continuing And Discontinued Operation": NaN,
        "Total Expenses": NaN,
        "Diluted Average Shares": NaN,
        "Basic Average Shares": NaN,
        "Diluted EPS": NaN,
        "Basic EPS": NaN,
        "Diluted NI Availto Com Stockholders": NaN,
        "Net Income Common Stockholders": NaN,
        "Otherunder Preferred Stock Dividend": NaN,
        "Net Income": NaN,
        "Net Income Including Noncontrolling Interests": NaN,
        "Net Income Continuous Operations": NaN,
        "Tax Provision": NaN,
        "Pretax Income": NaN,
        "Other Income Expense": NaN,
        "Special Income Charges": 6000000.0,
        "Impairment Of Capital Assets": -6000000.0,
        "Net Non Operating Interest Income Expense": NaN,
        "Interest Expense Non Operating": NaN,
        "Selling General And Administration": NaN,
        "General And Administrative Expense": NaN,
        "Other Gand A": NaN,
        "Total Revenue": NaN,
        "Operating Revenue": NaN,
        "Loss Adjustment Expense": NaN,
        "Net Policyholder Benefits And Claims": NaN
    },
    "2022-12-31": {
        "Tax Effect Of Unusual Items": NaN,
        "Tax Rate For Calcs": NaN,
        "Total Unusual Items": -3000000.0,
        "Total Unusual Items Excluding Goodwill": -3000000.0,
        "Net Income From Continuing Operation Net Minority Interest": NaN,
        "Reconciled Depreciation": NaN,
        "EBIT": NaN,
        "Net Interest Income": NaN,
        "Interest Expense": NaN,
        "Normalized Income": NaN,
        "Net Income From Continuing And Discontinued Operation": NaN,
        "Total Expenses": NaN,
        "Diluted Average Shares": NaN,
        "Basic Average Shares": NaN,
        "Diluted EPS": NaN,
        "Basic EPS": NaN,
        "Diluted NI Availto Com Stockholders": NaN,
        "Net Income Common Stockholders": NaN,
        "Otherunder Preferred Stock Dividend": NaN,
        "Net Income": NaN,
        "Net Income Including Noncontrolling Interests": NaN,
        "Net Income Continuous Operations": NaN,
        "Tax Provision": NaN,
        "Pretax Income": NaN,
        "Other Income Expense": NaN,
        "Special Income Charges": -3000000.0,
        "Impairment Of Capital Assets": 3000000.0,
        "Net Non Operating Interest Income Expense": NaN,
        "Interest Expense Non Operating": NaN,
        "Selling General And Administration": NaN,
        "General And Administrative Expense": NaN,
        "Other Gand A": NaN,
        "Total Revenue": NaN,
        "Operating Revenue": NaN,
        "Loss Adjustment Expense": NaN,
        "Net Policyholder Benefits And Claims": NaN
    },
    "2022-09-30": {
        "Tax Effect Of Unusual Items": NaN,
        "Tax Rate For Calcs": NaN,
        "Total Unusual Items": -9000000.0,
        "Total Unusual Items Excluding Goodwill": -9000000.0,
        "Net Income From Continuing Operation Net Minority Interest": NaN,
        "Reconciled Depreciation": NaN,
        "EBIT": NaN,
        "Net Interest Income": NaN,
        "Interest Expense": NaN,
        "Normalized Income": NaN,
        "Net Income From Continuing And Discontinued Operation": NaN,
        "Total Expenses": NaN,
        "Diluted Average Shares": NaN,
        "Basic Average Shares": NaN,
        "Diluted EPS": NaN,
        "Basic EPS": NaN,
        "Diluted NI Availto Com Stockholders": NaN,
        "Net Income Common Stockholders": NaN,
        "Otherunder Preferred Stock Dividend": NaN,
        "Net Income": NaN,
        "Net Income Including Noncontrolling Interests": NaN,
        "Net Income Continuous Operations": NaN,
        "Tax Provision": NaN,
        "Pretax Income": NaN,
        "Other Income Expense": NaN,
        "Special Income Charges": -9000000.0,
        "Impairment Of Capital Assets": 9000000.0,
        "Net Non Operating Interest Income Expense": NaN,
        "Interest Expense Non Operating": NaN,
        "Selling General And Administration": NaN,
        "General And Administrative Expense": NaN,
        "Other Gand A": NaN,
        "Total Revenue": NaN,
        "Operating Revenue": NaN
    },
    "2022-06-30": {
        "Tax Effect Of Unusual Items": 0.0,
        "Tax Rate For Calcs": 0.16,
        "Total Unusual Items": NaN,
        "Total Unusual Items Excluding Goodwill": NaN,
        "Net Income From Continuing Operation Net Minority Interest": 551000000.0,
        "Reconciled Depreciation": 210000000.0,
        "EBIT": 745000000.0,
        "Net Interest Income": -88000000.0,
        "Interest Expense": 88000000.0,
        "Normalized Income": 551000000.0,
        "Net Income From Continuing And Discontinued Operation": 551000000.0,
        "Total Expenses": 8479000000.0,
        "Diluted Average Shares": 241100000.0,
        "Basic Average Shares": 238400000.0,
        "Diluted EPS": 2.27,
        "Basic EPS": 2.29,
        "Diluted NI Availto Com Stockholders": 547000000.0,
        "Net Income Common Stockholders": 547000000.0,
        "Otherunder Preferred Stock Dividend": 4000000.0,
        "Net Income": 551000000.0,
        "Net Income Including Noncontrolling Interests": 551000000.0,
        "Net Income Continuous Operations": 551000000.0,
        "Tax Provision": 106000000.0,
        "Pretax Income": 657000000.0,
        "Other Income Expense": 107000000.0,
        "Special Income Charges": NaN,
        "Impairment Of Capital Assets": NaN,
        "Net Non Operating Interest Income Expense": -88000000.0,
        "Interest Expense Non Operating": 88000000.0,
        "Selling General And Administration": 1223000000.0,
        "General And Administrative Expense": 1223000000.0,
        "Other Gand A": 1223000000.0,
        "Total Revenue": 9136000000.0,
        "Operating Revenue": 9136000000.0
    },
    "2022-03-31": {
        "Diluted EPS": 4.15,
        "Total Revenue": NaN,
        "Gross Profit": NaN,
        "Operating Income": NaN,
        "EBIT": NaN,
        "Net Income": NaN
    },
    "2021-12-31": {
        "Diluted EPS": 5.34,
        "Total Revenue": NaN,
        "Gross Profit": NaN,
        "Operating Income": NaN,
        "EBIT": NaN,
        "Net Income": NaN
    },
    "2021-09-30": {
        "Diluted EPS": 2.62,
        "Total Revenue": NaN,
        "Gross Profit": NaN,
        "Operating Income": 873,
        "EBIT": NaN,
        "Net Income": 657
    },
    "2021-06-30": {
        "Diluted EPS": 3.66,
        "Total Revenue": NaN,
        "Gross Profit": NaN,
        "Operating Income": NaN,
        "EBIT": NaN,
        "Net Income": 927
    },
    "2021-03-31": {
        "Diluted EPS": 2.87,
        "Total Revenue": NaN,
        "Gross Profit": NaN,
        "Operating Income": 973,
        "EBIT": NaN,
        "Net Income": 728
    },
    "2020-12-31": {
        "Diluted EPS": 5.12,
        "Total Revenue": NaN,
        "Gross Profit": NaN,
        "Operating Income": NaN,
        "EBIT": NaN,
        "Net Income": NaN
    },
    "2020-09-30": {
        "Diluted EPS": 3.23,
        "Total Revenue": NaN,
        "Gross Profit": NaN,
        "Operating Income": NaN,
        "EBIT": NaN,
        "Net Income": 821
    },
    "2020-06-30": {
        "Diluted EPS": -0.16,
        "Total Revenue": NaN,
        "Gross Profit": NaN,
        "Operating Income": NaN,
        "EBIT": NaN,
        "Net Income": -41
    },
    "2020-03-31": {
        "Diluted EPS": 2.33,
        "Total Revenue": NaN,
        "Gross Profit": NaN,
        "Operating Income": 804,
        "EBIT": NaN,
        "Net Income": 595
    },
    "2019-12-31": {
        "Diluted EPS": 3.33,
        "Total Revenue": NaN,
        "Gross Profit": NaN,
        "Operating Income": NaN,
        "EBIT": NaN,
        "Net Income": 866
    },
    "2019-09-30": {
        "Diluted EPS": 1.5,
        "Total Revenue": NaN,
        "Gross Profit": NaN,
        "Operating Income": 516,
        "EBIT": NaN,
        "Net Income": 393
    },
    "2019-06-30": {
        "Diluted EPS": 2.1,
        "Total Revenue": NaN,
        "Gross Profit": NaN,
        "Operating Income": 754,
        "EBIT": NaN,
        "Net Income": 553
    },
    "2019-03-31": {
        "Diluted EPS": 2.99,
        "Total Revenue": NaN,
        "Gross Profit": NaN,
        "Operating Income": NaN,
        "EBIT": NaN,
        "Net Income": 791
    },
    "2018-12-31": {
        "Diluted EPS": 2.32,
        "Total Revenue": NaN,
        "Gross Profit": NaN,
        "Operating Income": 833,
        "EBIT": NaN,
        "Net Income": 616
    },
    "2018-09-30": {
        "Diluted EPS": 2.62,
        "Total Revenue": NaN,
        "Gross Profit": NaN,
        "Operating Income": 892,
        "EBIT": NaN,
        "Net Income": 704
    },
    "2018-06-30": {
        "Diluted EPS": 1.92,
        "Total Revenue": NaN,
        "Gross Profit": NaN,
        "Operating Income": 721,
        "EBIT": NaN,
        "Net Income": 520
    },
    "2018-03-31": {
        "Diluted EPS": 2.42,
        "Total Revenue": NaN,
        "Gross Profit": NaN,
        "Operating Income": 867,
        "EBIT": NaN,
        "Net Income": 664
    },
    "2017-12-31": {
        "Diluted EPS": 2.0,
        "Total Revenue": NaN,
        "Gross Profit": NaN,
        "Operating Income": 953,
        "EBIT": NaN,
        "Net Income": 547
    },
    "2017-09-30": {
        "Diluted EPS": 1.05,
        "Total Revenue": NaN,
        "Gross Profit": NaN,
        "Operating Income": 415,
        "EBIT": NaN,
        "Net Income": 291
    },
    "2017-06-30": {
        "Diluted EPS": 2.11,
        "Total Revenue": NaN,
        "Gross Profit": NaN,
        "Operating Income": 882,
        "EBIT": NaN,
        "Net Income": 590
    },
    "2017-03-31": {
        "Diluted EPS": 2.17,
        "Total Revenue": NaN,
        "Gross Profit": NaN,
        "Operating Income": 849,
        "EBIT": NaN,
        "Net Income": 613
    },
    "2016-12-31": {
        "Diluted EPS": 3.29,
        "Total Revenue": NaN,
        "Gross Profit": NaN,
        "Operating Income": NaN,
        "EBIT": NaN,
        "Net Income": 937
    },
    "2016-09-30": {
        "Diluted EPS": 2.45,
        "Total Revenue": NaN,
        "Gross Profit": NaN,
        "Operating Income": NaN,
        "EBIT": NaN,
        "Net Income": 710
    },
    "2016-06-30": {
        "Diluted EPS": 2.24,
        "Total Revenue": NaN,
        "Gross Profit": NaN,
        "Operating Income": 980,
        "EBIT": NaN,
        "Net Income": 659
    },
    "2016-03-31": {
        "Diluted EPS": 2.3,
        "Total Revenue": NaN,
        "Gross Profit": NaN,
        "Operating Income": NaN,
        "EBIT": NaN,
        "Net Income": 686
    },
    "2015-12-31": {
        "Diluted EPS": 2.83,
        "Total Revenue": NaN,
        "Gross Profit": NaN,
        "Operating Income": NaN,
        "EBIT": NaN,
        "Net Income": 859
    },
    "2015-09-30": {
        "Diluted EPS": 2.97,
        "Total Revenue": NaN,
        "Gross Profit": NaN,
        "Operating Income": NaN,
        "EBIT": NaN,
        "Net Income": 922
    },
    "2015-06-30": {
        "Diluted EPS": 2.53,
        "Total Revenue": NaN,
        "Gross Profit": NaN,
        "Operating Income": NaN,
        "EBIT": NaN,
        "Net Income": 806
    },
    "2015-03-31": {
        "Diluted EPS": 2.55,
        "Total Revenue": NaN,
        "Gross Profit": NaN,
        "Operating Income": NaN,
        "EBIT": NaN,
        "Net Income": 827
    },
    "2014-12-31": {
        "Diluted EPS": 3.11,
        "Total Revenue": NaN,
        "Gross Profit": NaN,
        "Operating Income": NaN,
        "EBIT": NaN,
        "Net Income": NaN
    },
    "2014-09-30": {
        "Diluted EPS": 2.69,
        "Total Revenue": NaN,
        "Gross Profit": NaN,
        "Operating Income": NaN,
        "EBIT": NaN,
        "Net Income": 912
    },
    "2014-06-30": {
        "Diluted EPS": 1.95,
        "Total Revenue": NaN,
        "Gross Profit": NaN,
        "Operating Income": 993,
        "EBIT": NaN,
        "Net Income": 678
    },
    "2014-03-31": {
        "Diluted EPS": 2.95,
        "Total Revenue": NaN,
        "Gross Profit": NaN,
        "Operating Income": NaN,
        "EBIT": NaN,
        "Net Income": NaN
    },
    "2013-12-31": {
        "Diluted EPS": 2.7,
        "Total Revenue": NaN,
        "Gross Profit": NaN,
        "Operating Income": NaN,
        "EBIT": NaN,
        "Net Income": 980
    },
    "2013-09-30": {
        "Diluted EPS": 2.3,
        "Total Revenue": NaN,
        "Gross Profit": NaN,
        "Operating Income": NaN,
        "EBIT": NaN,
        "Net Income": 858
    },
    "2013-06-30": {
        "Diluted EPS": 2.41,
        "Total Revenue": NaN,
        "Gross Profit": NaN,
        "Operating Income": NaN,
        "EBIT": NaN,
        "Net Income": 918
    },
    "2013-03-31": {
        "Diluted EPS": 2.33,
        "Total Revenue": NaN,
        "Gross Profit": NaN,
        "Operating Income": NaN,
        "EBIT": NaN,
        "Net Income": 890
    },
    "2012-12-31": {
        "Diluted EPS": 0.81,
        "Total Revenue": NaN,
        "Gross Profit": NaN,
        "Operating Income": 404,
        "EBIT": NaN,
        "Net Income": 301
    },
    "2012-09-30": {
        "Diluted EPS": 2.21,
        "Total Revenue": NaN,
        "Gross Profit": NaN,
        "Operating Income": NaN,
        "EBIT": NaN,
        "Net Income": 858
    },
    "2012-06-30": {
        "Diluted EPS": 1.26,
        "Total Revenue": NaN,
        "Gross Profit": NaN,
        "Operating Income": 704,
        "EBIT": NaN,
        "Net Income": 495
    },
    "2012-03-31": {
        "Diluted EPS": 2.02,
        "Total Revenue": NaN,
        "Gross Profit": NaN,
        "Operating Income": NaN,
        "EBIT": NaN,
        "Net Income": 800
    },
    "2011-12-31": {
        "Diluted EPS": 1.53,
        "Total Revenue": NaN,
        "Gross Profit": NaN,
        "Operating Income": 874,
        "EBIT": NaN,
        "Net Income": 618
    },
    "2011-09-30": {
        "Diluted EPS": 0.79,
        "Total Revenue": NaN,
        "Gross Profit": NaN,
        "Operating Income": 429,
        "EBIT": NaN,
        "Net Income": 331
    },
    "2011-06-30": {
        "Diluted EPS": -0.88,
        "Total Revenue": NaN,
        "Gross Profit": NaN,
        "Operating Income": -630,
        "EBIT": 537,
        "Net Income": -366
    },
    "2011-03-31": {
        "Diluted EPS": 1.92,
        "Total Revenue": NaN,
        "Gross Profit": NaN,
        "Operating Income": NaN,
        "EBIT": NaN,
        "Net Income": 831
    },
    "2010-12-31": {
        "Diluted EPS": 1.91,
        "Total Revenue": NaN,
        "Gross Profit": NaN,
        "Operating Income": NaN,
        "EBIT": NaN,
        "Net Income": 866
    },
    "2010-09-30": {
        "Diluted EPS": 2.11,
        "Total Revenue": NaN,
        "Gross Profit": NaN,
        "Operating Income": NaN,
        "EBIT": NaN,
        "Net Income": NaN
    },
    "2010-06-30": {
        "Diluted EPS": 1.35,
        "Total Revenue": NaN,
        "Gross Profit": NaN,
        "Operating Income": 978,
        "EBIT": NaN,
        "Net Income": 670
    },
    "2010-03-31": {
        "Diluted EPS": 1.25,
        "Total Revenue": NaN,
        "Gross Profit": NaN,
        "Operating Income": 955,
        "EBIT": NaN,
        "Net Income": 647
    },
    "2009-12-31": {
        "Diluted EPS": 2.3,
        "Total Revenue": NaN,
        "Gross Profit": NaN,
        "Operating Income": NaN,
        "EBIT": NaN,
        "Net Income": NaN
    },
    "2009-09-30": {
        "Diluted EPS": 1.65,
        "Total Revenue": NaN,
        "Gross Profit": NaN,
        "Operating Income": NaN,
        "EBIT": NaN,
        "Net Income": 935
    },
    "2009-06-30": {
        "Diluted EPS": 1.27,
        "Total Revenue": NaN,
        "Gross Profit": NaN,
        "Operating Income": NaN,
        "EBIT": NaN,
        "Net Income": 740
    },
    "2009-03-31": {
        "Diluted EPS": 1.11,
        "Total Revenue": NaN,
        "Gross Profit": NaN,
        "Operating Income": 819,
        "EBIT": NaN,
        "Net Income": 662
    },
    "2023-09-30": {
        "Tax Effect Of Unusual Items": NaN,
        "Tax Rate For Calcs": NaN,
        "Total Unusual Items": 0.0,
        "Total Unusual Items Excluding Goodwill": 0.0,
        "Net Income From Continuing Operation Net Minority Interest": NaN,
        "Reconciled Depreciation": NaN,
        "EBIT": NaN,
        "Net Interest Income": NaN,
        "Interest Expense": NaN,
        "Normalized Income": NaN,
        "Net Income From Continuing And Discontinued Operation": NaN,
        "Total Expenses": NaN,
        "Diluted Average Shares": NaN,
        "Basic Average Shares": NaN,
        "Diluted EPS": NaN,
        "Basic EPS": NaN,
        "Diluted NI Availto Com Stockholders": NaN,
        "Net Income Common Stockholders": NaN,
        "Otherunder Preferred Stock Dividend": NaN,
        "Net Income": NaN,
        "Net Income Including Noncontrolling Interests": NaN,
        "Net Income Continuous Operations": NaN,
        "Tax Provision": NaN,
        "Pretax Income": NaN,
        "Other Income Expense": NaN,
        "Special Income Charges": 0.0,
        "Impairment Of Capital Assets": 0.0,
        "Net Non Operating Interest Income Expense": NaN,
        "Interest Expense Non Operating": NaN,
        "Selling General And Administration": NaN,
        "General And Administrative Expense": NaN,
        "Other Gand A": NaN,
        "Total Revenue": NaN,
        "Operating Revenue": NaN,
        "Loss Adjustment Expense": NaN,
        "Net Policyholder Benefits And Claims": NaN
    },
    "2023-12-31": {
        "Tax Effect Of Unusual Items": NaN,
        "Tax Rate For Calcs": NaN,
        "Total Unusual Items": -9000000.0,
        "Total Unusual Items Excluding Goodwill": -9000000.0,
        "Net Income From Continuing Operation Net Minority Interest": NaN,
        "Reconciled Depreciation": NaN,
        "EBIT": NaN,
        "Net Interest Income": NaN,
        "Interest Expense": NaN,
        "Normalized Income": NaN,
        "Net Income From Continuing And Discontinued Operation": NaN,
        "Total Expenses": NaN,
        "Diluted Average Shares": NaN,
        "Basic Average Shares": NaN,
        "Diluted EPS": NaN,
        "Basic EPS": NaN,
        "Diluted NI Availto Com Stockholders": NaN,
        "Net Income Common Stockholders": NaN,
        "Otherunder Preferred Stock Dividend": NaN,
        "Net Income": NaN,
        "Net Income Including Noncontrolling Interests": NaN,
        "Net Income Continuous Operations": NaN,
        "Tax Provision": NaN,
        "Pretax Income": NaN,
        "Other Income Expense": NaN,
        "Special Income Charges": -9000000.0,
        "Impairment Of Capital Assets": 9000000.0,
        "Net Non Operating Interest Income Expense": NaN,
        "Interest Expense Non Operating": NaN,
        "Selling General And Administration": NaN,
        "General And Administrative Expense": NaN,
        "Other Gand A": NaN,
        "Total Revenue": NaN,
        "Operating Revenue": NaN,
        "Loss Adjustment Expense": NaN,
        "Net Policyholder Benefits And Claims": NaN
    },
    "2024-03-31": {
        "Tax Effect Of Unusual Items": 0.0,
        "Tax Rate For Calcs": 0.18,
        "Total Unusual Items": NaN,
        "Total Unusual Items Excluding Goodwill": NaN,
        "Net Income From Continuing Operation Net Minority Interest": 1123000000.0,
        "Reconciled Depreciation": 196000000.0,
        "EBIT": 1468000000.0,
        "Net Interest Income": -98000000.0,
        "Interest Expense": 98000000.0,
        "Normalized Income": 1123000000.0,
        "Net Income From Continuing And Discontinued Operation": 1123000000.0,
        "Total Expenses": 9858000000.0,
        "Diluted Average Shares": 232000000.0,
        "Basic Average Shares": 229000000.0,
        "Diluted EPS": 4.8,
        "Basic EPS": 4.87,
        "Diluted NI Availto Com Stockholders": 1115000000.0,
        "Net Income Common Stockholders": 1115000000.0,
        "Otherunder Preferred Stock Dividend": 8000000.0,
        "Net Income": 1123000000.0,
        "Net Income Including Noncontrolling Interests": 1123000000.0,
        "Net Income Continuous Operations": 1123000000.0,
        "Tax Provision": 247000000.0,
        "Pretax Income": 1370000000.0,
        "Other Income Expense": 112000000.0,
        "Special Income Charges": NaN,
        "Impairment Of Capital Assets": NaN,
        "Net Non Operating Interest Income Expense": -98000000.0,
        "Interest Expense Non Operating": 98000000.0,
        "Selling General And Administration": 1406000000.0,
        "General And Administrative Expense": 1406000000.0,
        "Other Gand A": 1406000000.0,
        "Total Revenue": 11228000000.0,
        "Operating Revenue": 11228000000.0,
        "Loss Adjustment Expense": 6656000000.0,
        "Net Policyholder Benefits And Claims": 6656000000.0
    },
    "2024-06-30": {
        "Tax Effect Of Unusual Items": 0.0,
        "Tax Rate For Calcs": 0.19,
        "Net Income From Continuing Operation Net Minority Interest": 534000000.0,
        "Reconciled Depreciation": 182000000.0,
        "EBIT": 754000000.0,
        "Net Interest Income": -98000000.0,
        "Interest Expense": 98000000.0,
        "Normalized Income": 534000000.0,
        "Net Income From Continuing And Discontinued Operation": 534000000.0,
        "Total Expenses": 10627000000.0,
        "Diluted Average Shares": 231500000.0,
        "Basic Average Shares": 228600000.0,
        "Diluted EPS": 2.29,
        "Basic EPS": 2.32,
        "Diluted NI Availto Com Stockholders": 529000000.0,
        "Net Income Common Stockholders": 529000000.0,
        "Otherunder Preferred Stock Dividend": 5000000.0,
        "Net Income": 534000000.0,
        "Net Income Including Noncontrolling Interests": 534000000.0,
        "Net Income Continuous Operations": 534000000.0,
        "Tax Provision": 122000000.0,
        "Pretax Income": 656000000.0,
        "Other Income Expense": 105000000.0,
        "Net Non Operating Interest Income Expense": -98000000.0,
        "Interest Expense Non Operating": 98000000.0,
        "Selling General And Administration": 1478000000.0,
        "General And Administrative Expense": 1478000000.0,
        "Other Gand A": 1478000000.0,
        "Total Revenue": 11283000000.0,
        "Operating Revenue": 11283000000.0,
        "Loss Adjustment Expense": 7373000000.0,
        "Net Policyholder Benefits And Claims": 7373000000.0
    },
    "2024-09-30": {
        "Tax Effect Of Unusual Items": 0.0,
        "Tax Rate For Calcs": 0.19,
        "Net Income From Continuing Operation Net Minority Interest": 1260000000.0,
        "Reconciled Depreciation": 174000000.0,
        "EBIT": 1658000000.0,
        "Net Interest Income": -98000000.0,
        "Interest Expense": 98000000.0,
        "Normalized Income": 1260000000.0,
        "Net Income From Continuing And Discontinued Operation": 1260000000.0,
        "Total Expenses": 10344000000.0,
        "Diluted Average Shares": 230600000.0,
        "Basic Average Shares": 227400000.0,
        "Diluted EPS": 5.42,
        "Basic EPS": 5.5,
        "Diluted NI Availto Com Stockholders": 1250000000.0,
        "Net Income Common Stockholders": 1250000000.0,
        "Otherunder Preferred Stock Dividend": 10000000.0,
        "Net Income": 1260000000.0,
        "Net Income Including Noncontrolling Interests": 1260000000.0,
        "Net Income Continuous Operations": 1260000000.0,
        "Tax Provision": 300000000.0,
        "Pretax Income": 1560000000.0,
        "Other Income Expense": 120000000.0,
        "Net Non Operating Interest Income Expense": -98000000.0,
        "Interest Expense Non Operating": 98000000.0,
        "Selling General And Administration": 1460000000.0,
        "General And Administrative Expense": 1460000000.0,
        "Other Gand A": 1460000000.0,
        "Total Revenue": 11904000000.0,
        "Operating Revenue": 11904000000.0,
        "Loss Adjustment Expense": 6996000000.0,
        "Net Policyholder Benefits And Claims": 6996000000.0
    },
    "2024-12-31": {
        "Tax Effect Of Unusual Items": 0.0,
        "Tax Rate For Calcs": 0.197379,
        "Net Income From Continuing Operation Net Minority Interest": 2082000000.0,
        "Reconciled Depreciation": 163000000.0,
        "EBIT": 2692000000.0,
        "Net Interest Income": -98000000.0,
        "Interest Expense": 98000000.0,
        "Normalized Income": 2082000000.0,
        "Net Income From Continuing And Discontinued Operation": 2082000000.0,
        "Total Expenses": 9419000000.0,
        "Diluted Average Shares": 230700000.0,
        "Basic Average Shares": 226900000.0,
        "Diluted EPS": 8.96,
        "Basic EPS": 9.11,
        "Diluted NI Availto Com Stockholders": 2066000000.0,
        "Net Income Common Stockholders": 2066000000.0,
        "Otherunder Preferred Stock Dividend": 16000000.0,
        "Net Income": 2082000000.0,
        "Net Income Including Noncontrolling Interests": 2082000000.0,
        "Net Income Continuous Operations": 2082000000.0,
        "Tax Provision": 512000000.0,
        "Pretax Income": 2594000000.0,
        "Other Income Expense": 112000000.0,
        "Net Non Operating Interest Income Expense": -98000000.0,
        "Interest Expense Non Operating": 98000000.0,
        "Selling General And Administration": 1475000000.0,
        "General And Administrative Expense": 1475000000.0,
        "Other Gand A": 1475000000.0,
        "Total Revenue": 12013000000.0,
        "Operating Revenue": 12013000000.0,
        "Loss Adjustment Expense": 6034000000.0,
        "Net Policyholder Benefits And Claims": 6034000000.0
    },
    "2025-03-31": {
        "Tax Effect Of Unusual Items": 0.0,
        "Tax Rate For Calcs": 0.16,
        "Net Income From Continuing Operation Net Minority Interest": 395000000.0,
        "Reconciled Depreciation": 188000000.0,
        "EBIT": 567000000.0,
        "Net Interest Income": -99000000.0,
        "Interest Expense": 99000000.0,
        "Normalized Income": 395000000.0,
        "Net Income From Continuing And Discontinued Operation": 395000000.0,
        "Total Expenses": 11342000000.0,
        "Diluted Average Shares": 230400000.0,
        "Basic Average Shares": 226900000.0,
        "Diluted EPS": 1.7,
        "Basic EPS": 1.73,
        "Diluted NI Availto Com Stockholders": 392000000.0,
        "Net Income Common Stockholders": 392000000.0,
        "Otherunder Preferred Stock Dividend": 3000000.0,
        "Net Income": 395000000.0,
        "Net Income Including Noncontrolling Interests": 395000000.0,
        "Net Income Continuous Operations": 395000000.0,
        "Tax Provision": 73000000.0,
        "Pretax Income": 468000000.0,
        "Other Income Expense": 112000000.0,
        "Net Non Operating Interest Income Expense": -99000000.0,
        "Interest Expense Non Operating": 99000000.0,
        "Selling General And Administration": 1459000000.0,
        "General And Administrative Expense": 1459000000.0,
        "Other Gand A": 1459000000.0,
        "Total Revenue": 11810000000.0,
        "Operating Revenue": 11810000000.0,
        "Loss Adjustment Expense": 8006000000.0,
        "Net Policyholder Benefits And Claims": 8006000000.0
    },
    "2025-06-30": {
        "Tax Effect Of Unusual Items": 0.0,
        "Tax Rate For Calcs": 0.2,
        "Net Income From Continuing Operation Net Minority Interest": 1509000000.0,
        "Reconciled Depreciation": 164000000.0,
        "EBIT": 1980000000.0,
        "Net Interest Income": -99000000.0,
        "Interest Expense": 99000000.0,
        "Normalized Income": 1509000000.0,
        "Net Income From Continuing And Discontinued Operation": 1509000000.0,
        "Total Expenses": 10235000000.0,
        "Diluted Average Shares": 229300000.0,
        "Basic Average Shares": 225900000.0,
        "Diluted EPS": 6.53,
        "Basic EPS": 6.63,
        "Diluted NI Availto Com Stockholders": 1498000000.0,
        "Net Income Common Stockholders": 1498000000.0,
        "Otherunder Preferred Stock Dividend": 11000000.0,
        "Net Income": 1509000000.0,
        "Net Income Including Noncontrolling Interests": 1509000000.0,
        "Net Income Continuous Operations": 1509000000.0,
        "Tax Provision": 372000000.0,
        "Pretax Income": 1881000000.0,
        "Other Income Expense": 123000000.0,
        "Net Non Operating Interest Income Expense": -99000000.0,
        "Interest Expense Non Operating": 99000000.0,
        "Selling General And Administration": 1545000000.0,
        "General And Administrative Expense": 1545000000.0,
        "Other Gand A": 1545000000.0,
        "Total Revenue": 12116000000.0,
        "Operating Revenue": 12116000000.0,
        "Loss Adjustment Expense": 6789000000.0,
        "Net Policyholder Benefits And Claims": 6789000000.0
    },
    "2025-09-30": {
        "Tax Effect Of Unusual Items": 0.0,
        "Tax Rate For Calcs": 0.19,
        "Net Income From Continuing Operation Net Minority Interest": 1888000000.0,
        "Reconciled Depreciation": 166000000.0,
        "EBIT": 2455000000.0,
        "Net Interest Income": -111000000.0,
        "Interest Expense": 111000000.0,
        "Normalized Income": 1888000000.0,
        "Net Income From Continuing And Discontinued Operation": 1888000000.0,
        "Total Expenses": 10126000000.0,
        "Diluted Average Shares": 227500000.0,
        "Basic Average Shares": 224100000.0,
        "Diluted EPS": 8.24,
        "Basic EPS": 8.37,
        "Diluted NI Availto Com Stockholders": 1875000000.0,
        "Net Income Common Stockholders": 1875000000.0,
        "Otherunder Preferred Stock Dividend": 13000000.0,
        "Net Income": 1888000000.0,
        "Net Income Including Noncontrolling Interests": 1888000000.0,
        "Net Income Continuous Operations": 1888000000.0,
        "Tax Provision": 456000000.0,
        "Pretax Income": 2344000000.0,
        "Other Income Expense": 148000000.0,
        "Net Non Operating Interest Income Expense": -111000000.0,
        "Interest Expense Non Operating": 111000000.0,
        "Selling General And Administration": 1572000000.0,
        "General And Administrative Expense": 1572000000.0,
        "Other Gand A": 1572000000.0,
        "Total Revenue": 12470000000.0,
        "Operating Revenue": 12470000000.0,
        "Loss Adjustment Expense": 6594000000.0,
        "Net Policyholder Benefits And Claims": 6594000000.0
    }
}