{
    "2023-03-31": {
        "Tax Effect Of Unusual Items": NaN,
        "Tax Rate For Calcs": NaN,
        "Normalized EBITDA": NaN,
        "Net Income From Continuing Operation Net Minority Interest": NaN,
        "Reconciled Depreciation": NaN,
        "EBITDA": NaN,
        "EBIT": NaN,
        "Net Interest Income": NaN,
        "Interest Expense": NaN,
        "Interest Income": NaN,
        "Normalized Income": NaN,
        "Net Income From Continuing And Discontinued Operation": NaN,
        "Total Expenses": NaN,
        "Total Operating Income As Reported": NaN,
        "Diluted Average Shares": NaN,
        "Basic Average Shares": NaN,
        "Diluted EPS": NaN,
        "Basic EPS": NaN,
        "Diluted NI Availto Com Stockholders": NaN,
        "Net Income Common Stockholders": NaN,
        "Net Income": NaN,
        "Net Income Including Noncontrolling Interests": NaN,
        "Net Income Continuous Operations": NaN,
        "Tax Provision": NaN,
        "Pretax Income": NaN,
        "Other Income Expense": NaN,
        "Other Non Operating Income Expenses": NaN,
        "Net Non Operating Interest Income Expense": NaN,
        "Total Other Finance Cost": 59000.0,
        "Interest Expense Non Operating": NaN,
        "Interest Income Non Operating": NaN,
        "Operating Income": NaN,
        "Operating Expense": NaN,
        "Research And Development": NaN,
        "Selling General And Administration": NaN,
        "General And Administrative Expense": NaN,
        "Other Gand A": NaN,
        "Total Revenue": NaN,
        "Operating Revenue": NaN
    },
    "2022-12-31": {
        "Tax Effect Of Unusual Items": NaN,
        "Tax Rate For Calcs": NaN,
        "Normalized EBITDA": NaN,
        "Total Unusual Items": 0.0,
        "Total Unusual Items Excluding Goodwill": 0.0,
        "Net Income From Continuing Operation Net Minority Interest": NaN,
        "Reconciled Depreciation": NaN,
        "EBITDA": NaN,
        "EBIT": NaN,
        "Net Interest Income": NaN,
        "Interest Expense": NaN,
        "Interest Income": NaN,
        "Normalized Income": NaN,
        "Net Income From Continuing And Discontinued Operation": NaN,
        "Total Expenses": NaN,
        "Total Operating Income As Reported": NaN,
        "Diluted Average Shares": NaN,
        "Basic Average Shares": NaN,
        "Diluted EPS": NaN,
        "Basic EPS": NaN,
        "Diluted NI Availto Com Stockholders": NaN,
        "Net Income Common Stockholders": NaN,
        "Net Income": NaN,
        "Net Income Including Noncontrolling Interests": NaN,
        "Net Income Continuous Operations": NaN,
        "Tax Provision": NaN,
        "Pretax Income": NaN,
        "Other Income Expense": NaN,
        "Other Non Operating Income Expenses": NaN,
        "Gain On Sale Of Security": 0.0,
        "Net Non Operating Interest Income Expense": NaN,
        "Total Other Finance Cost": 74000.0,
        "Interest Expense Non Operating": NaN,
        "Interest Income Non Operating": NaN,
        "Operating Income": NaN,
        "Operating Expense": NaN,
        "Research And Development": NaN,
        "Selling General And Administration": NaN,
        "General And Administrative Expense": NaN,
        "Other Gand A": NaN,
        "Total Revenue": NaN,
        "Operating Revenue": NaN
    },
    "2022-09-30": {
        "Tax Effect Of Unusual Items": NaN,
        "Tax Rate For Calcs": NaN,
        "Normalized EBITDA": NaN,
        "Total Unusual Items": NaN,
        "Total Unusual Items Excluding Goodwill": NaN,
        "Net Income From Continuing Operation Net Minority Interest": NaN,
        "Reconciled Depreciation": NaN,
        "EBITDA": NaN,
        "EBIT": NaN,
        "Net Interest Income": NaN,
        "Interest Expense": NaN,
        "Interest Income": NaN,
        "Normalized Income": NaN,
        "Net Income From Continuing And Discontinued Operation": NaN,
        "Total Expenses": NaN,
        "Total Operating Income As Reported": NaN,
        "Diluted Average Shares": NaN,
        "Basic Average Shares": NaN,
        "Diluted EPS": NaN,
        "Basic EPS": NaN,
        "Diluted NI Availto Com Stockholders": NaN,
        "Net Income Common Stockholders": NaN,
        "Net Income": NaN,
        "Net Income Including Noncontrolling Interests": NaN,
        "Net Income Continuous Operations": NaN,
        "Tax Provision": NaN,
        "Pretax Income": NaN,
        "Other Income Expense": NaN,
        "Other Non Operating Income Expenses": NaN,
        "Gain On Sale Of Security": NaN,
        "Net Non Operating Interest Income Expense": NaN,
        "Total Other Finance Cost": 89000.0,
        "Interest Expense Non Operating": NaN,
        "Interest Income Non Operating": NaN,
        "Operating Income": NaN,
        "Operating Expense": NaN,
        "Research And Development": NaN,
        "Selling General And Administration": NaN,
        "General And Administrative Expense": NaN,
        "Other Gand A": NaN,
        "Total Revenue": NaN,
        "Operating Revenue": NaN
    },
    "2022-06-30": {
        "Tax Effect Of Unusual Items": -67.527309,
        "Tax Rate For Calcs": 0.000497,
        "Normalized EBITDA": -7721000.0,
        "Total Unusual Items": -136000.0,
        "Total Unusual Items Excluding Goodwill": -136000.0,
        "Net Income From Continuing Operation Net Minority Interest": -8052000.0,
        "Reconciled Depreciation": 8000.0,
        "EBITDA": -7857000.0,
        "EBIT": -7865000.0,
        "Net Interest Income": -100000.0,
        "Interest Expense": 191000.0,
        "Interest Income": 195000.0,
        "Normalized Income": -7916067.527309,
        "Net Income From Continuing And Discontinued Operation": -8052000.0,
        "Total Expenses": 7820000.0,
        "Total Operating Income As Reported": -7820000.0,
        "Diluted Average Shares": 59542628.0,
        "Basic Average Shares": 59542628.0,
        "Diluted EPS": -0.14,
        "Basic EPS": -0.14,
        "Diluted NI Availto Com Stockholders": -8052000.0,
        "Net Income Common Stockholders": -8052000.0,
        "Net Income": -8052000.0,
        "Net Income Including Noncontrolling Interests": -8052000.0,
        "Net Income Continuous Operations": -8052000.0,
        "Tax Provision": -4000.0,
        "Pretax Income": -8056000.0,
        "Other Income Expense": -136000.0,
        "Other Non Operating Income Expenses": NaN,
        "Gain On Sale Of Security": -136000.0,
        "Net Non Operating Interest Income Expense": -100000.0,
        "Total Other Finance Cost": 104000.0,
        "Interest Expense Non Operating": 191000.0,
        "Interest Income Non Operating": 195000.0,
        "Operating Income": -7820000.0,
        "Operating Expense": 7820000.0,
        "Research And Development": 5103000.0,
        "Selling General And Administration": 2717000.0,
        "General And Administrative Expense": 2717000.0,
        "Other Gand A": 2717000.0,
        "Total Revenue": 0.0,
        "Operating Revenue": 0.0
    },
    "2022-03-31": {
        "Diluted EPS": -0.24,
        "Total Revenue": NaN,
        "Gross Profit": NaN,
        "Operating Income": -7,
        "EBIT": -7,
        "Net Income": -7
    },
    "2021-12-31": {
        "Diluted EPS": -0.23,
        "Total Revenue": NaN,
        "Gross Profit": NaN,
        "Operating Income": -8,
        "EBIT": -8,
        "Net Income": -9
    },
    "2021-09-30": {
        "Diluted EPS": -0.34,
        "Total Revenue": NaN,
        "Gross Profit": NaN,
        "Operating Income": -7,
        "EBIT": -7,
        "Net Income": -7
    },
    "2021-06-30": {
        "Diluted EPS": -0.49,
        "Total Revenue": NaN,
        "Gross Profit": NaN,
        "Operating Income": -9,
        "EBIT": -9,
        "Net Income": -10
    },
    "2021-03-31": {
        "Diluted EPS": -0.43,
        "Total Revenue": NaN,
        "Gross Profit": NaN,
        "Operating Income": -8,
        "EBIT": -8,
        "Net Income": -8
    },
    "2020-12-31": {
        "Diluted EPS": -0.51,
        "Total Revenue": NaN,
        "Gross Profit": NaN,
        "Operating Income": -9,
        "EBIT": -9,
        "Net Income": -10
    },
    "2020-09-30": {
        "Diluted EPS": -0.41,
        "Total Revenue": NaN,
        "Gross Profit": NaN,
        "Operating Income": -7,
        "EBIT": -7,
        "Net Income": -7
    },
    "2020-06-30": {
        "Diluted EPS": -0.41,
        "Total Revenue": NaN,
        "Gross Profit": NaN,
        "Operating Income": -7,
        "EBIT": -7,
        "Net Income": -7
    },
    "2020-03-31": {
        "Diluted EPS": -0.48,
        "Total Revenue": NaN,
        "Gross Profit": NaN,
        "Operating Income": -9,
        "EBIT": -9,
        "Net Income": -8
    },
    "2019-12-31": {
        "Diluted EPS": 12.61,
        "Total Revenue": NaN,
        "Gross Profit": NaN,
        "Operating Income": -7,
        "EBIT": -7,
        "Net Income": -7
    },
    "2019-09-30": {
        "Diluted EPS": -0.41,
        "Total Revenue": NaN,
        "Gross Profit": NaN,
        "Operating Income": -8,
        "EBIT": -8,
        "Net Income": -7
    },
    "2019-06-30": {
        "Diluted EPS": -0.63,
        "Total Revenue": NaN,
        "Gross Profit": NaN,
        "Operating Income": -7,
        "EBIT": -7,
        "Net Income": -7
    },
    "2019-03-31": {
        "Diluted EPS": -13.85,
        "Total Revenue": NaN,
        "Gross Profit": NaN,
        "Operating Income": -5,
        "EBIT": -5,
        "Net Income": -6
    },
    "2018-12-31": {
        "Diluted EPS": -16.78,
        "Total Revenue": NaN,
        "Gross Profit": NaN,
        "Operating Income": -6,
        "EBIT": -6,
        "Net Income": -6
    },
    "2018-09-30": {
        "Diluted EPS": -16.22,
        "Total Revenue": NaN,
        "Gross Profit": NaN,
        "Operating Income": -5,
        "EBIT": -5,
        "Net Income": -7
    },
    "2018-06-30": {
        "Diluted EPS": -13.62,
        "Total Revenue": NaN,
        "Gross Profit": NaN,
        "Operating Income": -4,
        "EBIT": -4,
        "Net Income": -6
    },
    "2018-03-31": {
        "Diluted EPS": -11.82,
        "Total Revenue": NaN,
        "Gross Profit": NaN,
        "Operating Income": -3,
        "EBIT": -3,
        "Net Income": -5
    },
    "2017-12-31": {
        "Diluted EPS": 0.0,
        "Total Revenue": NaN,
        "Gross Profit": NaN,
        "Operating Income": NaN,
        "EBIT": NaN,
        "Net Income": NaN
    },
    "2023-06-30": {
        "Tax Effect Of Unusual Items": NaN,
        "Tax Rate For Calcs": NaN,
        "Normalized EBITDA": NaN,
        "Net Income From Continuing Operation Net Minority Interest": NaN,
        "Reconciled Depreciation": NaN,
        "EBITDA": NaN,
        "EBIT": NaN,
        "Net Interest Income": NaN,
        "Interest Expense": NaN,
        "Interest Income": NaN,
        "Normalized Income": NaN,
        "Net Income From Continuing And Discontinued Operation": NaN,
        "Total Expenses": NaN,
        "Total Operating Income As Reported": NaN,
        "Diluted Average Shares": 98698579.0,
        "Basic Average Shares": 98698579.0,
        "Diluted EPS": -0.07,
        "Basic EPS": -0.07,
        "Diluted NI Availto Com Stockholders": NaN,
        "Net Income Common Stockholders": NaN,
        "Net Income": NaN,
        "Net Income Including Noncontrolling Interests": NaN,
        "Net Income Continuous Operations": NaN,
        "Tax Provision": NaN,
        "Pretax Income": NaN,
        "Other Income Expense": NaN,
        "Other Non Operating Income Expenses": NaN,
        "Net Non Operating Interest Income Expense": NaN,
        "Interest Expense Non Operating": NaN,
        "Interest Income Non Operating": NaN,
        "Operating Income": NaN,
        "Operating Expense": NaN,
        "Research And Development": NaN,
        "Selling General And Administration": NaN,
        "General And Administrative Expense": NaN,
        "Other Gand A": NaN,
        "Total Revenue": NaN,
        "Operating Revenue": NaN
    },
    "2023-09-30": {
        "Tax Effect Of Unusual Items": NaN,
        "Tax Rate For Calcs": NaN,
        "Normalized EBITDA": NaN,
        "Net Income From Continuing Operation Net Minority Interest": NaN,
        "Reconciled Depreciation": NaN,
        "EBITDA": NaN,
        "EBIT": NaN,
        "Net Interest Income": NaN,
        "Interest Expense": NaN,
        "Interest Income": NaN,
        "Normalized Income": NaN,
        "Net Income From Continuing And Discontinued Operation": NaN,
        "Total Expenses": NaN,
        "Total Operating Income As Reported": NaN,
        "Diluted Average Shares": 99325540.0,
        "Basic Average Shares": 99325540.0,
        "Diluted EPS": -0.08,
        "Basic EPS": -0.08,
        "Diluted NI Availto Com Stockholders": NaN,
        "Net Income Common Stockholders": NaN,
        "Net Income": NaN,
        "Net Income Including Noncontrolling Interests": NaN,
        "Net Income Continuous Operations": NaN,
        "Tax Provision": NaN,
        "Pretax Income": NaN,
        "Other Income Expense": NaN,
        "Other Non Operating Income Expenses": NaN,
        "Net Non Operating Interest Income Expense": NaN,
        "Interest Expense Non Operating": NaN,
        "Interest Income Non Operating": NaN,
        "Operating Income": NaN,
        "Operating Expense": NaN,
        "Research And Development": NaN,
        "Selling General And Administration": NaN,
        "General And Administrative Expense": NaN,
        "Other Gand A": NaN,
        "Total Revenue": NaN,
        "Operating Revenue": NaN
    },
    "2023-12-31": {
        "Tax Effect Of Unusual Items": 0.0,
        "Tax Rate For Calcs": 0.21,
        "Normalized EBITDA": -7764000.0,
        "Net Income From Continuing Operation Net Minority Interest": -7821000.0,
        "Reconciled Depreciation": 35000.0,
        "EBITDA": -7764000.0,
        "EBIT": -7799000.0,
        "Net Interest Income": 1133000.0,
        "Interest Expense": 4000.0,
        "Interest Income": 1137000.0,
        "Normalized Income": -7821000.0,
        "Net Income From Continuing And Discontinued Operation": -7821000.0,
        "Total Expenses": 8933000.0,
        "Total Operating Income As Reported": -8933000.0,
        "Diluted Average Shares": NaN,
        "Basic Average Shares": NaN,
        "Diluted EPS": NaN,
        "Basic EPS": NaN,
        "Diluted NI Availto Com Stockholders": -7821000.0,
        "Net Income Common Stockholders": -7821000.0,
        "Net Income": -7821000.0,
        "Net Income Including Noncontrolling Interests": -7821000.0,
        "Net Income Continuous Operations": -7821000.0,
        "Tax Provision": 18000.0,
        "Pretax Income": -7803000.0,
        "Other Income Expense": -3000.0,
        "Other Non Operating Income Expenses": -3000.0,
        "Net Non Operating Interest Income Expense": 1133000.0,
        "Interest Expense Non Operating": 4000.0,
        "Interest Income Non Operating": 1137000.0,
        "Operating Income": -8933000.0,
        "Operating Expense": 8933000.0,
        "Research And Development": 6518000.0,
        "Selling General And Administration": 2415000.0,
        "General And Administrative Expense": 2415000.0,
        "Other Gand A": 2415000.0,
        "Total Revenue": 0.0,
        "Operating Revenue": 0.0
    },
    "2024-03-31": {
        "Tax Effect Of Unusual Items": 0.0,
        "Tax Rate For Calcs": 0.000733,
        "Normalized EBITDA": -10874000.0,
        "Net Income From Continuing Operation Net Minority Interest": -10902000.0,
        "Reconciled Depreciation": 35000.0,
        "EBITDA": -10874000.0,
        "EBIT": -10909000.0,
        "Net Interest Income": 997000.0,
        "Interest Expense": 1000.0,
        "Interest Income": 998000.0,
        "Normalized Income": -10902000.0,
        "Net Income From Continuing And Discontinued Operation": -10902000.0,
        "Total Expenses": 11906000.0,
        "Total Operating Income As Reported": -11906000.0,
        "Diluted Average Shares": 99517212.0,
        "Basic Average Shares": 99517212.0,
        "Diluted EPS": -0.11,
        "Basic EPS": -0.11,
        "Diluted NI Availto Com Stockholders": -10902000.0,
        "Net Income Common Stockholders": -10902000.0,
        "Net Income": -10902000.0,
        "Net Income Including Noncontrolling Interests": -10902000.0,
        "Net Income Continuous Operations": -10902000.0,
        "Tax Provision": -8000.0,
        "Pretax Income": -10910000.0,
        "Other Income Expense": -1000.0,
        "Other Non Operating Income Expenses": -1000.0,
        "Net Non Operating Interest Income Expense": 997000.0,
        "Interest Expense Non Operating": 1000.0,
        "Interest Income Non Operating": 998000.0,
        "Operating Income": -11906000.0,
        "Operating Expense": 11906000.0,
        "Research And Development": 8804000.0,
        "Selling General And Administration": 3102000.0,
        "General And Administrative Expense": 3102000.0,
        "Other Gand A": 3102000.0,
        "Total Revenue": 0.0,
        "Operating Revenue": 0.0
    },
    "2024-06-30": {
        "Tax Effect Of Unusual Items": 0.0,
        "Tax Rate For Calcs": 0.000647,
        "Normalized EBITDA": -12321000.0,
        "Net Income From Continuing Operation Net Minority Interest": -12352000.0,
        "Reconciled Depreciation": 38000.0,
        "EBITDA": -12321000.0,
        "EBIT": -12359000.0,
        "Net Interest Income": 934000.0,
        "Interest Expense": 1000.0,
        "Interest Income": 935000.0,
        "Normalized Income": -12352000.0,
        "Net Income From Continuing And Discontinued Operation": -12352000.0,
        "Total Expenses": 13289000.0,
        "Total Operating Income As Reported": -13289000.0,
        "Diluted Average Shares": 101041573.0,
        "Basic Average Shares": 101041573.0,
        "Diluted EPS": -0.12,
        "Basic EPS": -0.12,
        "Diluted NI Availto Com Stockholders": -12352000.0,
        "Net Income Common Stockholders": -12352000.0,
        "Net Income": -12352000.0,
        "Net Income Including Noncontrolling Interests": -12352000.0,
        "Net Income Continuous Operations": -12352000.0,
        "Tax Provision": -8000.0,
        "Pretax Income": -12360000.0,
        "Other Income Expense": -5000.0,
        "Other Non Operating Income Expenses": -5000.0,
        "Net Non Operating Interest Income Expense": 934000.0,
        "Interest Expense Non Operating": 1000.0,
        "Interest Income Non Operating": 935000.0,
        "Operating Income": -13289000.0,
        "Operating Expense": 13289000.0,
        "Research And Development": 10021000.0,
        "Selling General And Administration": 3268000.0,
        "General And Administrative Expense": 3268000.0,
        "Other Gand A": 3268000.0,
        "Total Revenue": 0.0,
        "Operating Revenue": 0.0
    },
    "2024-09-30": {
        "Tax Effect Of Unusual Items": 0.0,
        "Tax Rate For Calcs": 0.002336,
        "Normalized EBITDA": -13236000.0,
        "Net Income From Continuing Operation Net Minority Interest": -13242000.0,
        "Reconciled Depreciation": 36000.0,
        "EBITDA": -13236000.0,
        "EBIT": -13272000.0,
        "Net Interest Income": 825000.0,
        "Interest Expense": 1000.0,
        "Interest Income": 826000.0,
        "Normalized Income": -13242000.0,
        "Net Income From Continuing And Discontinued Operation": -13242000.0,
        "Total Expenses": 14087000.0,
        "Total Operating Income As Reported": -14087000.0,
        "Diluted Average Shares": 101282228.0,
        "Basic Average Shares": 101282228.0,
        "Diluted EPS": -0.13,
        "Basic EPS": -0.13,
        "Diluted NI Availto Com Stockholders": -13242000.0,
        "Net Income Common Stockholders": -13242000.0,
        "Net Income": -13242000.0,
        "Net Income Including Noncontrolling Interests": -13242000.0,
        "Net Income Continuous Operations": -13242000.0,
        "Tax Provision": -31000.0,
        "Pretax Income": -13273000.0,
        "Other Income Expense": -11000.0,
        "Other Non Operating Income Expenses": -11000.0,
        "Net Non Operating Interest Income Expense": 825000.0,
        "Interest Expense Non Operating": 1000.0,
        "Interest Income Non Operating": 826000.0,
        "Operating Income": -14087000.0,
        "Operating Expense": 14087000.0,
        "Research And Development": 11224000.0,
        "Selling General And Administration": 2863000.0,
        "General And Administrative Expense": 2863000.0,
        "Other Gand A": 2863000.0,
        "Total Revenue": 0.0,
        "Operating Revenue": 0.0
    },
    "2024-12-31": {
        "Tax Effect Of Unusual Items": 0.0,
        "Tax Rate For Calcs": 0.21,
        "Normalized EBITDA": -11360000.0,
        "Net Income From Continuing Operation Net Minority Interest": -11415000.0,
        "Reconciled Depreciation": 38000.0,
        "EBITDA": -11360000.0,
        "EBIT": -11398000.0,
        "Net Interest Income": 842000.0,
        "Interest Expense": 1000.0,
        "Interest Income": 843000.0,
        "Normalized Income": -11415000.0,
        "Net Income From Continuing And Discontinued Operation": -11415000.0,
        "Total Expenses": 12243000.0,
        "Total Operating Income As Reported": -12243000.0,
        "Diluted Average Shares": 106009686.0,
        "Basic Average Shares": 106009686.0,
        "Diluted EPS": -0.11,
        "Basic EPS": -0.11,
        "Diluted NI Availto Com Stockholders": -11415000.0,
        "Net Income Common Stockholders": -11415000.0,
        "Net Income": -11415000.0,
        "Net Income Including Noncontrolling Interests": -11415000.0,
        "Net Income Continuous Operations": -11415000.0,
        "Tax Provision": 16000.0,
        "Pretax Income": -11399000.0,
        "Other Income Expense": 2000.0,
        "Other Non Operating Income Expenses": 2000.0,
        "Net Non Operating Interest Income Expense": 842000.0,
        "Interest Expense Non Operating": 1000.0,
        "Interest Income Non Operating": 843000.0,
        "Operating Income": -12243000.0,
        "Operating Expense": 12243000.0,
        "Research And Development": 9328000.0,
        "Selling General And Administration": 2915000.0,
        "General And Administrative Expense": 2915000.0,
        "Other Gand A": 2915000.0,
        "Total Revenue": 0.0,
        "Operating Revenue": 0.0
    },
    "2025-03-31": {
        "Tax Effect Of Unusual Items": 0.0,
        "Tax Rate For Calcs": 0.001063,
        "Normalized EBITDA": -10314000.0,
        "Net Income From Continuing Operation Net Minority Interest": -10340000.0,
        "Reconciled Depreciation": 37000.0,
        "EBITDA": -10314000.0,
        "EBIT": -10351000.0,
        "Net Interest Income": 1125000.0,
        "Interest Expense": 0.0,
        "Interest Income": 1125000.0,
        "Normalized Income": -10340000.0,
        "Net Income From Continuing And Discontinued Operation": -10340000.0,
        "Total Expenses": 11470000.0,
        "Total Operating Income As Reported": -11470000.0,
        "Diluted Average Shares": 117610750.0,
        "Basic Average Shares": 117610750.0,
        "Diluted EPS": -0.09,
        "Basic EPS": -0.09,
        "Diluted NI Availto Com Stockholders": -10340000.0,
        "Net Income Common Stockholders": -10340000.0,
        "Net Income": -10340000.0,
        "Net Income Including Noncontrolling Interests": -10340000.0,
        "Net Income Continuous Operations": -10340000.0,
        "Tax Provision": -11000.0,
        "Pretax Income": -10351000.0,
        "Other Income Expense": -6000.0,
        "Other Non Operating Income Expenses": -6000.0,
        "Net Non Operating Interest Income Expense": 1125000.0,
        "Interest Expense Non Operating": 0.0,
        "Interest Income Non Operating": 1125000.0,
        "Operating Income": -11470000.0,
        "Operating Expense": 11470000.0,
        "Research And Development": 7811000.0,
        "Selling General And Administration": 3659000.0,
        "General And Administrative Expense": 3659000.0,
        "Other Gand A": 3659000.0,
        "Total Revenue": 0.0,
        "Operating Revenue": 0.0
    }
}