{
    "2023-03-31": {
        "Tax Effect Of Unusual Items": NaN,
        "Tax Rate For Calcs": NaN,
        "Normalized EBITDA": NaN,
        "Total Unusual Items": 8019000.0,
        "Total Unusual Items Excluding Goodwill": 8019000.0,
        "Net Income From Continuing Operation Net Minority Interest": NaN,
        "Reconciled Depreciation": NaN,
        "Reconciled Cost Of Revenue": NaN,
        "EBITDA": NaN,
        "EBIT": NaN,
        "Net Interest Income": NaN,
        "Interest Expense": NaN,
        "Interest Income": NaN,
        "Normalized Income": NaN,
        "Net Income From Continuing And Discontinued Operation": NaN,
        "Total Expenses": NaN,
        "Total Operating Income As Reported": NaN,
        "Diluted Average Shares": NaN,
        "Basic Average Shares": NaN,
        "Diluted EPS": NaN,
        "Basic EPS": NaN,
        "Diluted NI Availto Com Stockholders": NaN,
        "Net Income Common Stockholders": NaN,
        "Net Income": NaN,
        "Minority Interests": NaN,
        "Net Income Including Noncontrolling Interests": NaN,
        "Net Income Continuous Operations": NaN,
        "Tax Provision": NaN,
        "Pretax Income": NaN,
        "Other Income Expense": NaN,
        "Other Non Operating Income Expenses": 1407000.0,
        "Special Income Charges": NaN,
        "Gain On Sale Of Business": NaN,
        "Write Off": NaN,
        "Restructuring And Mergern Acquisition": NaN,
        "Earnings From Equity Interest": NaN,
        "Gain On Sale Of Security": 8019000.0,
        "Net Non Operating Interest Income Expense": NaN,
        "Total Other Finance Cost": NaN,
        "Interest Expense Non Operating": NaN,
        "Interest Income Non Operating": NaN,
        "Operating Income": NaN,
        "Operating Expense": NaN,
        "Other Operating Expenses": NaN,
        "Other Taxes": 51008000.0,
        "Provision For Doubtful Accounts": -278000.0,
        "Depreciation Amortization Depletion Income Statement": 17415000.0,
        "Depreciation And Amortization In Income Statement": 17415000.0,
        "Amortization": 7863000.0,
        "Amortization Of Intangibles Income Statement": 7863000.0,
        "Depreciation Income Statement": 9552000.0,
        "Selling General And Administration": NaN,
        "Selling And Marketing Expense": 198107000.0,
        "General And Administrative Expense": 213669000.0,
        "Other Gand A": 63372000.0,
        "Salaries And Wages": 150297000.0,
        "Gross Profit": NaN,
        "Cost Of Revenue": NaN,
        "Total Revenue": NaN,
        "Operating Revenue": NaN
    },
    "2022-12-31": {
        "Tax Effect Of Unusual Items": NaN,
        "Tax Rate For Calcs": NaN,
        "Normalized EBITDA": NaN,
        "Total Unusual Items": -50762000.0,
        "Total Unusual Items Excluding Goodwill": -50762000.0,
        "Net Income From Continuing Operation Net Minority Interest": NaN,
        "Reconciled Depreciation": NaN,
        "Reconciled Cost Of Revenue": NaN,
        "EBITDA": NaN,
        "EBIT": NaN,
        "Net Interest Income": NaN,
        "Interest Expense": NaN,
        "Interest Income": NaN,
        "Normalized Income": NaN,
        "Net Income From Continuing And Discontinued Operation": NaN,
        "Total Expenses": NaN,
        "Total Operating Income As Reported": NaN,
        "Diluted Average Shares": NaN,
        "Basic Average Shares": NaN,
        "Diluted EPS": NaN,
        "Basic EPS": NaN,
        "Diluted NI Availto Com Stockholders": NaN,
        "Net Income Common Stockholders": NaN,
        "Net Income": NaN,
        "Minority Interests": NaN,
        "Net Income Including Noncontrolling Interests": NaN,
        "Net Income Continuous Operations": NaN,
        "Tax Provision": NaN,
        "Pretax Income": NaN,
        "Other Income Expense": NaN,
        "Other Non Operating Income Expenses": 1262000.0,
        "Special Income Charges": -76725000.0,
        "Other Special Charges": 0.0,
        "Write Off": NaN,
        "Restructuring And Mergern Acquisition": NaN,
        "Earnings From Equity Interest": NaN,
        "Gain On Sale Of Security": 25963000.0,
        "Net Non Operating Interest Income Expense": NaN,
        "Total Other Finance Cost": NaN,
        "Interest Expense Non Operating": NaN,
        "Interest Income Non Operating": NaN,
        "Operating Income": NaN,
        "Operating Expense": NaN,
        "Other Operating Expenses": NaN,
        "Other Taxes": 40285000.0,
        "Provision For Doubtful Accounts": -227000.0,
        "Depreciation Amortization Depletion Income Statement": 27551000.0,
        "Depreciation And Amortization In Income Statement": 27551000.0,
        "Amortization": 17423000.0,
        "Amortization Of Intangibles Income Statement": 17423000.0,
        "Depreciation Income Statement": 10128000.0,
        "Selling General And Administration": NaN,
        "Selling And Marketing Expense": 175725000.0,
        "General And Administrative Expense": 201623000.0,
        "Other Gand A": 67038000.0,
        "Salaries And Wages": 134585000.0,
        "Gross Profit": NaN,
        "Cost Of Revenue": NaN,
        "Total Revenue": NaN,
        "Operating Revenue": NaN
    },
    "2022-09-30": {
        "Tax Effect Of Unusual Items": 0.0,
        "Tax Rate For Calcs": 0.219732,
        "Normalized EBITDA": 939538000.0,
        "Total Unusual Items": NaN,
        "Total Unusual Items Excluding Goodwill": NaN,
        "Net Income From Continuing Operation Net Minority Interest": 606470000.0,
        "Reconciled Depreciation": 142488000.0,
        "Reconciled Cost Of Revenue": 1766486000.0,
        "EBITDA": 939538000.0,
        "EBIT": 797050000.0,
        "Net Interest Income": -29111000.0,
        "Interest Expense": 17741000.0,
        "Interest Income": 26998000.0,
        "Normalized Income": 606470000.0,
        "Net Income From Continuing And Discontinued Operation": 606470000.0,
        "Total Expenses": 2171676000.0,
        "Total Operating Income As Reported": 803125000.0,
        "Diluted Average Shares": 594578431.0,
        "Basic Average Shares": 594578431.0,
        "Diluted EPS": 1.02,
        "Basic EPS": 1.02,
        "Diluted NI Availto Com Stockholders": 606470000.0,
        "Net Income Common Stockholders": 606470000.0,
        "Net Income": 606470000.0,
        "Minority Interests": -1600000.0,
        "Net Income Including Noncontrolling Interests": 608070000.0,
        "Net Income Continuous Operations": 608070000.0,
        "Tax Provision": 171239000.0,
        "Pretax Income": 779309000.0,
        "Other Income Expense": 5295000.0,
        "Other Non Operating Income Expenses": NaN,
        "Special Income Charges": NaN,
        "Other Special Charges": NaN,
        "Write Off": NaN,
        "Earnings From Equity Interest": 5295000.0,
        "Gain On Sale Of Security": NaN,
        "Net Non Operating Interest Income Expense": -29111000.0,
        "Total Other Finance Cost": 38368000.0,
        "Interest Expense Non Operating": 17741000.0,
        "Interest Income Non Operating": 26998000.0,
        "Operating Income": 803125000.0,
        "Operating Expense": 405190000.0,
        "Other Operating Expenses": 1755000.0,
        "Other Taxes": NaN,
        "Provision For Doubtful Accounts": NaN,
        "Depreciation Amortization Depletion Income Statement": NaN,
        "Depreciation And Amortization In Income Statement": NaN,
        "Amortization": NaN,
        "Amortization Of Intangibles Income Statement": NaN,
        "Depreciation Income Statement": NaN,
        "Selling General And Administration": 403435000.0,
        "Selling And Marketing Expense": NaN,
        "General And Administrative Expense": NaN,
        "Other Gand A": NaN,
        "Salaries And Wages": NaN,
        "Gross Profit": 1208315000.0,
        "Cost Of Revenue": 1766486000.0,
        "Total Revenue": 2974801000.0,
        "Operating Revenue": 2974801000.0
    },
    "2022-06-30": {
        "Tax Effect Of Unusual Items": 0.0,
        "Tax Rate For Calcs": 0.159663,
        "Normalized EBITDA": 903641000.0,
        "Total Unusual Items": NaN,
        "Total Unusual Items Excluding Goodwill": NaN,
        "Net Income From Continuing Operation Net Minority Interest": 636718000.0,
        "Reconciled Depreciation": 143024000.0,
        "Reconciled Cost Of Revenue": 1735342000.0,
        "EBITDA": 903641000.0,
        "EBIT": 760617000.0,
        "Net Interest Income": -11457000.0,
        "Interest Expense": 6127000.0,
        "Interest Income": 6441000.0,
        "Normalized Income": 636718000.0,
        "Net Income From Continuing And Discontinued Operation": 636718000.0,
        "Total Expenses": 2137629000.0,
        "Total Operating Income As Reported": 662845000.0,
        "Diluted Average Shares": 590268500.0,
        "Basic Average Shares": 590268500.0,
        "Diluted EPS": 1.08,
        "Basic EPS": 1.08,
        "Diluted NI Availto Com Stockholders": 636718000.0,
        "Net Income Common Stockholders": 636718000.0,
        "Net Income": 636718000.0,
        "Minority Interests": 2692000.0,
        "Net Income Including Noncontrolling Interests": 634026000.0,
        "Net Income Continuous Operations": 634026000.0,
        "Tax Provision": 120464000.0,
        "Pretax Income": 754490000.0,
        "Other Income Expense": 103102000.0,
        "Other Non Operating Income Expenses": NaN,
        "Special Income Charges": NaN,
        "Other Special Charges": NaN,
        "Write Off": NaN,
        "Earnings From Equity Interest": 103102000.0,
        "Gain On Sale Of Security": NaN,
        "Net Non Operating Interest Income Expense": -11457000.0,
        "Total Other Finance Cost": 11771000.0,
        "Interest Expense Non Operating": 6127000.0,
        "Interest Income Non Operating": 6441000.0,
        "Operating Income": 662845000.0,
        "Operating Expense": 402287000.0,
        "Other Operating Expenses": -9453000.0,
        "Other Taxes": NaN,
        "Provision For Doubtful Accounts": NaN,
        "Depreciation Amortization Depletion Income Statement": NaN,
        "Depreciation And Amortization In Income Statement": NaN,
        "Amortization": NaN,
        "Amortization Of Intangibles Income Statement": NaN,
        "Depreciation Income Statement": NaN,
        "Selling General And Administration": 411740000.0,
        "Selling And Marketing Expense": NaN,
        "General And Administrative Expense": NaN,
        "Other Gand A": NaN,
        "Salaries And Wages": NaN,
        "Gross Profit": 1065132000.0,
        "Cost Of Revenue": 1735342000.0,
        "Total Revenue": 2800474000.0,
        "Operating Revenue": 2800474000.0
    },
    "2023-06-30": {
        "Tax Effect Of Unusual Items": 0.0,
        "Tax Rate For Calcs": 0.196391,
        "Normalized EBITDA": 1580632000.0,
        "Total Unusual Items": NaN,
        "Total Unusual Items Excluding Goodwill": NaN,
        "Net Income From Continuing Operation Net Minority Interest": 1123029000.0,
        "Reconciled Depreciation": 130581000.0,
        "Reconciled Cost Of Revenue": 2267164000.0,
        "EBITDA": 1580632000.0,
        "EBIT": 1450051000.0,
        "Net Interest Income": 39561000.0,
        "Interest Expense": 36379000.0,
        "Interest Income": 45866000.0,
        "Normalized Income": 1123029000.0,
        "Net Income From Continuing And Discontinued Operation": 1123029000.0,
        "Total Expenses": 2796723000.0,
        "Total Operating Income As Reported": 1278190000.0,
        "Diluted Average Shares": 591067895.0,
        "Basic Average Shares": 591067895.0,
        "Diluted EPS": 1.9,
        "Basic EPS": 1.9,
        "Diluted NI Availto Com Stockholders": 1123029000.0,
        "Net Income Common Stockholders": 1123029000.0,
        "Net Income": 1123029000.0,
        "Minority Interests": -13011000.0,
        "Net Income Including Noncontrolling Interests": 1136040000.0,
        "Net Income Continuous Operations": 1136040000.0,
        "Tax Provision": 277632000.0,
        "Pretax Income": 1413672000.0,
        "Other Income Expense": 95921000.0,
        "Other Non Operating Income Expenses": NaN,
        "Special Income Charges": NaN,
        "Write Off": NaN,
        "Restructuring And Mergern Acquisition": NaN,
        "Earnings From Equity Interest": 95921000.0,
        "Gain On Sale Of Security": NaN,
        "Net Non Operating Interest Income Expense": 39561000.0,
        "Total Other Finance Cost": -30074000.0,
        "Interest Expense Non Operating": 36379000.0,
        "Interest Income Non Operating": 45866000.0,
        "Operating Income": 1278190000.0,
        "Operating Expense": 529559000.0,
        "Other Operating Expenses": 823000.0,
        "Other Taxes": NaN,
        "Provision For Doubtful Accounts": NaN,
        "Depreciation Amortization Depletion Income Statement": NaN,
        "Depreciation And Amortization In Income Statement": NaN,
        "Amortization": NaN,
        "Amortization Of Intangibles Income Statement": NaN,
        "Depreciation Income Statement": NaN,
        "Selling General And Administration": 528736000.0,
        "Selling And Marketing Expense": NaN,
        "General And Administrative Expense": NaN,
        "Other Gand A": NaN,
        "Salaries And Wages": NaN,
        "Gross Profit": 1807749000.0,
        "Cost Of Revenue": 2267164000.0,
        "Total Revenue": 4074913000.0,
        "Operating Revenue": 4074913000.0
    },
    "2023-09-30": {
        "Tax Effect Of Unusual Items": NaN,
        "Tax Rate For Calcs": NaN,
        "Normalized EBITDA": NaN,
        "Total Unusual Items": NaN,
        "Total Unusual Items Excluding Goodwill": NaN,
        "Net Income From Continuing Operation Net Minority Interest": NaN,
        "Reconciled Depreciation": NaN,
        "Reconciled Cost Of Revenue": NaN,
        "EBITDA": NaN,
        "EBIT": NaN,
        "Net Interest Income": NaN,
        "Interest Expense": NaN,
        "Interest Income": NaN,
        "Normalized Income": NaN,
        "Net Income From Continuing And Discontinued Operation": NaN,
        "Total Expenses": NaN,
        "Total Operating Income As Reported": NaN,
        "Diluted Average Shares": 590268500.0,
        "Basic Average Shares": 590268500.0,
        "Diluted EPS": 0.92,
        "Basic EPS": 0.92,
        "Diluted NI Availto Com Stockholders": NaN,
        "Net Income Common Stockholders": NaN,
        "Net Income": NaN,
        "Minority Interests": NaN,
        "Net Income Including Noncontrolling Interests": NaN,
        "Net Income Continuous Operations": NaN,
        "Tax Provision": NaN,
        "Pretax Income": NaN,
        "Other Income Expense": NaN,
        "Other Non Operating Income Expenses": NaN,
        "Special Income Charges": NaN,
        "Gain On Sale Of Business": NaN,
        "Other Special Charges": NaN,
        "Write Off": NaN,
        "Restructuring And Mergern Acquisition": NaN,
        "Earnings From Equity Interest": NaN,
        "Gain On Sale Of Security": NaN,
        "Net Non Operating Interest Income Expense": NaN,
        "Total Other Finance Cost": NaN,
        "Interest Expense Non Operating": NaN,
        "Interest Income Non Operating": NaN,
        "Operating Income": NaN,
        "Operating Expense": NaN,
        "Other Operating Expenses": NaN,
        "Other Taxes": NaN,
        "Provision For Doubtful Accounts": NaN,
        "Depreciation Amortization Depletion Income Statement": NaN,
        "Depreciation And Amortization In Income Statement": NaN,
        "Amortization": NaN,
        "Amortization Of Intangibles Income Statement": NaN,
        "Depreciation Income Statement": NaN,
        "Selling General And Administration": NaN,
        "Selling And Marketing Expense": NaN,
        "General And Administrative Expense": NaN,
        "Other Gand A": NaN,
        "Salaries And Wages": NaN,
        "Gross Profit": NaN,
        "Cost Of Revenue": NaN,
        "Total Revenue": NaN,
        "Operating Revenue": NaN
    },
    "2023-12-31": {
        "Tax Effect Of Unusual Items": NaN,
        "Tax Rate For Calcs": NaN,
        "Normalized EBITDA": NaN,
        "Total Unusual Items": 149972000.0,
        "Total Unusual Items Excluding Goodwill": 149972000.0,
        "Net Income From Continuing Operation Net Minority Interest": NaN,
        "Reconciled Depreciation": NaN,
        "Reconciled Cost Of Revenue": NaN,
        "EBITDA": NaN,
        "EBIT": NaN,
        "Net Interest Income": NaN,
        "Interest Expense": NaN,
        "Interest Income": NaN,
        "Normalized Income": NaN,
        "Net Income From Continuing And Discontinued Operation": NaN,
        "Total Expenses": NaN,
        "Total Operating Income As Reported": NaN,
        "Diluted Average Shares": NaN,
        "Basic Average Shares": NaN,
        "Diluted EPS": NaN,
        "Basic EPS": NaN,
        "Diluted NI Availto Com Stockholders": NaN,
        "Net Income Common Stockholders": NaN,
        "Net Income": NaN,
        "Minority Interests": NaN,
        "Net Income Including Noncontrolling Interests": NaN,
        "Net Income Continuous Operations": NaN,
        "Tax Provision": NaN,
        "Pretax Income": NaN,
        "Other Income Expense": NaN,
        "Other Non Operating Income Expenses": 1000000.0,
        "Special Income Charges": 0.0,
        "Gain On Sale Of Business": 0.0,
        "Other Special Charges": NaN,
        "Write Off": 0.0,
        "Restructuring And Mergern Acquisition": 0.0,
        "Earnings From Equity Interest": NaN,
        "Gain On Sale Of Security": 149972000.0,
        "Net Non Operating Interest Income Expense": NaN,
        "Total Other Finance Cost": NaN,
        "Interest Expense Non Operating": NaN,
        "Interest Income Non Operating": NaN,
        "Operating Income": NaN,
        "Operating Expense": NaN,
        "Other Operating Expenses": NaN,
        "Other Taxes": 33419000.0,
        "Provision For Doubtful Accounts": 200000.0,
        "Depreciation Amortization Depletion Income Statement": 27289000.0,
        "Depreciation And Amortization In Income Statement": 27289000.0,
        "Amortization": 16343000.0,
        "Amortization Of Intangibles Income Statement": 16343000.0,
        "Depreciation Income Statement": 10946000.0,
        "Selling General And Administration": NaN,
        "Selling And Marketing Expense": 153730000.0,
        "General And Administrative Expense": 256936000.0,
        "Other Gand A": 76765000.0,
        "Salaries And Wages": 180171000.0,
        "Gross Profit": NaN,
        "Cost Of Revenue": NaN,
        "Total Revenue": NaN,
        "Operating Revenue": NaN
    },
    "2024-03-31": {
        "Tax Effect Of Unusual Items": NaN,
        "Tax Rate For Calcs": NaN,
        "Normalized EBITDA": NaN,
        "Total Unusual Items": 3330000.0,
        "Total Unusual Items Excluding Goodwill": 3330000.0,
        "Net Income From Continuing Operation Net Minority Interest": NaN,
        "Reconciled Depreciation": NaN,
        "Reconciled Cost Of Revenue": NaN,
        "EBITDA": NaN,
        "EBIT": NaN,
        "Net Interest Income": NaN,
        "Interest Expense": NaN,
        "Interest Income": NaN,
        "Normalized Income": NaN,
        "Net Income From Continuing And Discontinued Operation": NaN,
        "Total Expenses": NaN,
        "Total Operating Income As Reported": NaN,
        "Diluted Average Shares": NaN,
        "Basic Average Shares": NaN,
        "Diluted EPS": NaN,
        "Basic EPS": NaN,
        "Diluted NI Availto Com Stockholders": NaN,
        "Net Income Common Stockholders": NaN,
        "Net Income": NaN,
        "Minority Interests": NaN,
        "Net Income Including Noncontrolling Interests": NaN,
        "Net Income Continuous Operations": NaN,
        "Tax Provision": NaN,
        "Pretax Income": NaN,
        "Other Income Expense": NaN,
        "Other Non Operating Income Expenses": 1076000.0,
        "Special Income Charges": NaN,
        "Gain On Sale Of Business": NaN,
        "Other Special Charges": NaN,
        "Restructuring And Mergern Acquisition": NaN,
        "Earnings From Equity Interest": NaN,
        "Gain On Sale Of Security": 3330000.0,
        "Net Non Operating Interest Income Expense": NaN,
        "Total Other Finance Cost": NaN,
        "Interest Expense Non Operating": NaN,
        "Interest Income Non Operating": NaN,
        "Operating Income": NaN,
        "Operating Expense": NaN,
        "Other Operating Expenses": NaN,
        "Other Taxes": 38618000.0,
        "Provision For Doubtful Accounts": -523000.0,
        "Depreciation Amortization Depletion Income Statement": 42530000.0,
        "Depreciation And Amortization In Income Statement": 42530000.0,
        "Amortization": 30165000.0,
        "Amortization Of Intangibles Income Statement": 30165000.0,
        "Depreciation Income Statement": 12365000.0,
        "Selling General And Administration": NaN,
        "Selling And Marketing Expense": 167589000.0,
        "General And Administrative Expense": 249495000.0,
        "Other Gand A": 68422000.0,
        "Salaries And Wages": 181073000.0,
        "Gross Profit": NaN,
        "Cost Of Revenue": NaN,
        "Total Revenue": NaN,
        "Operating Revenue": NaN
    },
    "2024-06-30": {
        "Tax Effect Of Unusual Items": NaN,
        "Tax Rate For Calcs": NaN,
        "Normalized EBITDA": NaN,
        "Total Unusual Items": NaN,
        "Total Unusual Items Excluding Goodwill": NaN,
        "Net Income From Continuing Operation Net Minority Interest": NaN,
        "Reconciled Depreciation": 138509000.0,
        "Reconciled Cost Of Revenue": NaN,
        "EBITDA": NaN,
        "EBIT": NaN,
        "Net Interest Income": NaN,
        "Interest Expense": NaN,
        "Interest Income": NaN,
        "Normalized Income": NaN,
        "Net Income From Continuing And Discontinued Operation": NaN,
        "Total Expenses": NaN,
        "Total Operating Income As Reported": NaN,
        "Diluted Average Shares": NaN,
        "Basic Average Shares": NaN,
        "Diluted EPS": NaN,
        "Basic EPS": NaN,
        "Diluted NI Availto Com Stockholders": NaN,
        "Net Income Common Stockholders": NaN,
        "Net Income": NaN,
        "Minority Interests": NaN,
        "Net Income Including Noncontrolling Interests": NaN,
        "Net Income Continuous Operations": NaN,
        "Tax Provision": NaN,
        "Pretax Income": NaN,
        "Other Income Expense": NaN,
        "Other Non Operating Income Expenses": NaN,
        "Special Income Charges": NaN,
        "Gain On Sale Of Business": NaN,
        "Other Special Charges": NaN,
        "Restructuring And Mergern Acquisition": NaN,
        "Earnings From Equity Interest": NaN,
        "Gain On Sale Of Security": NaN,
        "Net Non Operating Interest Income Expense": NaN,
        "Total Other Finance Cost": NaN,
        "Interest Expense Non Operating": NaN,
        "Interest Income Non Operating": NaN,
        "Operating Income": NaN,
        "Operating Expense": NaN,
        "Other Operating Expenses": NaN,
        "Other Taxes": NaN,
        "Provision For Doubtful Accounts": NaN,
        "Depreciation Amortization Depletion Income Statement": NaN,
        "Depreciation And Amortization In Income Statement": NaN,
        "Amortization": NaN,
        "Amortization Of Intangibles Income Statement": NaN,
        "Depreciation Income Statement": NaN,
        "Selling General And Administration": NaN,
        "Selling And Marketing Expense": NaN,
        "General And Administrative Expense": NaN,
        "Other Gand A": NaN,
        "Salaries And Wages": NaN,
        "Gross Profit": NaN,
        "Cost Of Revenue": NaN,
        "Total Revenue": NaN,
        "Operating Revenue": NaN
    },
    "2024-09-30": {
        "Tax Effect Of Unusual Items": 0.0,
        "Tax Rate For Calcs": 0.225855,
        "Normalized EBITDA": 760260000.0,
        "Total Unusual Items": NaN,
        "Total Unusual Items Excluding Goodwill": NaN,
        "Net Income From Continuing Operation Net Minority Interest": 448066000.0,
        "Reconciled Depreciation": 151122000.0,
        "Reconciled Cost Of Revenue": 1935560000.0,
        "EBITDA": 760260000.0,
        "EBIT": 609138000.0,
        "Net Interest Income": 48455000.0,
        "Interest Expense": 15979000.0,
        "Interest Income": 65815000.0,
        "Normalized Income": 448066000.0,
        "Net Income From Continuing And Discontinued Operation": 448066000.0,
        "Total Expenses": 2378388000.0,
        "Total Operating Income As Reported": 537099000.0,
        "Diluted Average Shares": 555858000.0,
        "Basic Average Shares": 555858000.0,
        "Diluted EPS": 0.8,
        "Basic EPS": 0.8,
        "Diluted NI Availto Com Stockholders": 448066000.0,
        "Net Income Common Stockholders": 448066000.0,
        "Net Income": 448066000.0,
        "Minority Interests": -11125000.0,
        "Net Income Including Noncontrolling Interests": 459191000.0,
        "Net Income Continuous Operations": 459191000.0,
        "Tax Provision": 133968000.0,
        "Pretax Income": 593159000.0,
        "Other Income Expense": 7605000.0,
        "Other Non Operating Income Expenses": NaN,
        "Special Income Charges": NaN,
        "Gain On Sale Of Business": NaN,
        "Other Special Charges": NaN,
        "Restructuring And Mergern Acquisition": NaN,
        "Earnings From Equity Interest": 7605000.0,
        "Gain On Sale Of Security": NaN,
        "Net Non Operating Interest Income Expense": 48455000.0,
        "Total Other Finance Cost": 1381000.0,
        "Interest Expense Non Operating": 15979000.0,
        "Interest Income Non Operating": 65815000.0,
        "Operating Income": 537099000.0,
        "Operating Expense": 442828000.0,
        "Other Operating Expenses": -11192000.0,
        "Other Taxes": NaN,
        "Provision For Doubtful Accounts": NaN,
        "Depreciation Amortization Depletion Income Statement": NaN,
        "Depreciation And Amortization In Income Statement": NaN,
        "Amortization": NaN,
        "Amortization Of Intangibles Income Statement": NaN,
        "Depreciation Income Statement": NaN,
        "Selling General And Administration": 454020000.0,
        "Selling And Marketing Expense": NaN,
        "General And Administrative Expense": NaN,
        "Other Gand A": NaN,
        "Salaries And Wages": NaN,
        "Gross Profit": 979927000.0,
        "Cost Of Revenue": 1935560000.0,
        "Total Revenue": 2915487000.0,
        "Operating Revenue": 2915487000.0
    },
    "2024-12-31": {
        "Tax Effect Of Unusual Items": 0.0,
        "Tax Rate For Calcs": 0.191183,
        "Normalized EBITDA": 818549000.0,
        "Total Unusual Items": 89066000.0,
        "Total Unusual Items Excluding Goodwill": 89066000.0,
        "Net Income From Continuing Operation Net Minority Interest": 516213000.0,
        "Reconciled Depreciation": 167781000.0,
        "Reconciled Cost Of Revenue": 1922263000.0,
        "EBITDA": 818549000.0,
        "EBIT": 650768000.0,
        "Net Interest Income": -12972000.0,
        "Interest Expense": 8928000.0,
        "Interest Income": 38847000.0,
        "Normalized Income": 516213000.0,
        "Net Income From Continuing And Discontinued Operation": 516213000.0,
        "Total Expenses": 2186263000.0,
        "Total Operating Income As Reported": 558377000.0,
        "Diluted Average Shares": 542136096.0,
        "Basic Average Shares": 542136096.0,
        "Diluted EPS": 0.952183,
        "Basic EPS": 0.952183,
        "Diluted NI Availto Com Stockholders": 516213000.0,
        "Net Income Common Stockholders": 516213000.0,
        "Net Income": 516213000.0,
        "Minority Interests": -2918000.0,
        "Net Income Including Noncontrolling Interests": 519131000.0,
        "Net Income Continuous Operations": 519131000.0,
        "Tax Provision": 122709000.0,
        "Pretax Income": 641840000.0,
        "Other Income Expense": -4151000.0,
        "Other Non Operating Income Expenses": 1081000.0,
        "Special Income Charges": 66662000.0,
        "Gain On Sale Of Business": 0.0,
        "Other Special Charges": -66661000.0,
        "Restructuring And Mergern Acquisition": -1000.0,
        "Earnings From Equity Interest": 35283000.0,
        "Gain On Sale Of Security": 22404000.0,
        "Net Non Operating Interest Income Expense": -12972000.0,
        "Total Other Finance Cost": 42891000.0,
        "Interest Expense Non Operating": 8928000.0,
        "Interest Income Non Operating": 38847000.0,
        "Operating Income": 658963000.0,
        "Operating Expense": 264000000.0,
        "Other Operating Expenses": -152178000.0,
        "Other Taxes": 33316000.0,
        "Provision For Doubtful Accounts": -378000.0,
        "Depreciation Amortization Depletion Income Statement": 23239000.0,
        "Depreciation And Amortization In Income Statement": 23239000.0,
        "Amortization": 9380000.0,
        "Amortization Of Intangibles Income Statement": 9380000.0,
        "Depreciation Income Statement": 13859000.0,
        "Selling General And Administration": 161545000.0,
        "Selling And Marketing Expense": 140289000.0,
        "General And Administrative Expense": 243378000.0,
        "Other Gand A": 72012000.0,
        "Salaries And Wages": 171366000.0,
        "Gross Profit": 922963000.0,
        "Cost Of Revenue": 1922263000.0,
        "Total Revenue": 2845226000.0,
        "Operating Revenue": 2845226000.0
    },
    "2025-03-31": {
        "Tax Effect Of Unusual Items": 0.0,
        "Tax Rate For Calcs": 0.13575,
        "Normalized EBITDA": 757357000.0,
        "Total Unusual Items": -12399000.0,
        "Total Unusual Items Excluding Goodwill": -12399000.0,
        "Net Income From Continuing Operation Net Minority Interest": 506931000.0,
        "Reconciled Depreciation": 146406000.0,
        "Reconciled Cost Of Revenue": 1920855000.0,
        "EBITDA": 757357000.0,
        "EBIT": 610951000.0,
        "Net Interest Income": 35258000.0,
        "Interest Expense": 11745000.0,
        "Interest Income": 78444000.0,
        "Normalized Income": 506931000.0,
        "Net Income From Continuing And Discontinued Operation": 506931000.0,
        "Total Expenses": 2372299000.0,
        "Total Operating Income As Reported": 549913000.0,
        "Diluted Average Shares": 539288298.0,
        "Basic Average Shares": 539288298.0,
        "Diluted EPS": 0.94,
        "Basic EPS": 0.94,
        "Diluted NI Availto Com Stockholders": 506931000.0,
        "Net Income Common Stockholders": 506931000.0,
        "Net Income": 506931000.0,
        "Minority Interests": -10933000.0,
        "Net Income Including Noncontrolling Interests": 517864000.0,
        "Net Income Continuous Operations": 517864000.0,
        "Tax Provision": 81342000.0,
        "Pretax Income": 599206000.0,
        "Other Income Expense": 14035000.0,
        "Other Non Operating Income Expenses": 934000.0,
        "Special Income Charges": -2872000.0,
        "Gain On Sale Of Business": NaN,
        "Other Special Charges": 2872000.0,
        "Restructuring And Mergern Acquisition": NaN,
        "Earnings From Equity Interest": 14035000.0,
        "Gain On Sale Of Security": -9527000.0,
        "Net Non Operating Interest Income Expense": 35258000.0,
        "Total Other Finance Cost": 31441000.0,
        "Interest Expense Non Operating": 11745000.0,
        "Interest Income Non Operating": 78444000.0,
        "Operating Income": 549913000.0,
        "Operating Expense": 451444000.0,
        "Other Operating Expenses": -5621000.0,
        "Other Taxes": 27993000.0,
        "Provision For Doubtful Accounts": 1568000.0,
        "Depreciation Amortization Depletion Income Statement": 22432000.0,
        "Depreciation And Amortization In Income Statement": 22432000.0,
        "Amortization": 9365000.0,
        "Amortization Of Intangibles Income Statement": 9365000.0,
        "Depreciation Income Statement": 13067000.0,
        "Selling General And Administration": 457065000.0,
        "Selling And Marketing Expense": 165569000.0,
        "General And Administrative Expense": 237784000.0,
        "Other Gand A": 67111000.0,
        "Salaries And Wages": 170673000.0,
        "Gross Profit": 1001357000.0,
        "Cost Of Revenue": 1920855000.0,
        "Total Revenue": 2922212000.0,
        "Operating Revenue": 2922212000.0
    },
    "2025-06-30": {
        "Tax Effect Of Unusual Items": 0.0,
        "Tax Rate For Calcs": 0.162804,
        "Normalized EBITDA": 806762000.0,
        "Total Unusual Items": NaN,
        "Total Unusual Items Excluding Goodwill": NaN,
        "Net Income From Continuing Operation Net Minority Interest": 531323000.0,
        "Reconciled Depreciation": 150002000.0,
        "Reconciled Cost Of Revenue": 2013639000.0,
        "EBITDA": 806762000.0,
        "EBIT": 656760000.0,
        "Net Interest Income": 31663000.0,
        "Interest Expense": 9712000.0,
        "Interest Income": 63669000.0,
        "Normalized Income": 531323000.0,
        "Net Income From Continuing And Discontinued Operation": 531323000.0,
        "Total Expenses": 2502938000.0,
        "Total Operating Income As Reported": 582734000.0,
        "Diluted Average Shares": 534360500.0,
        "Basic Average Shares": 534360500.0,
        "Diluted EPS": 1.0,
        "Basic EPS": 1.0,
        "Diluted NI Availto Com Stockholders": 531323000.0,
        "Net Income Common Stockholders": 531323000.0,
        "Net Income": 531323000.0,
        "Minority Interests": -10383000.0,
        "Net Income Including Noncontrolling Interests": 541706000.0,
        "Net Income Continuous Operations": 541706000.0,
        "Tax Provision": 105342000.0,
        "Pretax Income": 647048000.0,
        "Other Income Expense": 32651000.0,
        "Other Non Operating Income Expenses": NaN,
        "Special Income Charges": NaN,
        "Gain On Sale Of Business": NaN,
        "Other Special Charges": NaN,
        "Restructuring And Mergern Acquisition": NaN,
        "Earnings From Equity Interest": 32651000.0,
        "Gain On Sale Of Security": NaN,
        "Net Non Operating Interest Income Expense": 31663000.0,
        "Total Other Finance Cost": 22294000.0,
        "Interest Expense Non Operating": 9712000.0,
        "Interest Income Non Operating": 63669000.0,
        "Operating Income": 582734000.0,
        "Operating Expense": 489299000.0,
        "Other Operating Expenses": 5666000.0,
        "Other Taxes": NaN,
        "Provision For Doubtful Accounts": NaN,
        "Depreciation Amortization Depletion Income Statement": NaN,
        "Depreciation And Amortization In Income Statement": NaN,
        "Amortization": NaN,
        "Amortization Of Intangibles Income Statement": NaN,
        "Depreciation Income Statement": NaN,
        "Selling General And Administration": 483633000.0,
        "Selling And Marketing Expense": NaN,
        "General And Administrative Expense": NaN,
        "Other Gand A": NaN,
        "Salaries And Wages": NaN,
        "Gross Profit": 1072033000.0,
        "Cost Of Revenue": 2013639000.0,
        "Total Revenue": 3085672000.0,
        "Operating Revenue": 3085672000.0
    },
    "2025-09-30": {
        "Tax Effect Of Unusual Items": 0.0,
        "Tax Rate For Calcs": 0.275005,
        "Normalized EBITDA": 633980000.0,
        "Total Unusual Items": NaN,
        "Total Unusual Items Excluding Goodwill": NaN,
        "Net Income From Continuing Operation Net Minority Interest": 445694000.0,
        "Reconciled Depreciation": NaN,
        "Reconciled Cost Of Revenue": 1946125000.0,
        "EBITDA": 633980000.0,
        "EBIT": 633980000.0,
        "Net Interest Income": 36668000.0,
        "Interest Expense": 9636000.0,
        "Interest Income": 56181000.0,
        "Normalized Income": 445694000.0,
        "Net Income From Continuing And Discontinued Operation": 445694000.0,
        "Total Expenses": 2381509000.0,
        "Total Operating Income As Reported": 596631000.0,
        "Diluted Average Shares": 524065500.0,
        "Basic Average Shares": 524065500.0,
        "Diluted EPS": 0.86,
        "Basic EPS": 0.86,
        "Diluted NI Availto Com Stockholders": 445694000.0,
        "Net Income Common Stockholders": 445694000.0,
        "Net Income": 445694000.0,
        "Minority Interests": -6952000.0,
        "Net Income Including Noncontrolling Interests": 452646000.0,
        "Net Income Continuous Operations": 452646000.0,
        "Tax Provision": 171698000.0,
        "Pretax Income": 624344000.0,
        "Other Income Expense": -8955000.0,
        "Other Non Operating Income Expenses": NaN,
        "Special Income Charges": NaN,
        "Gain On Sale Of Business": NaN,
        "Other Special Charges": NaN,
        "Restructuring And Mergern Acquisition": NaN,
        "Earnings From Equity Interest": -8955000.0,
        "Gain On Sale Of Security": NaN,
        "Net Non Operating Interest Income Expense": 36668000.0,
        "Total Other Finance Cost": 9877000.0,
        "Interest Expense Non Operating": 9636000.0,
        "Interest Income Non Operating": 56181000.0,
        "Operating Income": 596631000.0,
        "Operating Expense": 435384000.0,
        "Other Operating Expenses": 415000.0,
        "Other Taxes": NaN,
        "Provision For Doubtful Accounts": NaN,
        "Depreciation Amortization Depletion Income Statement": NaN,
        "Depreciation And Amortization In Income Statement": NaN,
        "Amortization": NaN,
        "Amortization Of Intangibles Income Statement": NaN,
        "Depreciation Income Statement": NaN,
        "Selling General And Administration": 434969000.0,
        "Selling And Marketing Expense": NaN,
        "General And Administrative Expense": NaN,
        "Other Gand A": NaN,
        "Salaries And Wages": NaN,
        "Gross Profit": 1032015000.0,
        "Cost Of Revenue": 1946125000.0,
        "Total Revenue": 2978140000.0,
        "Operating Revenue": 2978140000.0
    }
}