{
    "2023-03-31": {
        "Tax Effect Of Unusual Items": NaN,
        "Tax Rate For Calcs": NaN,
        "Normalized EBITDA": NaN,
        "Total Unusual Items": NaN,
        "Total Unusual Items Excluding Goodwill": NaN,
        "Net Income From Continuing Operation Net Minority Interest": NaN,
        "Reconciled Depreciation": NaN,
        "Reconciled Cost Of Revenue": NaN,
        "EBITDA": NaN,
        "EBIT": NaN,
        "Net Interest Income": NaN,
        "Interest Expense": NaN,
        "Interest Income": NaN,
        "Normalized Income": NaN,
        "Net Income From Continuing And Discontinued Operation": NaN,
        "Total Expenses": NaN,
        "Total Operating Income As Reported": NaN,
        "Diluted Average Shares": 14638067.0,
        "Basic Average Shares": 13022905.0,
        "Diluted EPS": 0.6,
        "Basic EPS": 0.61,
        "Diluted NI Availto Com Stockholders": NaN,
        "Average Dilution Earnings": 774000.0,
        "Net Income Common Stockholders": NaN,
        "Net Income": NaN,
        "Minority Interests": NaN,
        "Net Income Including Noncontrolling Interests": NaN,
        "Net Income Continuous Operations": NaN,
        "Tax Provision": NaN,
        "Pretax Income": NaN,
        "Other Income Expense": NaN,
        "Special Income Charges": 0.0,
        "Gain On Sale Of Ppe": NaN,
        "Other Special Charges": NaN,
        "Gain On Sale Of Security": NaN,
        "Net Non Operating Interest Income Expense": NaN,
        "Interest Expense Non Operating": NaN,
        "Interest Income Non Operating": NaN,
        "Operating Income": NaN,
        "Operating Expense": NaN,
        "Other Operating Expenses": NaN,
        "Depreciation Amortization Depletion Income Statement": NaN,
        "Depreciation And Amortization In Income Statement": NaN,
        "Amortization": NaN,
        "Amortization Of Intangibles Income Statement": NaN,
        "Depreciation Income Statement": NaN,
        "Selling General And Administration": NaN,
        "General And Administrative Expense": NaN,
        "Salaries And Wages": NaN,
        "Gross Profit": NaN,
        "Cost Of Revenue": NaN,
        "Total Revenue": NaN,
        "Operating Revenue": NaN
    },
    "2022-12-31": {
        "Tax Effect Of Unusual Items": NaN,
        "Tax Rate For Calcs": NaN,
        "Normalized EBITDA": NaN,
        "Total Unusual Items": NaN,
        "Total Unusual Items Excluding Goodwill": NaN,
        "Net Income From Continuing Operation Net Minority Interest": NaN,
        "Reconciled Depreciation": NaN,
        "Reconciled Cost Of Revenue": NaN,
        "EBITDA": NaN,
        "EBIT": NaN,
        "Net Interest Income": NaN,
        "Interest Expense": NaN,
        "Interest Income": NaN,
        "Normalized Income": NaN,
        "Net Income From Continuing And Discontinued Operation": NaN,
        "Total Expenses": NaN,
        "Total Operating Income As Reported": NaN,
        "Diluted Average Shares": NaN,
        "Basic Average Shares": NaN,
        "Diluted EPS": NaN,
        "Basic EPS": NaN,
        "Diluted NI Availto Com Stockholders": NaN,
        "Average Dilution Earnings": NaN,
        "Net Income Common Stockholders": NaN,
        "Net Income": NaN,
        "Minority Interests": NaN,
        "Net Income Including Noncontrolling Interests": NaN,
        "Net Income Continuous Operations": NaN,
        "Tax Provision": NaN,
        "Pretax Income": NaN,
        "Other Income Expense": NaN,
        "Special Income Charges": NaN,
        "Gain On Sale Of Ppe": NaN,
        "Other Special Charges": 0.0,
        "Gain On Sale Of Security": NaN,
        "Net Non Operating Interest Income Expense": NaN,
        "Interest Expense Non Operating": NaN,
        "Interest Income Non Operating": NaN,
        "Operating Income": NaN,
        "Operating Expense": NaN,
        "Other Operating Expenses": NaN,
        "Depreciation Amortization Depletion Income Statement": NaN,
        "Depreciation And Amortization In Income Statement": NaN,
        "Amortization": NaN,
        "Amortization Of Intangibles Income Statement": NaN,
        "Depreciation Income Statement": NaN,
        "Selling General And Administration": NaN,
        "General And Administrative Expense": NaN,
        "Salaries And Wages": NaN,
        "Gross Profit": NaN,
        "Cost Of Revenue": NaN,
        "Total Revenue": NaN,
        "Operating Revenue": NaN
    },
    "2022-09-30": {
        "Tax Effect Of Unusual Items": NaN,
        "Tax Rate For Calcs": NaN,
        "Normalized EBITDA": NaN,
        "Total Unusual Items": NaN,
        "Total Unusual Items Excluding Goodwill": NaN,
        "Net Income From Continuing Operation Net Minority Interest": NaN,
        "Reconciled Depreciation": NaN,
        "Reconciled Cost Of Revenue": NaN,
        "EBITDA": NaN,
        "EBIT": NaN,
        "Net Interest Income": NaN,
        "Interest Expense": NaN,
        "Interest Income": NaN,
        "Normalized Income": NaN,
        "Net Income From Continuing And Discontinued Operation": NaN,
        "Total Expenses": NaN,
        "Total Operating Income As Reported": NaN,
        "Diluted Average Shares": NaN,
        "Basic Average Shares": NaN,
        "Diluted EPS": NaN,
        "Basic EPS": NaN,
        "Diluted NI Availto Com Stockholders": NaN,
        "Average Dilution Earnings": 0.0,
        "Net Income Common Stockholders": NaN,
        "Net Income": NaN,
        "Minority Interests": NaN,
        "Net Income Including Noncontrolling Interests": NaN,
        "Net Income Continuous Operations": NaN,
        "Tax Provision": NaN,
        "Pretax Income": NaN,
        "Other Income Expense": NaN,
        "Special Income Charges": NaN,
        "Gain On Sale Of Ppe": 53000.0,
        "Other Special Charges": NaN,
        "Gain On Sale Of Security": NaN,
        "Net Non Operating Interest Income Expense": NaN,
        "Interest Expense Non Operating": NaN,
        "Interest Income Non Operating": NaN,
        "Operating Income": NaN,
        "Operating Expense": NaN,
        "Other Operating Expenses": NaN,
        "Depreciation Amortization Depletion Income Statement": NaN,
        "Depreciation And Amortization In Income Statement": NaN,
        "Amortization": NaN,
        "Amortization Of Intangibles Income Statement": NaN,
        "Depreciation Income Statement": NaN,
        "Selling General And Administration": NaN,
        "General And Administrative Expense": NaN,
        "Salaries And Wages": NaN,
        "Gross Profit": NaN,
        "Cost Of Revenue": NaN,
        "Total Revenue": NaN,
        "Operating Revenue": NaN
    },
    "2022-06-30": {
        "Tax Effect Of Unusual Items": -4268400.0,
        "Tax Rate For Calcs": 0.4,
        "Normalized EBITDA": 130247000.0,
        "Total Unusual Items": -10671000.0,
        "Total Unusual Items Excluding Goodwill": -10671000.0,
        "Net Income From Continuing Operation Net Minority Interest": -1948000.0,
        "Reconciled Depreciation": 50235000.0,
        "Reconciled Cost Of Revenue": 7108000.0,
        "EBITDA": 119576000.0,
        "EBIT": 69341000.0,
        "Net Interest Income": -47091000.0,
        "Interest Expense": 49671000.0,
        "Interest Income": 2580000.0,
        "Normalized Income": 4454600.0,
        "Net Income From Continuing And Discontinued Operation": -1948000.0,
        "Total Expenses": 109182000.0,
        "Total Operating Income As Reported": 77432000.0,
        "Diluted Average Shares": 12113123.0,
        "Basic Average Shares": 12113123.0,
        "Diluted EPS": -0.16,
        "Basic EPS": -0.16,
        "Diluted NI Availto Com Stockholders": -1948000.0,
        "Average Dilution Earnings": 0.0,
        "Net Income Common Stockholders": -1948000.0,
        "Net Income": -1948000.0,
        "Minority Interests": 2427000.0,
        "Net Income Including Noncontrolling Interests": -4375000.0,
        "Net Income Continuous Operations": -4375000.0,
        "Tax Provision": 24045000.0,
        "Pretax Income": 19670000.0,
        "Other Income Expense": -10671000.0,
        "Special Income Charges": 85886000.0,
        "Gain On Sale Of Ppe": NaN,
        "Other Special Charges": -85886000.0,
        "Gain On Sale Of Security": -96557000.0,
        "Net Non Operating Interest Income Expense": -47091000.0,
        "Interest Expense Non Operating": 49671000.0,
        "Interest Income Non Operating": 2580000.0,
        "Operating Income": 77432000.0,
        "Operating Expense": 102074000.0,
        "Other Operating Expenses": 11534000.0,
        "Depreciation Amortization Depletion Income Statement": 50235000.0,
        "Depreciation And Amortization In Income Statement": 50235000.0,
        "Amortization": 3748000.0,
        "Amortization Of Intangibles Income Statement": 3748000.0,
        "Depreciation Income Statement": 46487000.0,
        "Selling General And Administration": 40305000.0,
        "General And Administrative Expense": 40305000.0,
        "Salaries And Wages": 40305000.0,
        "Gross Profit": 179506000.0,
        "Cost Of Revenue": 7108000.0,
        "Total Revenue": 186614000.0,
        "Operating Revenue": 186614000.0
    },
    "2022-03-31": {
        "Diluted EPS": 0.89,
        "Total Revenue": 147,
        "Gross Profit": 96,
        "Operating Income": 54,
        "EBIT": 96,
        "Net Income": 11
    },
    "2021-12-31": {
        "Diluted EPS": 0.96,
        "Total Revenue": NaN,
        "Gross Profit": NaN,
        "Operating Income": -264,
        "EBIT": -264,
        "Net Income": 56
    },
    "2021-09-30": {
        "Diluted EPS": -0.81,
        "Total Revenue": NaN,
        "Gross Profit": NaN,
        "Operating Income": -9,
        "EBIT": -9,
        "Net Income": -25
    },
    "2021-06-30": {
        "Diluted EPS": 0.64,
        "Total Revenue": NaN,
        "Gross Profit": NaN,
        "Operating Income": -2,
        "EBIT": -2,
        "Net Income": 21
    },
    "2021-03-31": {
        "Diluted EPS": 0.98,
        "Total Revenue": NaN,
        "Gross Profit": NaN,
        "Operating Income": -2,
        "EBIT": -2,
        "Net Income": 31
    },
    "2020-12-31": {
        "Diluted EPS": 2.9,
        "Total Revenue": NaN,
        "Gross Profit": NaN,
        "Operating Income": -2,
        "EBIT": -2,
        "Net Income": 90
    },
    "2020-09-30": {
        "Diluted EPS": 1.64,
        "Total Revenue": NaN,
        "Gross Profit": NaN,
        "Operating Income": 4,
        "EBIT": 4,
        "Net Income": 51
    },
    "2020-06-30": {
        "Diluted EPS": 2.36,
        "Total Revenue": NaN,
        "Gross Profit": NaN,
        "Operating Income": -2,
        "EBIT": -2,
        "Net Income": 74
    },
    "2020-03-31": {
        "Diluted EPS": -3.92,
        "Total Revenue": NaN,
        "Gross Profit": NaN,
        "Operating Income": -2,
        "EBIT": -2,
        "Net Income": -121
    },
    "2019-12-31": {
        "Diluted EPS": 0.22,
        "Total Revenue": NaN,
        "Gross Profit": NaN,
        "Operating Income": -1,
        "EBIT": -1,
        "Net Income": 7
    },
    "2019-09-30": {
        "Diluted EPS": 0.2,
        "Total Revenue": NaN,
        "Gross Profit": NaN,
        "Operating Income": -2,
        "EBIT": -2,
        "Net Income": 6
    },
    "2019-06-30": {
        "Diluted EPS": 1.23,
        "Total Revenue": NaN,
        "Gross Profit": NaN,
        "Operating Income": -2,
        "EBIT": -2,
        "Net Income": 38
    },
    "2019-03-31": {
        "Diluted EPS": 1.23,
        "Total Revenue": NaN,
        "Gross Profit": NaN,
        "Operating Income": -2,
        "EBIT": -2,
        "Net Income": 39
    },
    "2018-12-31": {
        "Diluted EPS": -1.33,
        "Total Revenue": NaN,
        "Gross Profit": NaN,
        "Operating Income": -1,
        "EBIT": -1,
        "Net Income": -41
    },
    "2018-09-30": {
        "Diluted EPS": 1.48,
        "Total Revenue": NaN,
        "Gross Profit": NaN,
        "Operating Income": -2,
        "EBIT": -2,
        "Net Income": 46
    },
    "2018-06-30": {
        "Diluted EPS": 0.02,
        "Total Revenue": NaN,
        "Gross Profit": NaN,
        "Operating Income": -2,
        "EBIT": -2,
        "Net Income": 0
    },
    "2018-03-31": {
        "Diluted EPS": 0.14,
        "Total Revenue": NaN,
        "Gross Profit": NaN,
        "Operating Income": -2,
        "EBIT": -2,
        "Net Income": 4
    },
    "2017-12-31": {
        "Diluted EPS": 1.3,
        "Total Revenue": NaN,
        "Gross Profit": NaN,
        "Operating Income": -2,
        "EBIT": -2,
        "Net Income": 41
    },
    "2017-09-30": {
        "Diluted EPS": 0.77,
        "Total Revenue": NaN,
        "Gross Profit": NaN,
        "Operating Income": -2,
        "EBIT": -2,
        "Net Income": 25
    },
    "2017-06-30": {
        "Diluted EPS": -0.07,
        "Total Revenue": NaN,
        "Gross Profit": NaN,
        "Operating Income": -2,
        "EBIT": -2,
        "Net Income": -2
    },
    "2017-03-31": {
        "Diluted EPS": 2.3,
        "Total Revenue": NaN,
        "Gross Profit": NaN,
        "Operating Income": -2,
        "EBIT": -2,
        "Net Income": 71
    },
    "2016-12-31": {
        "Diluted EPS": -0.36,
        "Total Revenue": NaN,
        "Gross Profit": NaN,
        "Operating Income": -2,
        "EBIT": -2,
        "Net Income": -12
    },
    "2016-09-30": {
        "Diluted EPS": -0.12,
        "Total Revenue": NaN,
        "Gross Profit": NaN,
        "Operating Income": -2,
        "EBIT": -2,
        "Net Income": -4
    },
    "2016-06-30": {
        "Diluted EPS": 1.03,
        "Total Revenue": NaN,
        "Gross Profit": NaN,
        "Operating Income": -2,
        "EBIT": -2,
        "Net Income": 33
    },
    "2016-03-31": {
        "Diluted EPS": 0.94,
        "Total Revenue": NaN,
        "Gross Profit": NaN,
        "Operating Income": -2,
        "EBIT": -2,
        "Net Income": 31
    },
    "2015-12-31": {
        "Diluted EPS": -0.04,
        "Total Revenue": NaN,
        "Gross Profit": NaN,
        "Operating Income": -1,
        "EBIT": -1,
        "Net Income": -2
    },
    "2015-09-30": {
        "Diluted EPS": -0.12,
        "Total Revenue": NaN,
        "Gross Profit": NaN,
        "Operating Income": -2,
        "EBIT": -2,
        "Net Income": -4
    },
    "2015-06-30": {
        "Diluted EPS": 0.55,
        "Total Revenue": NaN,
        "Gross Profit": NaN,
        "Operating Income": -2,
        "EBIT": -2,
        "Net Income": 18
    },
    "2015-03-31": {
        "Diluted EPS": -2.67,
        "Total Revenue": NaN,
        "Gross Profit": NaN,
        "Operating Income": -2,
        "EBIT": -2,
        "Net Income": -83
    },
    "2014-12-31": {
        "Diluted EPS": -0.98,
        "Total Revenue": NaN,
        "Gross Profit": NaN,
        "Operating Income": -1,
        "EBIT": -1,
        "Net Income": -32
    },
    "2014-09-30": {
        "Diluted EPS": -1.05,
        "Total Revenue": NaN,
        "Gross Profit": NaN,
        "Operating Income": -1,
        "EBIT": -1,
        "Net Income": -32
    },
    "2014-06-30": {
        "Diluted EPS": 1.67,
        "Total Revenue": NaN,
        "Gross Profit": NaN,
        "Operating Income": -1,
        "EBIT": -1,
        "Net Income": 53
    },
    "2014-03-31": {
        "Diluted EPS": -0.48,
        "Total Revenue": NaN,
        "Gross Profit": NaN,
        "Operating Income": -1,
        "EBIT": -1,
        "Net Income": -15
    },
    "2013-12-31": {
        "Diluted EPS": 0.08,
        "Total Revenue": NaN,
        "Gross Profit": NaN,
        "Operating Income": -5,
        "EBIT": -5,
        "Net Income": 2
    },
    "2013-09-30": {
        "Diluted EPS": 1.13,
        "Total Revenue": NaN,
        "Gross Profit": NaN,
        "Operating Income": -3,
        "EBIT": -3,
        "Net Income": 36
    },
    "2013-06-30": {
        "Diluted EPS": -0.26,
        "Total Revenue": NaN,
        "Gross Profit": NaN,
        "Operating Income": -3,
        "EBIT": -3,
        "Net Income": -8
    },
    "2013-03-31": {
        "Diluted EPS": -0.44,
        "Total Revenue": NaN,
        "Gross Profit": NaN,
        "Operating Income": -4,
        "EBIT": -4,
        "Net Income": -13
    },
    "2012-12-31": {
        "Diluted EPS": 11.29,
        "Total Revenue": NaN,
        "Gross Profit": NaN,
        "Operating Income": -10,
        "EBIT": -10,
        "Net Income": 349
    },
    "2012-09-30": {
        "Diluted EPS": 2.19,
        "Total Revenue": NaN,
        "Gross Profit": NaN,
        "Operating Income": -10,
        "EBIT": -10,
        "Net Income": 70
    },
    "2012-06-30": {
        "Diluted EPS": -0.16,
        "Total Revenue": NaN,
        "Gross Profit": NaN,
        "Operating Income": -4,
        "EBIT": -4,
        "Net Income": -5
    },
    "2012-03-31": {
        "Diluted EPS": 0.25,
        "Total Revenue": NaN,
        "Gross Profit": NaN,
        "Operating Income": -5,
        "EBIT": -5,
        "Net Income": 8
    },
    "2011-12-31": {
        "Diluted EPS": 3.43,
        "Total Revenue": NaN,
        "Gross Profit": NaN,
        "Operating Income": 242,
        "EBIT": 242,
        "Net Income": 107
    },
    "2011-09-30": {
        "Diluted EPS": -2.52,
        "Total Revenue": NaN,
        "Gross Profit": NaN,
        "Operating Income": -4,
        "EBIT": -4,
        "Net Income": -77
    },
    "2011-06-30": {
        "Diluted EPS": 0.91,
        "Total Revenue": NaN,
        "Gross Profit": NaN,
        "Operating Income": 1,
        "EBIT": 1,
        "Net Income": 29
    },
    "2011-03-31": {
        "Diluted EPS": 2.1,
        "Total Revenue": 280,
        "Gross Profit": 48,
        "Operating Income": 27,
        "EBIT": 27,
        "Net Income": 68
    },
    "2010-12-31": {
        "Diluted EPS": 13.03,
        "Total Revenue": NaN,
        "Gross Profit": NaN,
        "Operating Income": 760,
        "EBIT": 760,
        "Net Income": 405
    },
    "2010-09-30": {
        "Diluted EPS": 2.29,
        "Total Revenue": 323,
        "Gross Profit": 60,
        "Operating Income": 40,
        "EBIT": 40,
        "Net Income": 72
    },
    "2010-06-30": {
        "Diluted EPS": -0.66,
        "Total Revenue": 280,
        "Gross Profit": 43,
        "Operating Income": 23,
        "EBIT": 23,
        "Net Income": -20
    },
    "2010-03-31": {
        "Diluted EPS": 0.97,
        "Total Revenue": 229,
        "Gross Profit": 18,
        "Operating Income": -16,
        "EBIT": -16,
        "Net Income": 29
    },
    "2009-12-31": {
        "Diluted EPS": 2.0,
        "Total Revenue": 260,
        "Gross Profit": 43,
        "Operating Income": 19,
        "EBIT": 19,
        "Net Income": 60
    },
    "2009-09-30": {
        "Diluted EPS": 3.61,
        "Total Revenue": 249,
        "Gross Profit": 37,
        "Operating Income": 15,
        "EBIT": 15,
        "Net Income": 108
    },
    "2009-06-30": {
        "Diluted EPS": 2.48,
        "Total Revenue": 271,
        "Gross Profit": 17,
        "Operating Income": -8,
        "EBIT": -8,
        "Net Income": 74
    },
    "2009-03-31": {
        "Diluted EPS": -0.36,
        "Total Revenue": 212,
        "Gross Profit": 15,
        "Operating Income": -5,
        "EBIT": -5,
        "Net Income": -11
    },
    "2023-06-30": {
        "Tax Effect Of Unusual Items": NaN,
        "Tax Rate For Calcs": NaN,
        "Normalized EBITDA": NaN,
        "Total Unusual Items": NaN,
        "Total Unusual Items Excluding Goodwill": NaN,
        "Net Income From Continuing Operation Net Minority Interest": NaN,
        "Reconciled Depreciation": NaN,
        "Reconciled Cost Of Revenue": NaN,
        "EBITDA": NaN,
        "EBIT": NaN,
        "Net Interest Income": NaN,
        "Interest Expense": NaN,
        "Interest Income": NaN,
        "Normalized Income": NaN,
        "Net Income From Continuing And Discontinued Operation": NaN,
        "Total Expenses": NaN,
        "Total Operating Income As Reported": NaN,
        "Diluted Average Shares": 15145888.0,
        "Basic Average Shares": 13452279.0,
        "Diluted EPS": 10.05,
        "Basic EPS": 10.39,
        "Diluted NI Availto Com Stockholders": NaN,
        "Average Dilution Earnings": 12425000.0,
        "Net Income Common Stockholders": NaN,
        "Net Income": NaN,
        "Minority Interests": NaN,
        "Net Income Including Noncontrolling Interests": NaN,
        "Net Income Continuous Operations": NaN,
        "Tax Provision": NaN,
        "Pretax Income": NaN,
        "Other Income Expense": NaN,
        "Special Income Charges": 153388000.0,
        "Gain On Sale Of Ppe": -2000.0,
        "Gain On Sale Of Business": NaN,
        "Other Special Charges": -153390000.0,
        "Gain On Sale Of Security": NaN,
        "Net Non Operating Interest Income Expense": NaN,
        "Interest Expense Non Operating": NaN,
        "Interest Income Non Operating": NaN,
        "Operating Income": NaN,
        "Operating Expense": NaN,
        "Other Operating Expenses": NaN,
        "Depreciation Amortization Depletion Income Statement": NaN,
        "Depreciation And Amortization In Income Statement": NaN,
        "Amortization": NaN,
        "Amortization Of Intangibles Income Statement": NaN,
        "Depreciation Income Statement": NaN,
        "Selling General And Administration": NaN,
        "General And Administrative Expense": NaN,
        "Salaries And Wages": NaN,
        "Gross Profit": NaN,
        "Cost Of Revenue": NaN,
        "Total Revenue": NaN,
        "Operating Revenue": NaN
    },
    "2023-09-30": {
        "Tax Effect Of Unusual Items": NaN,
        "Tax Rate For Calcs": NaN,
        "Normalized EBITDA": NaN,
        "Total Unusual Items": NaN,
        "Total Unusual Items Excluding Goodwill": NaN,
        "Net Income From Continuing Operation Net Minority Interest": NaN,
        "Reconciled Depreciation": NaN,
        "Reconciled Cost Of Revenue": NaN,
        "EBITDA": NaN,
        "EBIT": NaN,
        "Net Interest Income": NaN,
        "Interest Expense": NaN,
        "Interest Income": NaN,
        "Normalized Income": NaN,
        "Net Income From Continuing And Discontinued Operation": NaN,
        "Total Expenses": NaN,
        "Total Operating Income As Reported": NaN,
        "Diluted Average Shares": NaN,
        "Basic Average Shares": NaN,
        "Diluted EPS": NaN,
        "Basic EPS": NaN,
        "Diluted NI Availto Com Stockholders": NaN,
        "Average Dilution Earnings": NaN,
        "Net Income Common Stockholders": NaN,
        "Net Income": NaN,
        "Minority Interests": NaN,
        "Net Income Including Noncontrolling Interests": NaN,
        "Net Income Continuous Operations": NaN,
        "Tax Provision": NaN,
        "Pretax Income": NaN,
        "Other Income Expense": NaN,
        "Special Income Charges": NaN,
        "Gain On Sale Of Ppe": NaN,
        "Gain On Sale Of Business": 0.0,
        "Other Special Charges": -68072000.0,
        "Gain On Sale Of Security": NaN,
        "Net Non Operating Interest Income Expense": NaN,
        "Interest Expense Non Operating": NaN,
        "Interest Income Non Operating": NaN,
        "Operating Income": NaN,
        "Operating Expense": NaN,
        "Other Operating Expenses": NaN,
        "Depreciation Amortization Depletion Income Statement": NaN,
        "Depreciation And Amortization In Income Statement": NaN,
        "Amortization": NaN,
        "Amortization Of Intangibles Income Statement": NaN,
        "Depreciation Income Statement": NaN,
        "Selling General And Administration": NaN,
        "General And Administrative Expense": NaN,
        "Salaries And Wages": NaN,
        "Gross Profit": NaN,
        "Cost Of Revenue": NaN,
        "Total Revenue": NaN,
        "Operating Revenue": NaN
    },
    "2023-12-31": {
        "Tax Effect Of Unusual Items": NaN,
        "Tax Rate For Calcs": NaN,
        "Normalized EBITDA": NaN,
        "Total Unusual Items": NaN,
        "Total Unusual Items Excluding Goodwill": NaN,
        "Net Income From Continuing Operation Net Minority Interest": NaN,
        "Reconciled Depreciation": NaN,
        "Reconciled Cost Of Revenue": NaN,
        "EBITDA": NaN,
        "EBIT": NaN,
        "Net Interest Income": NaN,
        "Interest Expense": NaN,
        "Interest Income": NaN,
        "Normalized Income": NaN,
        "Net Income From Continuing And Discontinued Operation": NaN,
        "Total Expenses": NaN,
        "Total Operating Income As Reported": NaN,
        "Diluted Average Shares": NaN,
        "Basic Average Shares": NaN,
        "Diluted EPS": NaN,
        "Basic EPS": NaN,
        "Diluted NI Availto Com Stockholders": NaN,
        "Average Dilution Earnings": NaN,
        "Net Income Common Stockholders": NaN,
        "Net Income": NaN,
        "Minority Interests": NaN,
        "Net Income Including Noncontrolling Interests": NaN,
        "Net Income Continuous Operations": NaN,
        "Tax Provision": NaN,
        "Pretax Income": NaN,
        "Other Income Expense": NaN,
        "Special Income Charges": NaN,
        "Gain On Sale Of Ppe": NaN,
        "Gain On Sale Of Business": NaN,
        "Other Special Charges": -8618000.0,
        "Gain On Sale Of Security": NaN,
        "Net Non Operating Interest Income Expense": NaN,
        "Interest Expense Non Operating": NaN,
        "Interest Income Non Operating": NaN,
        "Operating Income": NaN,
        "Operating Expense": NaN,
        "Other Operating Expenses": NaN,
        "Depreciation Amortization Depletion Income Statement": NaN,
        "Depreciation And Amortization In Income Statement": NaN,
        "Amortization": NaN,
        "Amortization Of Intangibles Income Statement": NaN,
        "Depreciation Income Statement": NaN,
        "Selling General And Administration": NaN,
        "General And Administrative Expense": NaN,
        "Salaries And Wages": NaN,
        "Gross Profit": NaN,
        "Cost Of Revenue": NaN,
        "Total Revenue": NaN,
        "Operating Revenue": NaN
    },
    "2024-03-31": {
        "Tax Effect Of Unusual Items": NaN,
        "Tax Rate For Calcs": NaN,
        "Normalized EBITDA": NaN,
        "Total Unusual Items": NaN,
        "Total Unusual Items Excluding Goodwill": NaN,
        "Net Income From Continuing Operation Net Minority Interest": NaN,
        "Reconciled Depreciation": NaN,
        "Reconciled Cost Of Revenue": 10697000.0,
        "EBITDA": NaN,
        "EBIT": NaN,
        "Net Interest Income": NaN,
        "Interest Expense": NaN,
        "Interest Income": NaN,
        "Normalized Income": NaN,
        "Net Income From Continuing And Discontinued Operation": NaN,
        "Total Expenses": NaN,
        "Total Operating Income As Reported": NaN,
        "Diluted Average Shares": NaN,
        "Basic Average Shares": NaN,
        "Diluted EPS": NaN,
        "Basic EPS": NaN,
        "Diluted NI Availto Com Stockholders": NaN,
        "Average Dilution Earnings": 0.0,
        "Net Income Common Stockholders": NaN,
        "Net Income": NaN,
        "Minority Interests": NaN,
        "Net Income Including Noncontrolling Interests": NaN,
        "Net Income Continuous Operations": NaN,
        "Tax Provision": NaN,
        "Pretax Income": NaN,
        "Other Income Expense": NaN,
        "Special Income Charges": NaN,
        "Gain On Sale Of Ppe": 15000.0,
        "Gain On Sale Of Business": NaN,
        "Other Special Charges": NaN,
        "Gain On Sale Of Security": NaN,
        "Net Non Operating Interest Income Expense": NaN,
        "Interest Expense Non Operating": NaN,
        "Interest Income Non Operating": NaN,
        "Operating Income": NaN,
        "Operating Expense": NaN,
        "Other Operating Expenses": NaN,
        "Depreciation Amortization Depletion Income Statement": NaN,
        "Depreciation And Amortization In Income Statement": NaN,
        "Amortization": NaN,
        "Amortization Of Intangibles Income Statement": NaN,
        "Depreciation Income Statement": NaN,
        "Selling General And Administration": 25294000.0,
        "General And Administrative Expense": 25294000.0,
        "Salaries And Wages": 25294000.0,
        "Gross Profit": 141478000.0,
        "Cost Of Revenue": 10697000.0,
        "Total Revenue": NaN,
        "Operating Revenue": NaN
    },
    "2024-06-30": {
        "Tax Effect Of Unusual Items": 24935352.935585,
        "Tax Rate For Calcs": 0.180894,
        "Normalized EBITDA": 116354000.0,
        "Total Unusual Items": 137845000.0,
        "Total Unusual Items Excluding Goodwill": 137845000.0,
        "Net Income From Continuing Operation Net Minority Interest": 35452000.0,
        "Reconciled Depreciation": 34452000.0,
        "Reconciled Cost Of Revenue": 11091000.0,
        "EBITDA": 254199000.0,
        "EBIT": 219747000.0,
        "Net Interest Income": -41705000.0,
        "Interest Expense": 61942000.0,
        "Interest Income": 20237000.0,
        "Normalized Income": -77457647.064415,
        "Net Income From Continuing And Discontinued Operation": 35452000.0,
        "Total Expenses": 90768000.0,
        "Total Operating Income As Reported": 61665000.0,
        "Diluted Average Shares": 15856505.0,
        "Basic Average Shares": 13910463.0,
        "Diluted EPS": 2.45,
        "Basic EPS": 2.55,
        "Diluted NI Availto Com Stockholders": 35452000.0,
        "Average Dilution Earnings": 3460000.0,
        "Net Income Common Stockholders": 35452000.0,
        "Net Income": 35452000.0,
        "Minority Interests": -93807000.0,
        "Net Income Including Noncontrolling Interests": 129259000.0,
        "Net Income Continuous Operations": 129259000.0,
        "Tax Provision": 28546000.0,
        "Pretax Income": 157805000.0,
        "Other Income Expense": 137845000.0,
        "Special Income Charges": 172322000.0,
        "Gain On Sale Of Ppe": -33000.0,
        "Gain On Sale Of Business": NaN,
        "Other Special Charges": -172322000.0,
        "Gain On Sale Of Security": -34477000.0,
        "Net Non Operating Interest Income Expense": -41705000.0,
        "Interest Expense Non Operating": 61942000.0,
        "Interest Income Non Operating": 20237000.0,
        "Operating Income": 61665000.0,
        "Operating Expense": 90768000.0,
        "Other Operating Expenses": 56316000.0,
        "Depreciation Amortization Depletion Income Statement": 34452000.0,
        "Depreciation And Amortization In Income Statement": 34452000.0,
        "Amortization": 2808000.0,
        "Amortization Of Intangibles Income Statement": 2808000.0,
        "Depreciation Income Statement": 31644000.0,
        "Selling General And Administration": 28377000.0,
        "General And Administrative Expense": 28377000.0,
        "Salaries And Wages": 28377000.0,
        "Gross Profit": 141342000.0,
        "Cost Of Revenue": 11091000.0,
        "Total Revenue": 152433000.0,
        "Operating Revenue": 152433000.0
    },
    "2024-09-30": {
        "Tax Effect Of Unusual Items": 4195582.006958,
        "Tax Rate For Calcs": 0.070734,
        "Normalized EBITDA": 108212000.0,
        "Total Unusual Items": 59315000.0,
        "Total Unusual Items Excluding Goodwill": 59315000.0,
        "Net Income From Continuing Operation Net Minority Interest": 17901000.0,
        "Reconciled Depreciation": 35040000.0,
        "Reconciled Cost Of Revenue": 6214000.0,
        "EBITDA": 167527000.0,
        "EBIT": 132487000.0,
        "Net Interest Income": -43775000.0,
        "Interest Expense": 59481000.0,
        "Interest Income": 15706000.0,
        "Normalized Income": -37218417.993042,
        "Net Income From Continuing And Discontinued Operation": 17901000.0,
        "Total Expenses": 80975000.0,
        "Total Operating Income As Reported": 59738000.0,
        "Diluted Average Shares": 16059104.0,
        "Basic Average Shares": 14046257.0,
        "Diluted EPS": 1.23,
        "Basic EPS": 1.27,
        "Diluted NI Availto Com Stockholders": 19753000.0,
        "Average Dilution Earnings": 1852000.0,
        "Net Income Common Stockholders": 17901000.0,
        "Net Income": 17901000.0,
        "Minority Interests": -49941000.0,
        "Net Income Including Noncontrolling Interests": 67842000.0,
        "Net Income Continuous Operations": 67842000.0,
        "Tax Provision": 5164000.0,
        "Pretax Income": 73006000.0,
        "Other Income Expense": 59315000.0,
        "Special Income Charges": 23640000.0,
        "Gain On Sale Of Ppe": -348000.0,
        "Gain On Sale Of Business": 2620000.0,
        "Other Special Charges": -21368000.0,
        "Gain On Sale Of Security": 35675000.0,
        "Net Non Operating Interest Income Expense": -43775000.0,
        "Interest Expense Non Operating": 59481000.0,
        "Interest Income Non Operating": 15706000.0,
        "Operating Income": 57466000.0,
        "Operating Expense": 74761000.0,
        "Other Operating Expenses": 17636000.0,
        "Depreciation Amortization Depletion Income Statement": 35040000.0,
        "Depreciation And Amortization In Income Statement": 35040000.0,
        "Amortization": 2807000.0,
        "Amortization Of Intangibles Income Statement": 2807000.0,
        "Depreciation Income Statement": 32233000.0,
        "Selling General And Administration": 22085000.0,
        "General And Administrative Expense": 22085000.0,
        "Salaries And Wages": 22085000.0,
        "Gross Profit": 132227000.0,
        "Cost Of Revenue": 6214000.0,
        "Total Revenue": 138441000.0,
        "Operating Revenue": 138441000.0
    },
    "2024-12-31": {
        "Tax Effect Of Unusual Items": -47697835.776757,
        "Tax Rate For Calcs": 0.10636,
        "Normalized EBITDA": 35873000.0,
        "Total Unusual Items": -448455000.0,
        "Total Unusual Items Excluding Goodwill": -448455000.0,
        "Net Income From Continuing Operation Net Minority Interest": -126311000.0,
        "Reconciled Depreciation": 29901000.0,
        "Reconciled Cost Of Revenue": 9970000.0,
        "EBITDA": -412582000.0,
        "EBIT": -442483000.0,
        "Net Interest Income": -48979000.0,
        "Interest Expense": 57976000.0,
        "Interest Income": 8997000.0,
        "Normalized Income": 274446164.223243,
        "Net Income From Continuing And Discontinued Operation": -126311000.0,
        "Total Expenses": 88338000.0,
        "Total Operating Income As Reported": -227528000.0,
        "Diluted Average Shares": 14083702.0,
        "Basic Average Shares": 14083702.0,
        "Diluted EPS": -8.97,
        "Basic EPS": -8.97,
        "Diluted NI Availto Com Stockholders": -130100000.0,
        "Average Dilution Earnings": -3789000.0,
        "Net Income Common Stockholders": -126311000.0,
        "Net Income": -126311000.0,
        "Minority Interests": 320919000.0,
        "Net Income Including Noncontrolling Interests": -447230000.0,
        "Net Income Continuous Operations": -447230000.0,
        "Tax Provision": -53229000.0,
        "Pretax Income": -500459000.0,
        "Other Income Expense": -491137000.0,
        "Special Income Charges": -258382000.0,
        "Gain On Sale Of Ppe": -168000.0,
        "Gain On Sale Of Business": 0.0,
        "Other Special Charges": -8803000.0,
        "Gain On Sale Of Security": -190073000.0,
        "Net Non Operating Interest Income Expense": -48979000.0,
        "Interest Expense Non Operating": 57976000.0,
        "Interest Income Non Operating": 8997000.0,
        "Operating Income": 39657000.0,
        "Operating Expense": 78368000.0,
        "Other Operating Expenses": 13893000.0,
        "Depreciation Amortization Depletion Income Statement": 29901000.0,
        "Depreciation And Amortization In Income Statement": 29901000.0,
        "Amortization": 2899000.0,
        "Amortization Of Intangibles Income Statement": 2899000.0,
        "Depreciation Income Statement": 27002000.0,
        "Selling General And Administration": 34574000.0,
        "General And Administrative Expense": 34574000.0,
        "Salaries And Wages": 34574000.0,
        "Gross Profit": 118025000.0,
        "Cost Of Revenue": 9970000.0,
        "Total Revenue": 127995000.0,
        "Operating Revenue": 127995000.0
    },
    "2025-03-31": {
        "Tax Effect Of Unusual Items": -4047300.0,
        "Tax Rate For Calcs": 0.15,
        "Normalized EBITDA": 70180000.0,
        "Total Unusual Items": -26982000.0,
        "Total Unusual Items Excluding Goodwill": -26982000.0,
        "Net Income From Continuing Operation Net Minority Interest": -15538000.0,
        "Reconciled Depreciation": 36808000.0,
        "Reconciled Cost Of Revenue": 6718000.0,
        "EBITDA": 43198000.0,
        "EBIT": 6390000.0,
        "Net Interest Income": -50456000.0,
        "Interest Expense": 56929000.0,
        "Interest Income": 6473000.0,
        "Normalized Income": 7396700.0,
        "Net Income From Continuing And Discontinued Operation": -15538000.0,
        "Total Expenses": 89850000.0,
        "Total Operating Income As Reported": 30849000.0,
        "Diluted Average Shares": 14381205.0,
        "Basic Average Shares": 14381205.0,
        "Diluted EPS": -1.08,
        "Basic EPS": -1.08,
        "Diluted NI Availto Com Stockholders": -15538000.0,
        "Average Dilution Earnings": 0.0,
        "Net Income Common Stockholders": -15538000.0,
        "Net Income": -15538000.0,
        "Minority Interests": 35919000.0,
        "Net Income Including Noncontrolling Interests": -51457000.0,
        "Net Income Continuous Operations": -51457000.0,
        "Tax Provision": 918000.0,
        "Pretax Income": -50539000.0,
        "Other Income Expense": -26982000.0,
        "Special Income Charges": 3950000.0,
        "Gain On Sale Of Ppe": 3950000.0,
        "Gain On Sale Of Business": NaN,
        "Other Special Charges": NaN,
        "Gain On Sale Of Security": -30932000.0,
        "Net Non Operating Interest Income Expense": -50456000.0,
        "Interest Expense Non Operating": 56929000.0,
        "Interest Income Non Operating": 6473000.0,
        "Operating Income": 26899000.0,
        "Operating Expense": 83132000.0,
        "Other Operating Expenses": 20251000.0,
        "Depreciation Amortization Depletion Income Statement": 36808000.0,
        "Depreciation And Amortization In Income Statement": 36808000.0,
        "Amortization": 10899000.0,
        "Amortization Of Intangibles Income Statement": 10899000.0,
        "Depreciation Income Statement": 25909000.0,
        "Selling General And Administration": 26073000.0,
        "General And Administrative Expense": 26073000.0,
        "Salaries And Wages": 26073000.0,
        "Gross Profit": 110031000.0,
        "Cost Of Revenue": 6718000.0,
        "Total Revenue": 116749000.0,
        "Operating Revenue": 116749000.0
    },
    "2025-06-30": {
        "Tax Effect Of Unusual Items": 5183151.814641,
        "Tax Rate For Calcs": 0.047878,
        "Normalized EBITDA": 62253000.0,
        "Total Unusual Items": 108258000.0,
        "Total Unusual Items Excluding Goodwill": 108258000.0,
        "Net Income From Continuing Operation Net Minority Interest": 20996000.0,
        "Reconciled Depreciation": 37553000.0,
        "Reconciled Cost Of Revenue": NaN,
        "EBITDA": 170511000.0,
        "EBIT": 132958000.0,
        "Net Interest Income": -46797000.0,
        "Interest Expense": 53631000.0,
        "Interest Income": 6834000.0,
        "Normalized Income": -82078848.185359,
        "Net Income From Continuing And Discontinued Operation": 20996000.0,
        "Total Expenses": 88240000.0,
        "Total Operating Income As Reported": 17866000.0,
        "Diluted Average Shares": 16562440.0,
        "Basic Average Shares": 14684485.0,
        "Diluted EPS": 1.38,
        "Basic EPS": 1.43,
        "Diluted NI Availto Com Stockholders": 20996000.0,
        "Average Dilution Earnings": NaN,
        "Net Income Common Stockholders": 20996000.0,
        "Net Income": 20996000.0,
        "Minority Interests": -54533000.0,
        "Net Income Including Noncontrolling Interests": 75529000.0,
        "Net Income Continuous Operations": 75529000.0,
        "Tax Provision": 3798000.0,
        "Pretax Income": 79327000.0,
        "Other Income Expense": 108258000.0,
        "Special Income Charges": 6896000.0,
        "Gain On Sale Of Ppe": NaN,
        "Gain On Sale Of Business": NaN,
        "Other Special Charges": -6896000.0,
        "Gain On Sale Of Security": 101362000.0,
        "Net Non Operating Interest Income Expense": -46797000.0,
        "Interest Expense Non Operating": 53631000.0,
        "Interest Income Non Operating": 6834000.0,
        "Operating Income": 17866000.0,
        "Operating Expense": 88240000.0,
        "Other Operating Expenses": 50687000.0,
        "Depreciation Amortization Depletion Income Statement": 37553000.0,
        "Depreciation And Amortization In Income Statement": 37553000.0,
        "Amortization": 11639000.0,
        "Amortization Of Intangibles Income Statement": 11639000.0,
        "Depreciation Income Statement": 25914000.0,
        "Selling General And Administration": NaN,
        "General And Administrative Expense": NaN,
        "Salaries And Wages": NaN,
        "Gross Profit": NaN,
        "Cost Of Revenue": NaN,
        "Total Revenue": 106106000.0,
        "Operating Revenue": 106106000.0
    }
}