{
    "2023-03-31": {
        "Tax Effect Of Unusual Items": NaN,
        "Tax Rate For Calcs": NaN,
        "Normalized EBITDA": NaN,
        "Total Unusual Items": NaN,
        "Total Unusual Items Excluding Goodwill": NaN,
        "Net Income From Continuing Operation Net Minority Interest": NaN,
        "Reconciled Depreciation": NaN,
        "EBITDA": NaN,
        "EBIT": NaN,
        "Net Interest Income": NaN,
        "Interest Expense": NaN,
        "Interest Income": NaN,
        "Normalized Income": NaN,
        "Net Income From Continuing And Discontinued Operation": NaN,
        "Total Expenses": NaN,
        "Total Operating Income As Reported": NaN,
        "Diluted Average Shares": 63260905.0,
        "Basic Average Shares": 63260905.0,
        "Diluted EPS": -0.28,
        "Basic EPS": -0.28,
        "Diluted NI Availto Com Stockholders": NaN,
        "Net Income Common Stockholders": NaN,
        "Net Income": NaN,
        "Net Income Including Noncontrolling Interests": NaN,
        "Net Income Continuous Operations": NaN,
        "Pretax Income": NaN,
        "Other Income Expense": NaN,
        "Other Non Operating Income Expenses": NaN,
        "Special Income Charges": NaN,
        "Impairment Of Capital Assets": NaN,
        "Gain On Sale Of Security": NaN,
        "Net Non Operating Interest Income Expense": NaN,
        "Interest Expense Non Operating": NaN,
        "Interest Income Non Operating": NaN,
        "Operating Income": NaN,
        "Operating Expense": NaN,
        "Research And Development": NaN,
        "Selling General And Administration": NaN,
        "General And Administrative Expense": NaN,
        "Other Gand A": NaN,
        "Salaries And Wages": NaN,
        "Total Revenue": NaN,
        "Operating Revenue": NaN
    },
    "2022-12-31": {
        "Tax Effect Of Unusual Items": NaN,
        "Tax Rate For Calcs": NaN,
        "Normalized EBITDA": NaN,
        "Total Unusual Items": NaN,
        "Total Unusual Items Excluding Goodwill": NaN,
        "Net Income From Continuing Operation Net Minority Interest": NaN,
        "Reconciled Depreciation": NaN,
        "EBITDA": NaN,
        "EBIT": NaN,
        "Net Interest Income": NaN,
        "Interest Expense": NaN,
        "Interest Income": NaN,
        "Normalized Income": NaN,
        "Net Income From Continuing And Discontinued Operation": NaN,
        "Total Expenses": NaN,
        "Total Operating Income As Reported": NaN,
        "Diluted Average Shares": 56386130.0,
        "Basic Average Shares": 56386130.0,
        "Diluted EPS": -0.99,
        "Basic EPS": -0.99,
        "Diluted NI Availto Com Stockholders": NaN,
        "Net Income Common Stockholders": NaN,
        "Net Income": NaN,
        "Net Income Including Noncontrolling Interests": NaN,
        "Net Income Continuous Operations": NaN,
        "Pretax Income": NaN,
        "Other Income Expense": NaN,
        "Other Non Operating Income Expenses": NaN,
        "Special Income Charges": NaN,
        "Impairment Of Capital Assets": NaN,
        "Gain On Sale Of Security": NaN,
        "Net Non Operating Interest Income Expense": NaN,
        "Interest Expense Non Operating": NaN,
        "Interest Income Non Operating": NaN,
        "Operating Income": NaN,
        "Operating Expense": NaN,
        "Research And Development": NaN,
        "Selling General And Administration": NaN,
        "General And Administrative Expense": NaN,
        "Other Gand A": NaN,
        "Salaries And Wages": NaN,
        "Total Revenue": NaN,
        "Operating Revenue": NaN
    },
    "2022-09-30": {
        "Tax Effect Of Unusual Items": NaN,
        "Tax Rate For Calcs": NaN,
        "Normalized EBITDA": NaN,
        "Total Unusual Items": 0.0,
        "Total Unusual Items Excluding Goodwill": 0.0,
        "Net Income From Continuing Operation Net Minority Interest": NaN,
        "Reconciled Depreciation": NaN,
        "EBITDA": NaN,
        "EBIT": NaN,
        "Net Interest Income": NaN,
        "Interest Expense": NaN,
        "Interest Income": NaN,
        "Normalized Income": NaN,
        "Net Income From Continuing And Discontinued Operation": NaN,
        "Total Expenses": NaN,
        "Total Operating Income As Reported": NaN,
        "Diluted Average Shares": NaN,
        "Basic Average Shares": NaN,
        "Diluted EPS": NaN,
        "Basic EPS": NaN,
        "Diluted NI Availto Com Stockholders": NaN,
        "Net Income Common Stockholders": NaN,
        "Net Income": NaN,
        "Net Income Including Noncontrolling Interests": NaN,
        "Net Income Continuous Operations": NaN,
        "Pretax Income": NaN,
        "Other Income Expense": NaN,
        "Other Non Operating Income Expenses": NaN,
        "Special Income Charges": 0.0,
        "Impairment Of Capital Assets": 0.0,
        "Gain On Sale Of Security": NaN,
        "Net Non Operating Interest Income Expense": NaN,
        "Interest Expense Non Operating": NaN,
        "Interest Income Non Operating": NaN,
        "Operating Income": NaN,
        "Operating Expense": NaN,
        "Research And Development": NaN,
        "Selling General And Administration": NaN,
        "General And Administrative Expense": NaN,
        "Other Gand A": NaN,
        "Salaries And Wages": NaN,
        "Total Revenue": NaN,
        "Operating Revenue": NaN
    },
    "2022-06-30": {
        "Tax Effect Of Unusual Items": 0.0,
        "Tax Rate For Calcs": 0.0,
        "Normalized EBITDA": -32687000.0,
        "Total Unusual Items": NaN,
        "Total Unusual Items Excluding Goodwill": NaN,
        "Net Income From Continuing Operation Net Minority Interest": -33873000.0,
        "Reconciled Depreciation": 274000.0,
        "EBITDA": -32687000.0,
        "EBIT": -32961000.0,
        "Net Interest Income": -885000.0,
        "Interest Expense": 912000.0,
        "Interest Income": 27000.0,
        "Normalized Income": -33873000.0,
        "Net Income From Continuing And Discontinued Operation": -33873000.0,
        "Total Expenses": 32985000.0,
        "Total Operating Income As Reported": -32985000.0,
        "Diluted Average Shares": 40142403.0,
        "Basic Average Shares": 40142403.0,
        "Diluted EPS": -0.85,
        "Basic EPS": -0.85,
        "Diluted NI Availto Com Stockholders": -33873000.0,
        "Net Income Common Stockholders": -33873000.0,
        "Net Income": -33873000.0,
        "Net Income Including Noncontrolling Interests": -33873000.0,
        "Net Income Continuous Operations": -33873000.0,
        "Pretax Income": -33873000.0,
        "Other Income Expense": -3000.0,
        "Other Non Operating Income Expenses": -3000.0,
        "Special Income Charges": NaN,
        "Impairment Of Capital Assets": NaN,
        "Net Non Operating Interest Income Expense": -885000.0,
        "Interest Expense Non Operating": 912000.0,
        "Interest Income Non Operating": 27000.0,
        "Operating Income": -32985000.0,
        "Operating Expense": 32985000.0,
        "Research And Development": 23118000.0,
        "Selling General And Administration": 9867000.0,
        "General And Administrative Expense": 9867000.0,
        "Other Gand A": 9867000.0,
        "Salaries And Wages": NaN,
        "Total Revenue": 0.0,
        "Operating Revenue": 0.0
    },
    "2022-03-31": {
        "Diluted EPS": -1.32,
        "Total Revenue": NaN,
        "Gross Profit": NaN,
        "Operating Income": -50,
        "EBIT": -49,
        "Net Income": -50
    },
    "2021-12-31": {
        "Diluted EPS": -1.33,
        "Total Revenue": NaN,
        "Gross Profit": NaN,
        "Operating Income": -50,
        "EBIT": -50,
        "Net Income": -50
    },
    "2021-09-30": {
        "Diluted EPS": -1.35,
        "Total Revenue": NaN,
        "Gross Profit": NaN,
        "Operating Income": -51,
        "EBIT": -51,
        "Net Income": -51
    },
    "2021-06-30": {
        "Diluted EPS": -1.09,
        "Total Revenue": NaN,
        "Gross Profit": NaN,
        "Operating Income": -41,
        "EBIT": -41,
        "Net Income": -41
    },
    "2021-03-31": {
        "Diluted EPS": -0.87,
        "Total Revenue": NaN,
        "Gross Profit": NaN,
        "Operating Income": -32,
        "EBIT": -32,
        "Net Income": -32
    },
    "2020-12-31": {
        "Diluted EPS": 0.33,
        "Total Revenue": NaN,
        "Gross Profit": NaN,
        "Operating Income": -18,
        "EBIT": -18,
        "Net Income": -18
    },
    "2020-09-30": {
        "Diluted EPS": -1.28,
        "Total Revenue": NaN,
        "Gross Profit": NaN,
        "Operating Income": -15,
        "EBIT": -15,
        "Net Income": -15
    },
    "2020-06-30": {
        "Diluted EPS": -1.95,
        "Total Revenue": NaN,
        "Gross Profit": NaN,
        "Operating Income": -4,
        "EBIT": -4,
        "Net Income": -21
    },
    "2020-03-31": {
        "Diluted EPS": -0.5,
        "Total Revenue": NaN,
        "Gross Profit": NaN,
        "Operating Income": -6,
        "EBIT": -6,
        "Net Income": -5
    },
    "2019-12-31": {
        "Diluted EPS": 0.0,
        "Total Revenue": NaN,
        "Gross Profit": NaN,
        "Operating Income": NaN,
        "EBIT": NaN,
        "Net Income": NaN
    },
    "2023-06-30": {
        "Tax Effect Of Unusual Items": NaN,
        "Tax Rate For Calcs": NaN,
        "Normalized EBITDA": NaN,
        "Total Unusual Items": NaN,
        "Total Unusual Items Excluding Goodwill": NaN,
        "Net Income From Continuing Operation Net Minority Interest": NaN,
        "Reconciled Depreciation": NaN,
        "EBITDA": NaN,
        "EBIT": NaN,
        "Net Interest Income": NaN,
        "Interest Expense": NaN,
        "Interest Income": NaN,
        "Normalized Income": NaN,
        "Net Income From Continuing And Discontinued Operation": NaN,
        "Total Expenses": NaN,
        "Total Operating Income As Reported": NaN,
        "Diluted Average Shares": 64244531.0,
        "Basic Average Shares": 64244531.0,
        "Diluted EPS": -0.38,
        "Basic EPS": -0.38,
        "Diluted NI Availto Com Stockholders": NaN,
        "Net Income Common Stockholders": NaN,
        "Net Income": NaN,
        "Net Income Including Noncontrolling Interests": NaN,
        "Net Income Continuous Operations": NaN,
        "Pretax Income": NaN,
        "Other Income Expense": NaN,
        "Other Non Operating Income Expenses": NaN,
        "Special Income Charges": NaN,
        "Impairment Of Capital Assets": NaN,
        "Gain On Sale Of Security": NaN,
        "Net Non Operating Interest Income Expense": NaN,
        "Interest Expense Non Operating": NaN,
        "Interest Income Non Operating": NaN,
        "Operating Income": NaN,
        "Operating Expense": NaN,
        "Research And Development": NaN,
        "Selling General And Administration": NaN,
        "General And Administrative Expense": NaN,
        "Other Gand A": NaN,
        "Salaries And Wages": 1140000.0,
        "Total Revenue": NaN,
        "Operating Revenue": NaN
    },
    "2023-09-30": {
        "Tax Effect Of Unusual Items": NaN,
        "Tax Rate For Calcs": NaN,
        "Normalized EBITDA": NaN,
        "Total Unusual Items": NaN,
        "Total Unusual Items Excluding Goodwill": NaN,
        "Net Income From Continuing Operation Net Minority Interest": NaN,
        "Reconciled Depreciation": NaN,
        "EBITDA": NaN,
        "EBIT": NaN,
        "Net Interest Income": NaN,
        "Interest Expense": NaN,
        "Interest Income": NaN,
        "Normalized Income": NaN,
        "Net Income From Continuing And Discontinued Operation": NaN,
        "Total Expenses": NaN,
        "Total Operating Income As Reported": NaN,
        "Diluted Average Shares": 125700799.0,
        "Basic Average Shares": 125700799.0,
        "Diluted EPS": -0.93,
        "Basic EPS": -0.93,
        "Diluted NI Availto Com Stockholders": NaN,
        "Net Income Common Stockholders": NaN,
        "Net Income": NaN,
        "Net Income Including Noncontrolling Interests": NaN,
        "Net Income Continuous Operations": NaN,
        "Pretax Income": NaN,
        "Other Income Expense": NaN,
        "Other Non Operating Income Expenses": NaN,
        "Special Income Charges": -616000.0,
        "Impairment Of Capital Assets": 616000.0,
        "Gain On Sale Of Security": NaN,
        "Net Non Operating Interest Income Expense": NaN,
        "Interest Expense Non Operating": NaN,
        "Interest Income Non Operating": NaN,
        "Operating Income": NaN,
        "Operating Expense": NaN,
        "Research And Development": NaN,
        "Selling General And Administration": NaN,
        "General And Administrative Expense": NaN,
        "Other Gand A": NaN,
        "Total Revenue": NaN,
        "Operating Revenue": NaN
    },
    "2023-12-31": {
        "Tax Effect Of Unusual Items": NaN,
        "Tax Rate For Calcs": NaN,
        "Normalized EBITDA": NaN,
        "Total Unusual Items": NaN,
        "Total Unusual Items Excluding Goodwill": NaN,
        "Net Income From Continuing Operation Net Minority Interest": NaN,
        "Reconciled Depreciation": NaN,
        "EBITDA": NaN,
        "EBIT": NaN,
        "Net Interest Income": NaN,
        "Interest Expense": NaN,
        "Interest Income": NaN,
        "Normalized Income": NaN,
        "Net Income From Continuing And Discontinued Operation": NaN,
        "Total Expenses": NaN,
        "Total Operating Income As Reported": NaN,
        "Diluted Average Shares": NaN,
        "Basic Average Shares": NaN,
        "Diluted EPS": NaN,
        "Basic EPS": NaN,
        "Diluted NI Availto Com Stockholders": NaN,
        "Net Income Common Stockholders": NaN,
        "Net Income": NaN,
        "Net Income Including Noncontrolling Interests": NaN,
        "Net Income Continuous Operations": NaN,
        "Pretax Income": NaN,
        "Other Income Expense": NaN,
        "Other Non Operating Income Expenses": NaN,
        "Special Income Charges": -1847000.0,
        "Impairment Of Capital Assets": 449000.0,
        "Gain On Sale Of Security": NaN,
        "Net Non Operating Interest Income Expense": NaN,
        "Interest Expense Non Operating": NaN,
        "Interest Income Non Operating": NaN,
        "Operating Income": NaN,
        "Operating Expense": NaN,
        "Research And Development": NaN,
        "Selling General And Administration": NaN,
        "General And Administrative Expense": NaN,
        "Other Gand A": NaN,
        "Total Revenue": NaN,
        "Operating Revenue": NaN
    },
    "2024-03-31": {
        "Tax Effect Of Unusual Items": NaN,
        "Tax Rate For Calcs": NaN,
        "Normalized EBITDA": NaN,
        "Total Unusual Items": NaN,
        "Total Unusual Items Excluding Goodwill": NaN,
        "Net Income From Continuing Operation Net Minority Interest": NaN,
        "Reconciled Depreciation": NaN,
        "EBITDA": NaN,
        "EBIT": NaN,
        "Net Interest Income": NaN,
        "Interest Expense": NaN,
        "Interest Income": NaN,
        "Normalized Income": NaN,
        "Net Income From Continuing And Discontinued Operation": NaN,
        "Total Expenses": NaN,
        "Total Operating Income As Reported": NaN,
        "Diluted Average Shares": 231249344.0,
        "Basic Average Shares": 231249344.0,
        "Diluted EPS": -0.1,
        "Basic EPS": -0.1,
        "Diluted NI Availto Com Stockholders": NaN,
        "Net Income Common Stockholders": NaN,
        "Net Income": NaN,
        "Net Income Including Noncontrolling Interests": NaN,
        "Net Income Continuous Operations": NaN,
        "Pretax Income": NaN,
        "Other Income Expense": NaN,
        "Other Non Operating Income Expenses": NaN,
        "Special Income Charges": NaN,
        "Impairment Of Capital Assets": NaN,
        "Gain On Sale Of Security": NaN,
        "Net Non Operating Interest Income Expense": NaN,
        "Interest Expense Non Operating": NaN,
        "Interest Income Non Operating": NaN,
        "Operating Income": NaN,
        "Operating Expense": NaN,
        "Research And Development": NaN,
        "Selling General And Administration": NaN,
        "General And Administrative Expense": NaN,
        "Other Gand A": NaN,
        "Total Revenue": NaN,
        "Operating Revenue": NaN
    },
    "2024-06-30": {
        "Tax Effect Of Unusual Items": NaN,
        "Tax Rate For Calcs": NaN,
        "Normalized EBITDA": NaN,
        "Total Unusual Items": NaN,
        "Total Unusual Items Excluding Goodwill": NaN,
        "Net Income From Continuing Operation Net Minority Interest": NaN,
        "Reconciled Depreciation": NaN,
        "EBITDA": NaN,
        "EBIT": NaN,
        "Net Interest Income": NaN,
        "Interest Expense": NaN,
        "Interest Income": NaN,
        "Normalized Income": NaN,
        "Net Income From Continuing And Discontinued Operation": NaN,
        "Total Expenses": NaN,
        "Total Operating Income As Reported": NaN,
        "Diluted Average Shares": 232821553.0,
        "Basic Average Shares": 232821553.0,
        "Diluted EPS": -0.09,
        "Basic EPS": -0.09,
        "Diluted NI Availto Com Stockholders": NaN,
        "Net Income Common Stockholders": NaN,
        "Net Income": NaN,
        "Net Income Including Noncontrolling Interests": NaN,
        "Net Income Continuous Operations": NaN,
        "Pretax Income": NaN,
        "Other Income Expense": NaN,
        "Other Non Operating Income Expenses": NaN,
        "Special Income Charges": NaN,
        "Impairment Of Capital Assets": NaN,
        "Gain On Sale Of Security": NaN,
        "Net Non Operating Interest Income Expense": NaN,
        "Interest Expense Non Operating": NaN,
        "Interest Income Non Operating": NaN,
        "Operating Income": NaN,
        "Operating Expense": NaN,
        "Research And Development": NaN,
        "Selling General And Administration": NaN,
        "General And Administrative Expense": NaN,
        "Other Gand A": NaN,
        "Total Revenue": NaN,
        "Operating Revenue": NaN
    },
    "2024-09-30": {
        "Tax Effect Of Unusual Items": 0.0,
        "Tax Rate For Calcs": 0.0,
        "Normalized EBITDA": -20443000.0,
        "Total Unusual Items": -4763000.0,
        "Total Unusual Items Excluding Goodwill": -4763000.0,
        "Net Income From Continuing Operation Net Minority Interest": -25524000.0,
        "Reconciled Depreciation": 294000.0,
        "EBITDA": -25206000.0,
        "EBIT": -25500000.0,
        "Net Interest Income": 2083000.0,
        "Interest Expense": 24000.0,
        "Interest Income": 2107000.0,
        "Normalized Income": -20761000.0,
        "Net Income From Continuing And Discontinued Operation": -25524000.0,
        "Total Expenses": 22848000.0,
        "Total Operating Income As Reported": -25898000.0,
        "Diluted Average Shares": 267824045.0,
        "Basic Average Shares": 267824045.0,
        "Diluted EPS": -0.1,
        "Basic EPS": -0.1,
        "Diluted NI Availto Com Stockholders": -25524000.0,
        "Net Income Common Stockholders": -25524000.0,
        "Net Income": -25524000.0,
        "Net Income Including Noncontrolling Interests": -25524000.0,
        "Net Income Continuous Operations": -25524000.0,
        "Pretax Income": -25524000.0,
        "Other Income Expense": -6547000.0,
        "Other Non Operating Income Expenses": -1784000.0,
        "Special Income Charges": -4838000.0,
        "Impairment Of Capital Assets": 4838000.0,
        "Gain On Sale Of Security": 75000.0,
        "Net Non Operating Interest Income Expense": 2083000.0,
        "Interest Expense Non Operating": 24000.0,
        "Interest Income Non Operating": 2107000.0,
        "Operating Income": -21060000.0,
        "Operating Expense": 22848000.0,
        "Research And Development": 14946000.0,
        "Selling General And Administration": 7902000.0,
        "General And Administrative Expense": 7902000.0,
        "Other Gand A": 7902000.0,
        "Total Revenue": 1788000.0,
        "Operating Revenue": 1788000.0
    },
    "2024-12-31": {
        "Tax Effect Of Unusual Items": 0.0,
        "Tax Rate For Calcs": 0.0,
        "Normalized EBITDA": -18542000.0,
        "Total Unusual Items": 83000.0,
        "Total Unusual Items Excluding Goodwill": 83000.0,
        "Net Income From Continuing Operation Net Minority Interest": -18785000.0,
        "Reconciled Depreciation": 304000.0,
        "EBITDA": -18459000.0,
        "EBIT": -18763000.0,
        "Net Interest Income": 1678000.0,
        "Interest Expense": 22000.0,
        "Interest Income": 1700000.0,
        "Normalized Income": -18868000.0,
        "Net Income From Continuing And Discontinued Operation": -18785000.0,
        "Total Expenses": 21954000.0,
        "Total Operating Income As Reported": -19932000.0,
        "Diluted Average Shares": NaN,
        "Basic Average Shares": NaN,
        "Diluted EPS": NaN,
        "Basic EPS": NaN,
        "Diluted NI Availto Com Stockholders": -18785000.0,
        "Net Income Common Stockholders": -18785000.0,
        "Net Income": -18785000.0,
        "Net Income Including Noncontrolling Interests": -18785000.0,
        "Net Income Continuous Operations": -18785000.0,
        "Pretax Income": -18785000.0,
        "Other Income Expense": -531000.0,
        "Other Non Operating Income Expenses": -614000.0,
        "Special Income Charges": 0.0,
        "Impairment Of Capital Assets": 0.0,
        "Gain On Sale Of Security": 83000.0,
        "Net Non Operating Interest Income Expense": 1678000.0,
        "Interest Expense Non Operating": 22000.0,
        "Interest Income Non Operating": 1700000.0,
        "Operating Income": -19932000.0,
        "Operating Expense": 21954000.0,
        "Research And Development": 15325000.0,
        "Selling General And Administration": 6629000.0,
        "General And Administrative Expense": 6629000.0,
        "Other Gand A": 6629000.0,
        "Total Revenue": 2022000.0,
        "Operating Revenue": 2022000.0
    },
    "2025-03-31": {
        "Tax Effect Of Unusual Items": 0.0,
        "Tax Rate For Calcs": 0.0,
        "Normalized EBITDA": -21329000.0,
        "Total Unusual Items": 102000.0,
        "Total Unusual Items Excluding Goodwill": 102000.0,
        "Net Income From Continuing Operation Net Minority Interest": -21529000.0,
        "Reconciled Depreciation": 283000.0,
        "EBITDA": -21227000.0,
        "EBIT": -21510000.0,
        "Net Interest Income": 1307000.0,
        "Interest Expense": 19000.0,
        "Interest Income": 1326000.0,
        "Normalized Income": -21631000.0,
        "Net Income From Continuing And Discontinued Operation": -21529000.0,
        "Total Expenses": 23723000.0,
        "Total Operating Income As Reported": -21421000.0,
        "Diluted Average Shares": 269306331.0,
        "Basic Average Shares": 269306331.0,
        "Diluted EPS": -0.08,
        "Basic EPS": -0.08,
        "Diluted NI Availto Com Stockholders": -21529000.0,
        "Net Income Common Stockholders": -21529000.0,
        "Net Income": -21529000.0,
        "Net Income Including Noncontrolling Interests": -21529000.0,
        "Net Income Continuous Operations": -21529000.0,
        "Pretax Income": -21529000.0,
        "Other Income Expense": -1415000.0,
        "Other Non Operating Income Expenses": -1517000.0,
        "Special Income Charges": NaN,
        "Impairment Of Capital Assets": NaN,
        "Gain On Sale Of Security": 102000.0,
        "Net Non Operating Interest Income Expense": 1307000.0,
        "Interest Expense Non Operating": 19000.0,
        "Interest Income Non Operating": 1326000.0,
        "Operating Income": -21421000.0,
        "Operating Expense": 23723000.0,
        "Research And Development": 15565000.0,
        "Selling General And Administration": 8158000.0,
        "General And Administrative Expense": 8158000.0,
        "Other Gand A": 8158000.0,
        "Total Revenue": 2302000.0,
        "Operating Revenue": 2302000.0
    },
    "2025-06-30": {
        "Tax Effect Of Unusual Items": 0.0,
        "Tax Rate For Calcs": 0.0,
        "Normalized EBITDA": -26315000.0,
        "Total Unusual Items": -273000.0,
        "Total Unusual Items Excluding Goodwill": -273000.0,
        "Net Income From Continuing Operation Net Minority Interest": -26882000.0,
        "Reconciled Depreciation": 277000.0,
        "EBITDA": -26588000.0,
        "EBIT": -26865000.0,
        "Net Interest Income": 1842000.0,
        "Interest Expense": 17000.0,
        "Interest Income": 1859000.0,
        "Normalized Income": -26609000.0,
        "Net Income From Continuing And Discontinued Operation": -26882000.0,
        "Total Expenses": 28739000.0,
        "Total Operating Income As Reported": -26753000.0,
        "Diluted Average Shares": 297988978.0,
        "Basic Average Shares": 297988978.0,
        "Diluted EPS": -0.09,
        "Basic EPS": -0.09,
        "Diluted NI Availto Com Stockholders": -26882000.0,
        "Net Income Common Stockholders": -26882000.0,
        "Net Income": -26882000.0,
        "Net Income Including Noncontrolling Interests": -26882000.0,
        "Net Income Continuous Operations": -26882000.0,
        "Pretax Income": -26882000.0,
        "Other Income Expense": -1971000.0,
        "Other Non Operating Income Expenses": -1698000.0,
        "Special Income Charges": NaN,
        "Impairment Of Capital Assets": NaN,
        "Gain On Sale Of Security": -273000.0,
        "Net Non Operating Interest Income Expense": 1842000.0,
        "Interest Expense Non Operating": 17000.0,
        "Interest Income Non Operating": 1859000.0,
        "Operating Income": -26753000.0,
        "Operating Expense": 28739000.0,
        "Research And Development": 20141000.0,
        "Selling General And Administration": 8598000.0,
        "General And Administrative Expense": 8598000.0,
        "Other Gand A": 8598000.0,
        "Total Revenue": 1986000.0,
        "Operating Revenue": 1986000.0
    },
    "2025-09-30": {
        "Tax Effect Of Unusual Items": 0.0,
        "Tax Rate For Calcs": 0.0,
        "Normalized EBITDA": -32140000.0,
        "Total Unusual Items": -292000.0,
        "Total Unusual Items Excluding Goodwill": -292000.0,
        "Net Income From Continuing Operation Net Minority Interest": -32733000.0,
        "Reconciled Depreciation": 286000.0,
        "EBITDA": -32432000.0,
        "EBIT": -32718000.0,
        "Net Interest Income": 3154000.0,
        "Interest Expense": 15000.0,
        "Interest Income": 3169000.0,
        "Normalized Income": -32441000.0,
        "Net Income From Continuing And Discontinued Operation": -32733000.0,
        "Total Expenses": 34024000.0,
        "Total Operating Income As Reported": -34024000.0,
        "Diluted Average Shares": 353309524.0,
        "Basic Average Shares": 353309524.0,
        "Diluted EPS": -0.09,
        "Basic EPS": -0.09,
        "Diluted NI Availto Com Stockholders": -32733000.0,
        "Net Income Common Stockholders": -32733000.0,
        "Net Income": -32733000.0,
        "Net Income Including Noncontrolling Interests": -32733000.0,
        "Net Income Continuous Operations": -32733000.0,
        "Pretax Income": -32733000.0,
        "Other Income Expense": -1863000.0,
        "Other Non Operating Income Expenses": -1571000.0,
        "Special Income Charges": 0.0,
        "Impairment Of Capital Assets": 0.0,
        "Gain On Sale Of Security": -292000.0,
        "Net Non Operating Interest Income Expense": 3154000.0,
        "Interest Expense Non Operating": 15000.0,
        "Interest Income Non Operating": 3169000.0,
        "Operating Income": -34024000.0,
        "Operating Expense": 34024000.0,
        "Research And Development": 25745000.0,
        "Selling General And Administration": 8279000.0,
        "General And Administrative Expense": 8279000.0,
        "Other Gand A": 8279000.0,
        "Total Revenue": 0.0,
        "Operating Revenue": 0.0
    }
}