{
    "2023-06-30": {
        "Tax Effect Of Unusual Items": NaN,
        "Tax Rate For Calcs": NaN,
        "Normalized EBITDA": NaN,
        "Total Unusual Items": NaN,
        "Total Unusual Items Excluding Goodwill": NaN,
        "Net Income From Continuing Operation Net Minority Interest": NaN,
        "Reconciled Depreciation": NaN,
        "Reconciled Cost Of Revenue": NaN,
        "EBITDA": NaN,
        "EBIT": NaN,
        "Net Interest Income": NaN,
        "Interest Expense": NaN,
        "Interest Income": NaN,
        "Normalized Income": NaN,
        "Net Income From Continuing And Discontinued Operation": NaN,
        "Total Expenses": NaN,
        "Total Operating Income As Reported": NaN,
        "Diluted Average Shares": NaN,
        "Basic Average Shares": NaN,
        "Diluted EPS": NaN,
        "Basic EPS": NaN,
        "Diluted NI Availto Com Stockholders": NaN,
        "Net Income Common Stockholders": NaN,
        "Net Income": NaN,
        "Minority Interests": NaN,
        "Net Income Including Noncontrolling Interests": NaN,
        "Net Income Continuous Operations": NaN,
        "Tax Provision": NaN,
        "Pretax Income": NaN,
        "Other Income Expense": NaN,
        "Other Non Operating Income Expenses": NaN,
        "Special Income Charges": -3096000.0,
        "Write Off": 3096000.0,
        "Earnings From Equity Interest": NaN,
        "Gain On Sale Of Security": NaN,
        "Net Non Operating Interest Income Expense": NaN,
        "Total Other Finance Cost": -10667000000.0,
        "Interest Expense Non Operating": NaN,
        "Interest Income Non Operating": NaN,
        "Operating Income": NaN,
        "Operating Expense": NaN,
        "Other Operating Expenses": NaN,
        "Research And Development": NaN,
        "Selling General And Administration": NaN,
        "Selling And Marketing Expense": NaN,
        "General And Administrative Expense": NaN,
        "Other Gand A": NaN,
        "Gross Profit": NaN,
        "Cost Of Revenue": NaN,
        "Total Revenue": NaN,
        "Operating Revenue": NaN
    },
    "2023-03-31": {
        "Tax Effect Of Unusual Items": NaN,
        "Tax Rate For Calcs": NaN,
        "Normalized EBITDA": NaN,
        "Total Unusual Items": NaN,
        "Total Unusual Items Excluding Goodwill": NaN,
        "Net Income From Continuing Operation Net Minority Interest": NaN,
        "Reconciled Depreciation": NaN,
        "Reconciled Cost Of Revenue": NaN,
        "EBITDA": NaN,
        "EBIT": NaN,
        "Net Interest Income": NaN,
        "Interest Expense": NaN,
        "Interest Income": NaN,
        "Normalized Income": NaN,
        "Net Income From Continuing And Discontinued Operation": NaN,
        "Total Expenses": NaN,
        "Total Operating Income As Reported": NaN,
        "Diluted Average Shares": NaN,
        "Basic Average Shares": NaN,
        "Diluted EPS": NaN,
        "Basic EPS": NaN,
        "Diluted NI Availto Com Stockholders": NaN,
        "Net Income Common Stockholders": NaN,
        "Net Income": NaN,
        "Minority Interests": NaN,
        "Net Income Including Noncontrolling Interests": NaN,
        "Net Income Continuous Operations": NaN,
        "Tax Provision": NaN,
        "Pretax Income": NaN,
        "Other Income Expense": NaN,
        "Other Non Operating Income Expenses": NaN,
        "Special Income Charges": -6164000.0,
        "Write Off": 6164000.0,
        "Earnings From Equity Interest": NaN,
        "Gain On Sale Of Security": NaN,
        "Net Non Operating Interest Income Expense": NaN,
        "Total Other Finance Cost": NaN,
        "Interest Expense Non Operating": NaN,
        "Interest Income Non Operating": NaN,
        "Operating Income": NaN,
        "Operating Expense": NaN,
        "Other Operating Expenses": NaN,
        "Research And Development": NaN,
        "Selling General And Administration": NaN,
        "Selling And Marketing Expense": NaN,
        "General And Administrative Expense": NaN,
        "Other Gand A": NaN,
        "Gross Profit": NaN,
        "Cost Of Revenue": NaN,
        "Total Revenue": NaN,
        "Operating Revenue": NaN
    },
    "2022-12-31": {
        "Tax Effect Of Unusual Items": NaN,
        "Tax Rate For Calcs": NaN,
        "Normalized EBITDA": NaN,
        "Total Unusual Items": NaN,
        "Total Unusual Items Excluding Goodwill": NaN,
        "Net Income From Continuing Operation Net Minority Interest": NaN,
        "Reconciled Depreciation": NaN,
        "Reconciled Cost Of Revenue": NaN,
        "EBITDA": NaN,
        "EBIT": NaN,
        "Net Interest Income": NaN,
        "Interest Expense": NaN,
        "Interest Income": NaN,
        "Normalized Income": NaN,
        "Net Income From Continuing And Discontinued Operation": NaN,
        "Total Expenses": NaN,
        "Total Operating Income As Reported": NaN,
        "Diluted Average Shares": NaN,
        "Basic Average Shares": NaN,
        "Diluted EPS": NaN,
        "Basic EPS": NaN,
        "Diluted NI Availto Com Stockholders": NaN,
        "Net Income Common Stockholders": NaN,
        "Net Income": NaN,
        "Minority Interests": NaN,
        "Net Income Including Noncontrolling Interests": NaN,
        "Net Income Continuous Operations": NaN,
        "Tax Provision": NaN,
        "Pretax Income": NaN,
        "Other Income Expense": NaN,
        "Other Non Operating Income Expenses": NaN,
        "Special Income Charges": -347000.0,
        "Write Off": 347000.0,
        "Earnings From Equity Interest": NaN,
        "Gain On Sale Of Security": NaN,
        "Net Non Operating Interest Income Expense": NaN,
        "Total Other Finance Cost": NaN,
        "Interest Expense Non Operating": NaN,
        "Interest Income Non Operating": NaN,
        "Operating Income": NaN,
        "Operating Expense": NaN,
        "Other Operating Expenses": NaN,
        "Research And Development": NaN,
        "Selling General And Administration": NaN,
        "Selling And Marketing Expense": NaN,
        "General And Administrative Expense": NaN,
        "Other Gand A": NaN,
        "Gross Profit": NaN,
        "Cost Of Revenue": NaN,
        "Total Revenue": NaN,
        "Operating Revenue": NaN
    },
    "2022-09-30": {
        "Tax Effect Of Unusual Items": 115637738.633934,
        "Tax Rate For Calcs": 0.112799,
        "Normalized EBITDA": 424381386000.0,
        "Total Unusual Items": 1025165000.0,
        "Total Unusual Items Excluding Goodwill": 1025165000.0,
        "Net Income From Continuing Operation Net Minority Interest": 280865780000.0,
        "Reconciled Depreciation": 105345666000.0,
        "Reconciled Cost Of Revenue": 242644026000.0,
        "EBITDA": 425406551000.0,
        "EBIT": 320060885000.0,
        "Net Interest Income": 3245026000.0,
        "Interest Expense": 3370018000.0,
        "Interest Income": 6615044000.0,
        "Normalized Income": 279956252738.6339,
        "Net Income From Continuing And Discontinued Operation": 280865780000.0,
        "Total Expenses": 302818529000.0,
        "Total Operating Income As Reported": 310324214000.0,
        "Diluted Average Shares": 5186888273.0,
        "Basic Average Shares": 5186888273.0,
        "Diluted EPS": 54.15,
        "Basic EPS": 54.15,
        "Diluted NI Availto Com Stockholders": 280865780000.0,
        "Net Income Common Stockholders": 280865780000.0,
        "Net Income": 280865780000.0,
        "Minority Interests": -102627000.0,
        "Net Income Including Noncontrolling Interests": 280968407000.0,
        "Net Income Continuous Operations": 280968407000.0,
        "Tax Provision": 35722460000.0,
        "Pretax Income": 316690867000.0,
        "Other Income Expense": 3121627000.0,
        "Other Non Operating Income Expenses": 18653000.0,
        "Special Income Charges": -10404000.0,
        "Write Off": 10404000.0,
        "Earnings From Equity Interest": 2077809000.0,
        "Gain On Sale Of Security": 1035569000.0,
        "Net Non Operating Interest Income Expense": 3245026000.0,
        "Total Other Finance Cost": NaN,
        "Interest Expense Non Operating": 3370018000.0,
        "Interest Income Non Operating": 6615044000.0,
        "Operating Income": 310324214000.0,
        "Operating Expense": 60174503000.0,
        "Other Operating Expenses": -11959000.0,
        "Research And Development": 42977507000.0,
        "Selling General And Administration": 17208955000.0,
        "Selling And Marketing Expense": 2709953000.0,
        "General And Administrative Expense": 14499002000.0,
        "Other Gand A": 14499002000.0,
        "Gross Profit": 370498717000.0,
        "Cost Of Revenue": 242644026000.0,
        "Total Revenue": 613142743000.0,
        "Operating Revenue": 613142743000.0
    },
    "2022-06-30": {
        "Tax Effect Of Unusual Items": 75863626.588692,
        "Tax Rate For Calcs": 0.108339,
        "Normalized EBITDA": 381426917000.0,
        "Total Unusual Items": 700242000.0,
        "Total Unusual Items Excluding Goodwill": 700242000.0,
        "Net Income From Continuing Operation Net Minority Interest": 237027317000.0,
        "Reconciled Depreciation": 113224647000.0,
        "Reconciled Cost Of Revenue": 218672814000.0,
        "EBITDA": 382127159000.0,
        "EBIT": 268902512000.0,
        "Net Interest Income": 641714000.0,
        "Interest Expense": 2904231000.0,
        "Interest Income": 3545945000.0,
        "Normalized Income": 236402938626.58868,
        "Net Income From Continuing And Discontinued Operation": 237027317000.0,
        "Total Expenses": 272017059000.0,
        "Total Operating Income As Reported": 262123749000.0,
        "Diluted Average Shares": 5185833400.0,
        "Basic Average Shares": 5185798600.0,
        "Diluted EPS": 45.7,
        "Basic EPS": 45.7,
        "Diluted NI Availto Com Stockholders": 237027317000.0,
        "Net Income Common Stockholders": 237027317000.0,
        "Net Income": 237027317000.0,
        "Minority Interests": -152935000.0,
        "Net Income Including Noncontrolling Interests": 237180252000.0,
        "Net Income Continuous Operations": 237180252000.0,
        "Tax Provision": 28818029000.0,
        "Pretax Income": 265998281000.0,
        "Other Income Expense": 3232818000.0,
        "Other Non Operating Income Expenses": 274571000.0,
        "Special Income Charges": -11110000.0,
        "Write Off": 11110000.0,
        "Earnings From Equity Interest": 2258005000.0,
        "Gain On Sale Of Security": 711352000.0,
        "Net Non Operating Interest Income Expense": 641714000.0,
        "Total Other Finance Cost": NaN,
        "Interest Expense Non Operating": 2904231000.0,
        "Interest Income Non Operating": 3545945000.0,
        "Operating Income": 262123749000.0,
        "Operating Expense": 53344245000.0,
        "Other Operating Expenses": -30273000.0,
        "Research And Development": 39649130000.0,
        "Selling General And Administration": 13725388000.0,
        "Selling And Marketing Expense": 2156794000.0,
        "General And Administrative Expense": 11568594000.0,
        "Other Gand A": 11568594000.0,
        "Gross Profit": 315467994000.0,
        "Cost Of Revenue": 218672814000.0,
        "Total Revenue": 534140808000.0,
        "Operating Revenue": 534140808000.0
    },
    "2022-03-31": {
        "Diluted EPS": 1.4,
        "Total Revenue": NaN,
        "Gross Profit": NaN,
        "Operating Income": NaN,
        "EBIT": NaN,
        "Net Income": NaN
    },
    "2021-12-31": {
        "Diluted EPS": 1.15,
        "Total Revenue": NaN,
        "Gross Profit": NaN,
        "Operating Income": NaN,
        "EBIT": NaN,
        "Net Income": NaN
    },
    "2021-09-30": {
        "Diluted EPS": 1.08,
        "Total Revenue": NaN,
        "Gross Profit": NaN,
        "Operating Income": NaN,
        "EBIT": NaN,
        "Net Income": NaN
    },
    "2021-06-30": {
        "Diluted EPS": 0.93,
        "Total Revenue": NaN,
        "Gross Profit": NaN,
        "Operating Income": NaN,
        "EBIT": NaN,
        "Net Income": NaN
    },
    "2021-03-31": {
        "Diluted EPS": 0.96,
        "Total Revenue": NaN,
        "Gross Profit": NaN,
        "Operating Income": NaN,
        "EBIT": NaN,
        "Net Income": NaN
    },
    "2020-12-31": {
        "Diluted EPS": 1.08,
        "Total Revenue": NaN,
        "Gross Profit": NaN,
        "Operating Income": NaN,
        "EBIT": NaN,
        "Net Income": NaN
    },
    "2020-09-30": {
        "Diluted EPS": 0.9,
        "Total Revenue": NaN,
        "Gross Profit": NaN,
        "Operating Income": NaN,
        "EBIT": NaN,
        "Net Income": NaN
    },
    "2020-06-30": {
        "Diluted EPS": 0.78,
        "Total Revenue": NaN,
        "Gross Profit": NaN,
        "Operating Income": NaN,
        "EBIT": NaN,
        "Net Income": NaN
    },
    "2020-03-31": {
        "Diluted EPS": 0.75,
        "Total Revenue": NaN,
        "Gross Profit": NaN,
        "Operating Income": NaN,
        "EBIT": NaN,
        "Net Income": NaN
    },
    "2019-12-31": {
        "Diluted EPS": 0.85,
        "Total Revenue": NaN,
        "Gross Profit": NaN,
        "Operating Income": NaN,
        "EBIT": NaN,
        "Net Income": NaN
    },
    "2019-09-30": {
        "Diluted EPS": 0.63,
        "Total Revenue": NaN,
        "Gross Profit": NaN,
        "Operating Income": NaN,
        "EBIT": NaN,
        "Net Income": NaN
    },
    "2019-06-30": {
        "Diluted EPS": 0.42,
        "Total Revenue": NaN,
        "Gross Profit": NaN,
        "Operating Income": NaN,
        "EBIT": NaN,
        "Net Income": NaN
    },
    "2019-03-31": {
        "Diluted EPS": 0.39,
        "Total Revenue": NaN,
        "Gross Profit": NaN,
        "Operating Income": NaN,
        "EBIT": NaN,
        "Net Income": NaN
    },
    "2018-12-31": {
        "Diluted EPS": 0.67,
        "Total Revenue": NaN,
        "Gross Profit": NaN,
        "Operating Income": NaN,
        "EBIT": NaN,
        "Net Income": NaN
    },
    "2018-09-30": {
        "Diluted EPS": 0.56,
        "Total Revenue": NaN,
        "Gross Profit": NaN,
        "Operating Income": NaN,
        "EBIT": NaN,
        "Net Income": NaN
    },
    "2018-06-30": {
        "Diluted EPS": 0.47,
        "Total Revenue": NaN,
        "Gross Profit": NaN,
        "Operating Income": NaN,
        "EBIT": NaN,
        "Net Income": NaN
    },
    "2018-03-31": {
        "Diluted EPS": 0.59,
        "Total Revenue": NaN,
        "Gross Profit": NaN,
        "Operating Income": NaN,
        "EBIT": NaN,
        "Net Income": NaN
    },
    "2017-12-31": {
        "Diluted EPS": -3.12,
        "Total Revenue": NaN,
        "Gross Profit": NaN,
        "Operating Income": NaN,
        "EBIT": NaN,
        "Net Income": NaN
    },
    "2017-09-30": {
        "Diluted EPS": 0.57,
        "Total Revenue": NaN,
        "Gross Profit": NaN,
        "Operating Income": NaN,
        "EBIT": NaN,
        "Net Income": NaN
    },
    "2017-06-30": {
        "Diluted EPS": 4.24,
        "Total Revenue": NaN,
        "Gross Profit": NaN,
        "Operating Income": NaN,
        "EBIT": NaN,
        "Net Income": NaN
    },
    "2017-03-31": {
        "Diluted EPS": 0.55,
        "Total Revenue": NaN,
        "Gross Profit": NaN,
        "Operating Income": NaN,
        "EBIT": NaN,
        "Net Income": NaN
    },
    "2016-12-31": {
        "Diluted EPS": 0.57,
        "Total Revenue": NaN,
        "Gross Profit": NaN,
        "Operating Income": NaN,
        "EBIT": NaN,
        "Net Income": NaN
    },
    "2016-09-30": {
        "Diluted EPS": 0.59,
        "Total Revenue": NaN,
        "Gross Profit": NaN,
        "Operating Income": NaN,
        "EBIT": NaN,
        "Net Income": NaN
    },
    "2016-06-30": {
        "Diluted EPS": 0.43,
        "Total Revenue": NaN,
        "Gross Profit": NaN,
        "Operating Income": NaN,
        "EBIT": NaN,
        "Net Income": NaN
    },
    "2016-03-31": {
        "Diluted EPS": 0.38,
        "Total Revenue": NaN,
        "Gross Profit": NaN,
        "Operating Income": NaN,
        "EBIT": NaN,
        "Net Income": NaN
    },
    "2015-12-31": {
        "Diluted EPS": 0.43,
        "Total Revenue": NaN,
        "Gross Profit": NaN,
        "Operating Income": NaN,
        "EBIT": NaN,
        "Net Income": NaN
    },
    "2015-09-30": {
        "Diluted EPS": 0.46,
        "Total Revenue": NaN,
        "Gross Profit": NaN,
        "Operating Income": NaN,
        "EBIT": NaN,
        "Net Income": NaN
    },
    "2015-06-30": {
        "Diluted EPS": 0.5,
        "Total Revenue": NaN,
        "Gross Profit": NaN,
        "Operating Income": NaN,
        "EBIT": NaN,
        "Net Income": NaN
    },
    "2015-03-31": {
        "Diluted EPS": 0.48,
        "Total Revenue": NaN,
        "Gross Profit": NaN,
        "Operating Income": NaN,
        "EBIT": NaN,
        "Net Income": NaN
    },
    "2014-12-31": {
        "Diluted EPS": 0.37,
        "Total Revenue": NaN,
        "Gross Profit": NaN,
        "Operating Income": NaN,
        "EBIT": NaN,
        "Net Income": NaN
    },
    "2014-09-30": {
        "Diluted EPS": 0.49,
        "Total Revenue": NaN,
        "Gross Profit": NaN,
        "Operating Income": NaN,
        "EBIT": NaN,
        "Net Income": NaN
    },
    "2014-06-30": {
        "Diluted EPS": 0.38,
        "Total Revenue": NaN,
        "Gross Profit": NaN,
        "Operating Income": NaN,
        "EBIT": NaN,
        "Net Income": NaN
    },
    "2014-03-31": {
        "Diluted EPS": 0.31,
        "Total Revenue": NaN,
        "Gross Profit": NaN,
        "Operating Income": NaN,
        "EBIT": NaN,
        "Net Income": NaN
    },
    "2013-12-31": {
        "Diluted EPS": 0.26,
        "Total Revenue": NaN,
        "Gross Profit": NaN,
        "Operating Income": NaN,
        "EBIT": NaN,
        "Net Income": NaN
    },
    "2013-09-30": {
        "Diluted EPS": 0.34,
        "Total Revenue": NaN,
        "Gross Profit": NaN,
        "Operating Income": NaN,
        "EBIT": NaN,
        "Net Income": NaN
    },
    "2013-06-30": {
        "Diluted EPS": 0.34,
        "Total Revenue": NaN,
        "Gross Profit": NaN,
        "Operating Income": NaN,
        "EBIT": NaN,
        "Net Income": NaN
    },
    "2013-03-31": {
        "Diluted EPS": 0.26,
        "Total Revenue": NaN,
        "Gross Profit": NaN,
        "Operating Income": NaN,
        "EBIT": NaN,
        "Net Income": NaN
    },
    "2012-12-31": {
        "Diluted EPS": 0.28,
        "Total Revenue": NaN,
        "Gross Profit": NaN,
        "Operating Income": NaN,
        "EBIT": NaN,
        "Net Income": NaN
    },
    "2012-09-30": {
        "Diluted EPS": 0.32,
        "Total Revenue": NaN,
        "Gross Profit": NaN,
        "Operating Income": NaN,
        "EBIT": NaN,
        "Net Income": NaN
    },
    "2012-06-30": {
        "Diluted EPS": 0.27,
        "Total Revenue": NaN,
        "Gross Profit": NaN,
        "Operating Income": NaN,
        "EBIT": NaN,
        "Net Income": NaN
    },
    "2012-03-31": {
        "Diluted EPS": 0.23,
        "Total Revenue": NaN,
        "Gross Profit": NaN,
        "Operating Income": NaN,
        "EBIT": NaN,
        "Net Income": NaN
    },
    "2011-12-31": {
        "Diluted EPS": 0.2,
        "Total Revenue": NaN,
        "Gross Profit": NaN,
        "Operating Income": NaN,
        "EBIT": NaN,
        "Net Income": NaN
    },
    "2011-09-30": {
        "Diluted EPS": 0.2,
        "Total Revenue": NaN,
        "Gross Profit": NaN,
        "Operating Income": NaN,
        "EBIT": NaN,
        "Net Income": NaN
    },
    "2011-06-30": {
        "Diluted EPS": 0.24,
        "Total Revenue": NaN,
        "Gross Profit": NaN,
        "Operating Income": NaN,
        "EBIT": NaN,
        "Net Income": NaN
    },
    "2011-03-31": {
        "Diluted EPS": 0.24,
        "Total Revenue": NaN,
        "Gross Profit": NaN,
        "Operating Income": NaN,
        "EBIT": NaN,
        "Net Income": NaN
    },
    "2010-12-31": {
        "Diluted EPS": 0.26,
        "Total Revenue": NaN,
        "Gross Profit": NaN,
        "Operating Income": NaN,
        "EBIT": NaN,
        "Net Income": NaN
    },
    "2010-09-30": {
        "Diluted EPS": 0.28,
        "Total Revenue": NaN,
        "Gross Profit": NaN,
        "Operating Income": NaN,
        "EBIT": NaN,
        "Net Income": NaN
    },
    "2010-06-30": {
        "Diluted EPS": 0.24,
        "Total Revenue": NaN,
        "Gross Profit": NaN,
        "Operating Income": NaN,
        "EBIT": NaN,
        "Net Income": NaN
    },
    "2010-03-31": {
        "Diluted EPS": 0.2,
        "Total Revenue": NaN,
        "Gross Profit": NaN,
        "Operating Income": NaN,
        "EBIT": NaN,
        "Net Income": NaN
    },
    "2009-12-31": {
        "Diluted EPS": 0.19,
        "Total Revenue": NaN,
        "Gross Profit": NaN,
        "Operating Income": 870,
        "EBIT": NaN,
        "Net Income": NaN
    },
    "2009-09-30": {
        "Diluted EPS": 0.18,
        "Total Revenue": NaN,
        "Gross Profit": NaN,
        "Operating Income": 975,
        "EBIT": NaN,
        "Net Income": 932
    },
    "2009-06-30": {
        "Diluted EPS": 0.14,
        "Total Revenue": NaN,
        "Gross Profit": NaN,
        "Operating Income": 759,
        "EBIT": NaN,
        "Net Income": 738
    },
    "2009-03-31": {
        "Diluted EPS": 0.01,
        "Total Revenue": NaN,
        "Gross Profit": 221,
        "Operating Income": 36,
        "EBIT": 640,
        "Net Income": 46
    },
    "2023-09-30": {
        "Tax Effect Of Unusual Items": NaN,
        "Tax Rate For Calcs": NaN,
        "Normalized EBITDA": NaN,
        "Total Unusual Items": 242163000.0,
        "Total Unusual Items Excluding Goodwill": 242163000.0,
        "Net Income From Continuing Operation Net Minority Interest": NaN,
        "Reconciled Depreciation": NaN,
        "Reconciled Cost Of Revenue": NaN,
        "EBITDA": NaN,
        "EBIT": NaN,
        "Net Interest Income": NaN,
        "Interest Expense": 3111922000.0,
        "Interest Income": 15595274000.0,
        "Normalized Income": NaN,
        "Net Income From Continuing And Discontinued Operation": NaN,
        "Total Expenses": NaN,
        "Total Operating Income As Reported": NaN,
        "Diluted Average Shares": NaN,
        "Basic Average Shares": NaN,
        "Diluted EPS": NaN,
        "Basic EPS": NaN,
        "Diluted NI Availto Com Stockholders": NaN,
        "Net Income Common Stockholders": NaN,
        "Net Income": NaN,
        "Minority Interests": NaN,
        "Net Income Including Noncontrolling Interests": NaN,
        "Net Income Continuous Operations": NaN,
        "Tax Provision": NaN,
        "Pretax Income": NaN,
        "Other Income Expense": NaN,
        "Other Non Operating Income Expenses": NaN,
        "Special Income Charges": -2748000.0,
        "Write Off": 2748000.0,
        "Earnings From Equity Interest": NaN,
        "Gain On Sale Of Security": 242163000.0,
        "Net Non Operating Interest Income Expense": NaN,
        "Total Other Finance Cost": NaN,
        "Interest Expense Non Operating": 3111922000.0,
        "Interest Income Non Operating": 15595274000.0,
        "Operating Income": NaN,
        "Operating Expense": NaN,
        "Other Operating Expenses": NaN,
        "Research And Development": NaN,
        "Selling General And Administration": NaN,
        "Selling And Marketing Expense": 2572905000.0,
        "General And Administrative Expense": 14998124000.0,
        "Other Gand A": 14998124000.0,
        "Gross Profit": NaN,
        "Cost Of Revenue": NaN,
        "Total Revenue": NaN,
        "Operating Revenue": NaN
    },
    "2023-12-31": {
        "Tax Effect Of Unusual Items": NaN,
        "Tax Rate For Calcs": NaN,
        "Normalized EBITDA": NaN,
        "Total Unusual Items": NaN,
        "Total Unusual Items Excluding Goodwill": NaN,
        "Net Income From Continuing Operation Net Minority Interest": NaN,
        "Reconciled Depreciation": NaN,
        "Reconciled Cost Of Revenue": NaN,
        "EBITDA": NaN,
        "EBIT": NaN,
        "Net Interest Income": NaN,
        "Interest Expense": NaN,
        "Interest Income": NaN,
        "Normalized Income": NaN,
        "Net Income From Continuing And Discontinued Operation": NaN,
        "Total Expenses": NaN,
        "Total Operating Income As Reported": NaN,
        "Diluted Average Shares": NaN,
        "Basic Average Shares": NaN,
        "Diluted EPS": NaN,
        "Basic EPS": NaN,
        "Diluted NI Availto Com Stockholders": NaN,
        "Net Income Common Stockholders": NaN,
        "Net Income": NaN,
        "Minority Interests": NaN,
        "Net Income Including Noncontrolling Interests": NaN,
        "Net Income Continuous Operations": NaN,
        "Tax Provision": NaN,
        "Pretax Income": NaN,
        "Other Income Expense": NaN,
        "Other Non Operating Income Expenses": NaN,
        "Special Income Charges": 15553000.0,
        "Gain On Sale Of Business": NaN,
        "Write Off": 147000.0,
        "Earnings From Equity Interest": NaN,
        "Gain On Sale Of Security": NaN,
        "Net Non Operating Interest Income Expense": NaN,
        "Total Other Finance Cost": -14490000000.0,
        "Interest Expense Non Operating": NaN,
        "Interest Income Non Operating": NaN,
        "Operating Income": NaN,
        "Operating Expense": NaN,
        "Other Operating Expenses": NaN,
        "Research And Development": NaN,
        "Selling General And Administration": NaN,
        "Selling And Marketing Expense": NaN,
        "General And Administrative Expense": NaN,
        "Other Gand A": NaN,
        "Gross Profit": NaN,
        "Cost Of Revenue": NaN,
        "Total Revenue": NaN,
        "Operating Revenue": NaN
    },
    "2024-03-31": {
        "Tax Effect Of Unusual Items": NaN,
        "Tax Rate For Calcs": NaN,
        "Normalized EBITDA": NaN,
        "Total Unusual Items": NaN,
        "Total Unusual Items Excluding Goodwill": NaN,
        "Net Income From Continuing Operation Net Minority Interest": NaN,
        "Reconciled Depreciation": 159023162000.0,
        "Reconciled Cost Of Revenue": NaN,
        "EBITDA": NaN,
        "EBIT": NaN,
        "Net Interest Income": 16660917000.0,
        "Interest Expense": 2698255000.0,
        "Interest Income": 19359172000.0,
        "Normalized Income": NaN,
        "Net Income From Continuing And Discontinued Operation": NaN,
        "Total Expenses": NaN,
        "Total Operating Income As Reported": NaN,
        "Diluted Average Shares": NaN,
        "Basic Average Shares": NaN,
        "Diluted EPS": NaN,
        "Basic EPS": NaN,
        "Diluted NI Availto Com Stockholders": NaN,
        "Net Income Common Stockholders": NaN,
        "Net Income": NaN,
        "Minority Interests": NaN,
        "Net Income Including Noncontrolling Interests": NaN,
        "Net Income Continuous Operations": NaN,
        "Tax Provision": 41321941000.0,
        "Pretax Income": NaN,
        "Other Income Expense": NaN,
        "Other Non Operating Income Expenses": NaN,
        "Special Income Charges": 0.0,
        "Gain On Sale Of Business": 0.0,
        "Earnings From Equity Interest": NaN,
        "Gain On Sale Of Security": NaN,
        "Net Non Operating Interest Income Expense": NaN,
        "Total Other Finance Cost": NaN,
        "Interest Expense Non Operating": NaN,
        "Interest Income Non Operating": 19359172000.0,
        "Operating Income": NaN,
        "Operating Expense": 65493536000.0,
        "Other Operating Expenses": NaN,
        "Research And Development": 46108936000.0,
        "Selling General And Administration": NaN,
        "Selling And Marketing Expense": NaN,
        "General And Administrative Expense": 16137086000.0,
        "Other Gand A": NaN,
        "Gross Profit": NaN,
        "Cost Of Revenue": NaN,
        "Total Revenue": NaN,
        "Operating Revenue": NaN
    },
    "2024-06-30": {
        "Tax Effect Of Unusual Items": 0.0,
        "Tax Rate For Calcs": 0.19147,
        "Normalized EBITDA": 451722594000.0,
        "Total Unusual Items": -11855000.0,
        "Total Unusual Items Excluding Goodwill": -11855000.0,
        "Net Income From Continuing Operation Net Minority Interest": 247845528000.0,
        "Reconciled Depreciation": 165166594000.0,
        "Reconciled Cost Of Revenue": 315385699000.0,
        "EBITDA": 474115309000.0,
        "EBIT": 308948715000.0,
        "Net Interest Income": 18341093000.0,
        "Interest Expense": 2638140000.0,
        "Interest Income": 20979233000.0,
        "Normalized Income": 247855113128.90875,
        "Net Income From Continuing And Discontinued Operation": 247845000000.0,
        "Total Expenses": 315385000000.0,
        "Total Operating Income As Reported": 286555542000.0,
        "Diluted Average Shares": 5186162400.0,
        "Basic Average Shares": 5185794400.0,
        "Diluted EPS": 47.8,
        "Basic EPS": 47.8,
        "Diluted NI Availto Com Stockholders": 247845000000.0,
        "Net Income Common Stockholders": 247845528000.0,
        "Net Income": 247845528000.0,
        "Minority Interests": 184090000.0,
        "Net Income Including Noncontrolling Interests": 247661438000.0,
        "Net Income Continuous Operations": 247661438000.0,
        "Tax Provision": 58649137000.0,
        "Pretax Income": 306310575000.0,
        "Other Income Expense": 1426122000.0,
        "Other Non Operating Income Expenses": 285752000.0,
        "Special Income Charges": NaN,
        "Gain On Sale Of Business": NaN,
        "Earnings From Equity Interest": 1152225000.0,
        "Gain On Sale Of Security": -11855000.0,
        "Net Non Operating Interest Income Expense": 18341093000.0,
        "Total Other Finance Cost": NaN,
        "Interest Expense Non Operating": 2638140000.0,
        "Interest Income Non Operating": 20979233000.0,
        "Operating Income": 286556000000.0,
        "Operating Expense": 71581118000.0,
        "Other Operating Expenses": 1285808000.0,
        "Research And Development": 48057704000.0,
        "Selling General And Administration": 22237606000.0,
        "Selling And Marketing Expense": 2947324000.0,
        "General And Administrative Expense": 19290282000.0,
        "Other Gand A": 19290282000.0,
        "Gross Profit": 358124478000.0,
        "Cost Of Revenue": 315385000000.0,
        "Total Revenue": 673510177000.0,
        "Operating Revenue": 673510000000.0
    },
    "2024-09-30": {
        "Tax Effect Of Unusual Items": 280613575.970773,
        "Tax Rate For Calcs": 0.153849,
        "Normalized EBITDA": 553227242000.0,
        "Total Unusual Items": 1823957000.0,
        "Total Unusual Items Excluding Goodwill": 1823957000.0,
        "Net Income From Continuing Operation Net Minority Interest": 325257571000.0,
        "Reconciled Depreciation": 168228557000.0,
        "Reconciled Cost Of Revenue": 320346477000.0,
        "EBITDA": 555051199000.0,
        "EBIT": 386822642000.0,
        "Net Interest Income": 19965864000.0,
        "Interest Expense": 2635790000.0,
        "Interest Income": 22601654000.0,
        "Normalized Income": 323714227575.97076,
        "Net Income From Continuing And Discontinued Operation": 325257571000.0,
        "Total Expenses": 398942367000.0,
        "Total Operating Income As Reported": 360766289000.0,
        "Diluted Average Shares": 5185644800.0,
        "Basic Average Shares": 5185203600.0,
        "Diluted EPS": 62.7,
        "Basic EPS": 62.75,
        "Diluted NI Availto Com Stockholders": 325257571000.0,
        "Net Income Common Stockholders": 325257571000.0,
        "Net Income": 325257571000.0,
        "Minority Interests": 177401000.0,
        "Net Income Including Noncontrolling Interests": 325080170000.0,
        "Net Income Continuous Operations": 325080170000.0,
        "Tax Provision": 59106682000.0,
        "Pretax Income": 384186852000.0,
        "Other Income Expense": 3471212000.0,
        "Other Non Operating Income Expenses": 86522000.0,
        "Special Income Charges": NaN,
        "Gain On Sale Of Business": NaN,
        "Earnings From Equity Interest": 1560733000.0,
        "Gain On Sale Of Security": 1823957000.0,
        "Net Non Operating Interest Income Expense": 19965864000.0,
        "Total Other Finance Cost": NaN,
        "Interest Expense Non Operating": 2635790000.0,
        "Interest Income Non Operating": 22601654000.0,
        "Operating Income": 360749776000.0,
        "Operating Expense": 78595890000.0,
        "Other Operating Expenses": -483014000.0,
        "Research And Development": 52783826000.0,
        "Selling General And Administration": 26295078000.0,
        "Selling And Marketing Expense": 3404487000.0,
        "General And Administrative Expense": 22890591000.0,
        "Other Gand A": 22890591000.0,
        "Gross Profit": 439345666000.0,
        "Cost Of Revenue": 320346477000.0,
        "Total Revenue": 759692143000.0,
        "Operating Revenue": 759692143000.0
    },
    "2024-12-31": {
        "Tax Effect Of Unusual Items": -88934839.93918,
        "Tax Rate For Calcs": 0.198838,
        "Normalized EBITDA": 622148144000.0,
        "Total Unusual Items": -447273000.0,
        "Total Unusual Items Excluding Goodwill": -447273000.0,
        "Net Income From Continuing Operation Net Minority Interest": 359792224000.0,
        "Reconciled Depreciation": 170378287000.0,
        "Reconciled Cost Of Revenue": 356082992000.0,
        "EBITDA": 621700871000.0,
        "EBIT": 451322584000.0,
        "Net Interest Income": 21750126000.0,
        "Interest Expense": 2523215000.0,
        "Interest Income": 24273341000.0,
        "Normalized Income": 360150562160.0608,
        "Net Income From Continuing And Discontinued Operation": 359792224000.0,
        "Total Expenses": 442762948000.0,
        "Total Operating Income As Reported": 425712863000.0,
        "Diluted Average Shares": 5186546648.0,
        "Basic Average Shares": 5186546648.0,
        "Diluted EPS": 72.240746,
        "Basic EPS": 72.240746,
        "Diluted NI Availto Com Stockholders": 359792224000.0,
        "Net Income Common Stockholders": 359792224000.0,
        "Net Income": 359792224000.0,
        "Minority Interests": 231195000.0,
        "Net Income Including Noncontrolling Interests": 359561029000.0,
        "Net Income Continuous Operations": 359561029000.0,
        "Tax Provision": 89238340000.0,
        "Pretax Income": 448799369000.0,
        "Other Income Expense": 1351012000.0,
        "Other Non Operating Income Expenses": 508544000.0,
        "Special Income Charges": NaN,
        "Gain On Sale Of Business": NaN,
        "Earnings From Equity Interest": 1289741000.0,
        "Gain On Sale Of Security": -454373000.0,
        "Net Non Operating Interest Income Expense": 21750126000.0,
        "Total Other Finance Cost": -21750000000.0,
        "Interest Expense Non Operating": 2523215000.0,
        "Interest Income Non Operating": 24273341000.0,
        "Operating Income": 425698231000.0,
        "Operating Expense": 86679956000.0,
        "Other Operating Expenses": 341051000.0,
        "Research And Development": 57231334000.0,
        "Selling General And Administration": 29107571000.0,
        "Selling And Marketing Expense": 3680530000.0,
        "General And Administrative Expense": 25427041000.0,
        "Other Gand A": 25427041000.0,
        "Gross Profit": 512378187000.0,
        "Cost Of Revenue": 356082992000.0,
        "Total Revenue": 868461179000.0,
        "Operating Revenue": 868461179000.0
    },
    "2025-03-31": {
        "Tax Effect Of Unusual Items": 37293796.192207,
        "Tax Rate For Calcs": 0.16283,
        "Normalized EBITDA": 608482730000.0,
        "Total Unusual Items": 229035000.0,
        "Total Unusual Items Excluding Goodwill": 229035000.0,
        "Net Income From Continuing Operation Net Minority Interest": 360732661000.0,
        "Reconciled Depreciation": 175139079000.0,
        "Reconciled Cost Of Revenue": 345858588000.0,
        "EBITDA": 608711765000.0,
        "EBIT": 433572686000.0,
        "Net Interest Income": 22182038000.0,
        "Interest Expense": 2677274000.0,
        "Interest Income": 24859312000.0,
        "Normalized Income": 360540919796.1922,
        "Net Income From Continuing And Discontinued Operation": 360732661000.0,
        "Total Expenses": 432164496000.0,
        "Total Operating Income As Reported": 407080808000.0,
        "Diluted Average Shares": 5185800000.0,
        "Basic Average Shares": 5185800000.0,
        "Diluted EPS": 69.7,
        "Basic EPS": 69.7,
        "Diluted NI Availto Com Stockholders": 360732661000.0,
        "Net Income Common Stockholders": 360732661000.0,
        "Net Income": 360732661000.0,
        "Minority Interests": 831467000.0,
        "Net Income Including Noncontrolling Interests": 360732661000.0,
        "Net Income Continuous Operations": 360732661000.0,
        "Tax Provision": 70162751000.0,
        "Pretax Income": 430895412000.0,
        "Other Income Expense": 1624206000.0,
        "Other Non Operating Income Expenses": 26864000.0,
        "Special Income Charges": -167986000.0,
        "Gain On Sale Of Business": -167986000.0,
        "Earnings From Equity Interest": 1368307000.0,
        "Gain On Sale Of Security": 397021000.0,
        "Net Non Operating Interest Income Expense": 22182038000.0,
        "Total Other Finance Cost": NaN,
        "Interest Expense Non Operating": 2677274000.0,
        "Interest Income Non Operating": 24859312000.0,
        "Operating Income": 407089168000.0,
        "Operating Expense": 86305908000.0,
        "Other Operating Expenses": 1119852000.0,
        "Research And Development": 56547493000.0,
        "Selling General And Administration": 28638563000.0,
        "Selling And Marketing Expense": 3754815000.0,
        "General And Administrative Expense": 24883748000.0,
        "Other Gand A": 24883748000.0,
        "Gross Profit": 493395076000.0,
        "Cost Of Revenue": 345858588000.0,
        "Total Revenue": 839253664000.0,
        "Operating Revenue": 714028927000.0
    },
    "2025-06-30": {
        "Tax Effect Of Unusual Items": 0.0,
        "Tax Rate For Calcs": 0.193783,
        "Normalized EBITDA": 463423000000.0,
        "Total Unusual Items": 6328647000.0,
        "Total Unusual Items Excluding Goodwill": 6328647000.0,
        "Net Income From Continuing Operation Net Minority Interest": 398273102000.0,
        "Reconciled Depreciation": NaN,
        "Reconciled Cost Of Revenue": 386422631000.0,
        "EBITDA": 684784211000.0,
        "EBIT": 496726299000.0,
        "Net Interest Income": NaN,
        "Interest Expense": NaN,
        "Interest Income": NaN,
        "Normalized Income": 398273000000.0,
        "Net Income From Continuing And Discontinued Operation": 398273000000.0,
        "Total Expenses": 386423000000.0,
        "Total Operating Income As Reported": 463423638000.0,
        "Diluted Average Shares": 5185775400.0,
        "Basic Average Shares": 5185651000.0,
        "Diluted EPS": 76.8,
        "Basic EPS": 76.8,
        "Diluted NI Availto Com Stockholders": 398273000000.0,
        "Net Income Common Stockholders": 398273102000.0,
        "Net Income": 398273102000.0,
        "Minority Interests": 779678000.0,
        "Net Income Including Noncontrolling Interests": 397493424000.0,
        "Net Income Continuous Operations": 397493424000.0,
        "Tax Provision": NaN,
        "Pretax Income": 493035204000.0,
        "Other Income Expense": 8093803000.0,
        "Other Non Operating Income Expenses": 544208000.0,
        "Special Income Charges": NaN,
        "Gain On Sale Of Business": NaN,
        "Earnings From Equity Interest": 1220948000.0,
        "Gain On Sale Of Security": 6328647000.0,
        "Net Non Operating Interest Income Expense": 21500903000.0,
        "Total Other Finance Cost": NaN,
        "Interest Expense Non Operating": 3691095000.0,
        "Interest Income Non Operating": NaN,
        "Operating Income": 463423000000.0,
        "Operating Expense": NaN,
        "Other Operating Expenses": -579599000.0,
        "Research And Development": NaN,
        "Selling General And Administration": 23228620000.0,
        "Selling And Marketing Expense": 4273247000.0,
        "General And Administrative Expense": NaN,
        "Other Gand A": 18955373000.0,
        "Gross Profit": 547369238000.0,
        "Cost Of Revenue": 386423000000.0,
        "Total Revenue": 933791869000.0,
        "Operating Revenue": 933792000000.0
    }
}