{
    "2023-03-31": {
        "Tax Effect Of Unusual Items": NaN,
        "Tax Rate For Calcs": NaN,
        "Normalized EBITDA": NaN,
        "Total Unusual Items": NaN,
        "Total Unusual Items Excluding Goodwill": NaN,
        "Net Income From Continuing Operation Net Minority Interest": NaN,
        "Reconciled Depreciation": NaN,
        "Reconciled Cost Of Revenue": NaN,
        "EBITDA": NaN,
        "EBIT": NaN,
        "Net Interest Income": NaN,
        "Interest Expense": NaN,
        "Interest Income": 2000.0,
        "Normalized Income": NaN,
        "Net Income From Continuing And Discontinued Operation": NaN,
        "Total Expenses": NaN,
        "Total Operating Income As Reported": NaN,
        "Diluted Average Shares": NaN,
        "Basic Average Shares": NaN,
        "Diluted EPS": NaN,
        "Basic EPS": NaN,
        "Diluted NI Availto Com Stockholders": NaN,
        "Net Income Common Stockholders": NaN,
        "Net Income": NaN,
        "Net Income Including Noncontrolling Interests": NaN,
        "Net Income Continuous Operations": NaN,
        "Pretax Income": NaN,
        "Other Income Expense": NaN,
        "Other Non Operating Income Expenses": NaN,
        "Special Income Charges": NaN,
        "Impairment Of Capital Assets": NaN,
        "Gain On Sale Of Security": NaN,
        "Net Non Operating Interest Income Expense": NaN,
        "Interest Expense Non Operating": NaN,
        "Interest Income Non Operating": 2000.0,
        "Operating Income": NaN,
        "Operating Expense": NaN,
        "Research And Development": NaN,
        "Selling General And Administration": NaN,
        "Gross Profit": NaN,
        "Cost Of Revenue": NaN,
        "Total Revenue": NaN,
        "Operating Revenue": NaN
    },
    "2022-12-31": {
        "Tax Effect Of Unusual Items": NaN,
        "Tax Rate For Calcs": NaN,
        "Normalized EBITDA": NaN,
        "Total Unusual Items": NaN,
        "Total Unusual Items Excluding Goodwill": NaN,
        "Net Income From Continuing Operation Net Minority Interest": NaN,
        "Reconciled Depreciation": NaN,
        "Reconciled Cost Of Revenue": NaN,
        "EBITDA": NaN,
        "EBIT": NaN,
        "Net Interest Income": NaN,
        "Interest Expense": NaN,
        "Interest Income": 2000.0,
        "Normalized Income": NaN,
        "Net Income From Continuing And Discontinued Operation": NaN,
        "Total Expenses": NaN,
        "Total Operating Income As Reported": NaN,
        "Diluted Average Shares": NaN,
        "Basic Average Shares": NaN,
        "Diluted EPS": NaN,
        "Basic EPS": NaN,
        "Diluted NI Availto Com Stockholders": NaN,
        "Net Income Common Stockholders": NaN,
        "Preferred Stock Dividends": 0.0,
        "Net Income": NaN,
        "Net Income Including Noncontrolling Interests": NaN,
        "Net Income Continuous Operations": NaN,
        "Pretax Income": NaN,
        "Other Income Expense": NaN,
        "Other Non Operating Income Expenses": NaN,
        "Special Income Charges": NaN,
        "Impairment Of Capital Assets": NaN,
        "Gain On Sale Of Security": NaN,
        "Net Non Operating Interest Income Expense": NaN,
        "Interest Expense Non Operating": NaN,
        "Interest Income Non Operating": 2000.0,
        "Operating Income": NaN,
        "Operating Expense": NaN,
        "Research And Development": NaN,
        "Selling General And Administration": NaN,
        "Gross Profit": NaN,
        "Cost Of Revenue": NaN,
        "Total Revenue": NaN,
        "Operating Revenue": NaN
    },
    "2022-09-30": {
        "Tax Effect Of Unusual Items": NaN,
        "Tax Rate For Calcs": NaN,
        "Normalized EBITDA": NaN,
        "Total Unusual Items": NaN,
        "Total Unusual Items Excluding Goodwill": NaN,
        "Net Income From Continuing Operation Net Minority Interest": NaN,
        "Reconciled Depreciation": NaN,
        "Reconciled Cost Of Revenue": NaN,
        "EBITDA": NaN,
        "EBIT": NaN,
        "Net Interest Income": NaN,
        "Interest Expense": NaN,
        "Interest Income": 1000.0,
        "Normalized Income": NaN,
        "Net Income From Continuing And Discontinued Operation": NaN,
        "Total Expenses": NaN,
        "Total Operating Income As Reported": NaN,
        "Diluted Average Shares": NaN,
        "Basic Average Shares": NaN,
        "Diluted EPS": NaN,
        "Basic EPS": NaN,
        "Diluted NI Availto Com Stockholders": NaN,
        "Net Income Common Stockholders": NaN,
        "Preferred Stock Dividends": 330000.0,
        "Net Income": NaN,
        "Net Income Including Noncontrolling Interests": NaN,
        "Net Income Continuous Operations": NaN,
        "Pretax Income": NaN,
        "Other Income Expense": NaN,
        "Other Non Operating Income Expenses": NaN,
        "Special Income Charges": 0.0,
        "Impairment Of Capital Assets": 0.0,
        "Gain On Sale Of Security": NaN,
        "Net Non Operating Interest Income Expense": NaN,
        "Interest Expense Non Operating": NaN,
        "Interest Income Non Operating": 1000.0,
        "Operating Income": NaN,
        "Operating Expense": NaN,
        "Research And Development": NaN,
        "Selling General And Administration": NaN,
        "Gross Profit": NaN,
        "Cost Of Revenue": NaN,
        "Total Revenue": NaN,
        "Operating Revenue": NaN
    },
    "2022-06-30": {
        "Tax Effect Of Unusual Items": 0.0,
        "Tax Rate For Calcs": 0.0,
        "Normalized EBITDA": -14468000.0,
        "Total Unusual Items": -1671000.0,
        "Total Unusual Items Excluding Goodwill": -1671000.0,
        "Net Income From Continuing Operation Net Minority Interest": -18034000.0,
        "Reconciled Depreciation": 549000.0,
        "Reconciled Cost Of Revenue": 5081000.0,
        "EBITDA": -16139000.0,
        "EBIT": -16688000.0,
        "Net Interest Income": -1344000.0,
        "Interest Expense": 1346000.0,
        "Interest Income": 2000.0,
        "Normalized Income": -16363000.0,
        "Net Income From Continuing And Discontinued Operation": -18034000.0,
        "Total Expenses": 20930000.0,
        "Total Operating Income As Reported": -15019000.0,
        "Diluted Average Shares": 3535763.0,
        "Basic Average Shares": 3535763.0,
        "Diluted EPS": -5.1,
        "Basic EPS": -5.1,
        "Diluted NI Availto Com Stockholders": -18034000.0,
        "Net Income Common Stockholders": -18034000.0,
        "Preferred Stock Dividends": NaN,
        "Net Income": -18034000.0,
        "Net Income Including Noncontrolling Interests": -18034000.0,
        "Net Income Continuous Operations": -18034000.0,
        "Pretax Income": -18034000.0,
        "Other Income Expense": -1671000.0,
        "Other Non Operating Income Expenses": NaN,
        "Gain On Sale Of Security": -1671000.0,
        "Net Non Operating Interest Income Expense": -1344000.0,
        "Interest Expense Non Operating": 1346000.0,
        "Interest Income Non Operating": 2000.0,
        "Operating Income": -15019000.0,
        "Operating Expense": 15849000.0,
        "Research And Development": 8025000.0,
        "Selling General And Administration": 7824000.0,
        "Gross Profit": 830000.0,
        "Cost Of Revenue": 5081000.0,
        "Total Revenue": 5911000.0,
        "Operating Revenue": 5911000.0
    },
    "2022-03-31": {
        "Diluted EPS": -4.86,
        "Total Revenue": 7,
        "Gross Profit": 1,
        "Operating Income": -15,
        "EBIT": -15,
        "Net Income": -16
    },
    "2021-12-31": {
        "Diluted EPS": -3.79,
        "Total Revenue": 7,
        "Gross Profit": 2,
        "Operating Income": -10,
        "EBIT": -10,
        "Net Income": -12
    },
    "2021-09-30": {
        "Diluted EPS": -4.21,
        "Total Revenue": 7,
        "Gross Profit": 3,
        "Operating Income": -12,
        "EBIT": -12,
        "Net Income": -14
    },
    "2021-06-30": {
        "Diluted EPS": -4.0,
        "Total Revenue": 7,
        "Gross Profit": 2,
        "Operating Income": -11,
        "EBIT": -10,
        "Net Income": -12
    },
    "2021-03-31": {
        "Diluted EPS": -3.5,
        "Total Revenue": 7,
        "Gross Profit": 1,
        "Operating Income": -10,
        "EBIT": -9,
        "Net Income": -11
    },
    "2020-12-31": {
        "Diluted EPS": 0.0,
        "Total Revenue": 8,
        "Gross Profit": 0,
        "Operating Income": -8,
        "EBIT": -8,
        "Net Income": -10
    },
    "2020-09-30": {
        "Diluted EPS": -4.0,
        "Total Revenue": 5,
        "Gross Profit": -2,
        "Operating Income": -11,
        "EBIT": -10,
        "Net Income": -11
    },
    "2020-06-30": {
        "Diluted EPS": -4.5,
        "Total Revenue": 3,
        "Gross Profit": 0,
        "Operating Income": -9,
        "EBIT": -8,
        "Net Income": -11
    },
    "2020-03-31": {
        "Diluted EPS": -11.0,
        "Total Revenue": 3,
        "Gross Profit": -2,
        "Operating Income": -14,
        "EBIT": -13,
        "Net Income": -15
    },
    "2019-12-31": {
        "Diluted EPS": -15.0,
        "Total Revenue": 3,
        "Gross Profit": -1,
        "Operating Income": -12,
        "EBIT": -11,
        "Net Income": -14
    },
    "2019-09-30": {
        "Diluted EPS": -15.5,
        "Total Revenue": 2,
        "Gross Profit": -2,
        "Operating Income": -12,
        "EBIT": -11,
        "Net Income": -14
    },
    "2019-06-30": {
        "Diluted EPS": -17.5,
        "Total Revenue": 2,
        "Gross Profit": -3,
        "Operating Income": -14,
        "EBIT": -14,
        "Net Income": -16
    },
    "2019-03-31": {
        "Diluted EPS": -17.0,
        "Total Revenue": 2,
        "Gross Profit": -3,
        "Operating Income": -14,
        "EBIT": -13,
        "Net Income": -15
    },
    "2018-12-31": {
        "Diluted EPS": -16.5,
        "Total Revenue": 2,
        "Gross Profit": -4,
        "Operating Income": -14,
        "EBIT": -13,
        "Net Income": -15
    },
    "2018-09-30": {
        "Diluted EPS": -12.5,
        "Total Revenue": 2,
        "Gross Profit": -1,
        "Operating Income": -9,
        "EBIT": -9,
        "Net Income": -11
    },
    "2018-06-30": {
        "Diluted EPS": -16.0,
        "Total Revenue": 4,
        "Gross Profit": 0,
        "Operating Income": -11,
        "EBIT": -10,
        "Net Income": -12
    },
    "2018-03-31": {
        "Diluted EPS": -18.0,
        "Total Revenue": 2,
        "Gross Profit": -1,
        "Operating Income": -11,
        "EBIT": -11,
        "Net Income": -13
    },
    "2017-12-31": {
        "Diluted EPS": -25.5,
        "Total Revenue": 2,
        "Gross Profit": -5,
        "Operating Income": -14,
        "EBIT": -14,
        "Net Income": -18
    },
    "2017-09-30": {
        "Diluted EPS": -22.5,
        "Total Revenue": 1,
        "Gross Profit": -1,
        "Operating Income": -12,
        "EBIT": -12,
        "Net Income": -14
    },
    "2017-06-30": {
        "Diluted EPS": -25.0,
        "Total Revenue": 1,
        "Gross Profit": -1,
        "Operating Income": -14,
        "EBIT": -13,
        "Net Income": -15
    },
    "2017-03-31": {
        "Diluted EPS": -24.0,
        "Total Revenue": 1,
        "Gross Profit": -1,
        "Operating Income": -13,
        "EBIT": -12,
        "Net Income": -15
    },
    "2016-12-31": {
        "Diluted EPS": -23.5,
        "Total Revenue": 1,
        "Gross Profit": -1,
        "Operating Income": -13,
        "EBIT": -12,
        "Net Income": -15
    },
    "2016-09-30": {
        "Diluted EPS": -25.5,
        "Total Revenue": 1,
        "Gross Profit": -1,
        "Operating Income": -12,
        "EBIT": -11,
        "Net Income": -13
    },
    "2016-06-30": {
        "Diluted EPS": -29.0,
        "Total Revenue": 1,
        "Gross Profit": -1,
        "Operating Income": -13,
        "EBIT": -13,
        "Net Income": -14
    },
    "2016-03-31": {
        "Diluted EPS": -27.5,
        "Total Revenue": 1,
        "Gross Profit": 0,
        "Operating Income": -13,
        "EBIT": -12,
        "Net Income": -13
    },
    "2015-12-31": {
        "Diluted EPS": -28.5,
        "Total Revenue": 1,
        "Gross Profit": 0,
        "Operating Income": -12,
        "EBIT": -11,
        "Net Income": -12
    },
    "2015-09-30": {
        "Diluted EPS": -28.5,
        "Total Revenue": 1,
        "Gross Profit": 0,
        "Operating Income": -11,
        "EBIT": -11,
        "Net Income": -12
    },
    "2015-06-30": {
        "Diluted EPS": -27.0,
        "Total Revenue": 1,
        "Gross Profit": 1,
        "Operating Income": -11,
        "EBIT": -10,
        "Net Income": -11
    },
    "2015-03-31": {
        "Diluted EPS": -26.5,
        "Total Revenue": 0,
        "Gross Profit": 0,
        "Operating Income": -10,
        "EBIT": -10,
        "Net Income": -11
    },
    "2014-12-31": {
        "Diluted EPS": 458.0,
        "Total Revenue": NaN,
        "Gross Profit": NaN,
        "Operating Income": -9,
        "EBIT": -9,
        "Net Income": -9
    },
    "2014-09-30": {
        "Diluted EPS": -35.5,
        "Total Revenue": NaN,
        "Gross Profit": NaN,
        "Operating Income": -8,
        "EBIT": -8,
        "Net Income": -9
    },
    "2014-06-30": {
        "Diluted EPS": -317.5,
        "Total Revenue": NaN,
        "Gross Profit": NaN,
        "Operating Income": -7,
        "EBIT": -7,
        "Net Income": -9
    },
    "2014-03-31": {
        "Diluted EPS": -312.5,
        "Total Revenue": NaN,
        "Gross Profit": NaN,
        "Operating Income": -7,
        "EBIT": -7,
        "Net Income": -9
    },
    "2013-12-31": {
        "Diluted EPS": -294.5,
        "Total Revenue": 0,
        "Gross Profit": 0,
        "Operating Income": -6,
        "EBIT": -6,
        "Net Income": -6
    },
    "2013-09-30": {
        "Diluted EPS": -234.5,
        "Total Revenue": 0,
        "Gross Profit": 0,
        "Operating Income": -5,
        "EBIT": -4,
        "Net Income": -7
    },
    "2013-06-30": {
        "Diluted EPS": -247.5,
        "Total Revenue": 0,
        "Gross Profit": 0,
        "Operating Income": -5,
        "EBIT": -5,
        "Net Income": -7
    },
    "2013-03-31": {
        "Diluted EPS": -208.5,
        "Total Revenue": NaN,
        "Gross Profit": NaN,
        "Operating Income": -5,
        "EBIT": -4,
        "Net Income": -6
    },
    "2012-12-31": {
        "Diluted EPS": 0.0,
        "Total Revenue": NaN,
        "Gross Profit": NaN,
        "Operating Income": NaN,
        "EBIT": NaN,
        "Net Income": NaN
    },
    "2023-06-30": {
        "Tax Effect Of Unusual Items": NaN,
        "Tax Rate For Calcs": NaN,
        "Normalized EBITDA": NaN,
        "Total Unusual Items": NaN,
        "Total Unusual Items Excluding Goodwill": NaN,
        "Net Income From Continuing Operation Net Minority Interest": NaN,
        "Reconciled Depreciation": NaN,
        "Reconciled Cost Of Revenue": NaN,
        "EBITDA": NaN,
        "EBIT": NaN,
        "Net Interest Income": NaN,
        "Interest Expense": NaN,
        "Interest Income": 2000.0,
        "Normalized Income": NaN,
        "Net Income From Continuing And Discontinued Operation": NaN,
        "Total Expenses": NaN,
        "Total Operating Income As Reported": NaN,
        "Diluted Average Shares": 809168.0,
        "Basic Average Shares": 809168.0,
        "Diluted EPS": -7.84,
        "Basic EPS": -7.84,
        "Diluted NI Availto Com Stockholders": NaN,
        "Net Income Common Stockholders": NaN,
        "Net Income": NaN,
        "Net Income Including Noncontrolling Interests": NaN,
        "Net Income Continuous Operations": NaN,
        "Pretax Income": NaN,
        "Other Income Expense": NaN,
        "Other Non Operating Income Expenses": NaN,
        "Special Income Charges": NaN,
        "Impairment Of Capital Assets": NaN,
        "Gain On Sale Of Security": NaN,
        "Net Non Operating Interest Income Expense": NaN,
        "Interest Expense Non Operating": NaN,
        "Interest Income Non Operating": 2000.0,
        "Operating Income": NaN,
        "Operating Expense": NaN,
        "Research And Development": NaN,
        "Selling General And Administration": NaN,
        "Gross Profit": NaN,
        "Cost Of Revenue": NaN,
        "Total Revenue": NaN,
        "Operating Revenue": NaN
    },
    "2023-09-30": {
        "Tax Effect Of Unusual Items": 0.0,
        "Tax Rate For Calcs": 0.0,
        "Normalized EBITDA": -10787000.0,
        "Total Unusual Items": -3257000.0,
        "Total Unusual Items Excluding Goodwill": -3257000.0,
        "Net Income From Continuing Operation Net Minority Interest": -15425000.0,
        "Reconciled Depreciation": 262000.0,
        "Reconciled Cost Of Revenue": 3925000.0,
        "EBITDA": -14044000.0,
        "EBIT": -14306000.0,
        "Net Interest Income": -1119000.0,
        "Interest Expense": 1119000.0,
        "Interest Income": NaN,
        "Normalized Income": -12168000.0,
        "Net Income From Continuing And Discontinued Operation": -15425000.0,
        "Total Expenses": 12568000.0,
        "Total Operating Income As Reported": -13607000.0,
        "Diluted Average Shares": 4477321.0,
        "Basic Average Shares": 4477321.0,
        "Diluted EPS": -3.45,
        "Basic EPS": -3.45,
        "Diluted NI Availto Com Stockholders": -15425000.0,
        "Net Income Common Stockholders": -15425000.0,
        "Net Income": -15425000.0,
        "Net Income Including Noncontrolling Interests": -15425000.0,
        "Net Income Continuous Operations": -15425000.0,
        "Pretax Income": -15425000.0,
        "Other Income Expense": -3210000.0,
        "Other Non Operating Income Expenses": 47000.0,
        "Special Income Charges": -2511000.0,
        "Impairment Of Capital Assets": 2511000.0,
        "Gain On Sale Of Security": -746000.0,
        "Net Non Operating Interest Income Expense": -1119000.0,
        "Interest Expense Non Operating": 1119000.0,
        "Interest Income Non Operating": NaN,
        "Operating Income": -11096000.0,
        "Operating Expense": 8643000.0,
        "Research And Development": 2663000.0,
        "Selling General And Administration": 5980000.0,
        "Gross Profit": -2453000.0,
        "Cost Of Revenue": 3925000.0,
        "Total Revenue": 1472000.0,
        "Operating Revenue": 1472000.0
    },
    "2023-12-31": {
        "Tax Effect Of Unusual Items": 0.0,
        "Tax Rate For Calcs": 0.0,
        "Normalized EBITDA": -9136000.0,
        "Total Unusual Items": 31000.0,
        "Total Unusual Items Excluding Goodwill": 31000.0,
        "Net Income From Continuing Operation Net Minority Interest": -10340000.0,
        "Reconciled Depreciation": 74000.0,
        "Reconciled Cost Of Revenue": 2574000.0,
        "EBITDA": -9105000.0,
        "EBIT": -9179000.0,
        "Net Interest Income": -1161000.0,
        "Interest Expense": 1161000.0,
        "Interest Income": NaN,
        "Normalized Income": -10371000.0,
        "Net Income From Continuing And Discontinued Operation": -10340000.0,
        "Total Expenses": 10998000.0,
        "Total Operating Income As Reported": -9319000.0,
        "Diluted Average Shares": NaN,
        "Basic Average Shares": NaN,
        "Diluted EPS": NaN,
        "Basic EPS": NaN,
        "Diluted NI Availto Com Stockholders": -10340000.0,
        "Net Income Common Stockholders": -10340000.0,
        "Net Income": -10340000.0,
        "Net Income Including Noncontrolling Interests": -10340000.0,
        "Net Income Continuous Operations": -10340000.0,
        "Pretax Income": -10340000.0,
        "Other Income Expense": 140000.0,
        "Other Non Operating Income Expenses": 109000.0,
        "Special Income Charges": 0.0,
        "Impairment Of Capital Assets": 0.0,
        "Gain On Sale Of Security": 31000.0,
        "Net Non Operating Interest Income Expense": -1161000.0,
        "Interest Expense Non Operating": 1161000.0,
        "Interest Income Non Operating": NaN,
        "Operating Income": -9319000.0,
        "Operating Expense": 8424000.0,
        "Research And Development": 3169000.0,
        "Selling General And Administration": 5255000.0,
        "Gross Profit": -895000.0,
        "Cost Of Revenue": 2574000.0,
        "Total Revenue": 1679000.0,
        "Operating Revenue": 1679000.0
    },
    "2024-03-31": {
        "Tax Effect Of Unusual Items": 0.0,
        "Tax Rate For Calcs": 0.0,
        "Normalized EBITDA": -12211000.0,
        "Total Unusual Items": -80000.0,
        "Total Unusual Items Excluding Goodwill": -80000.0,
        "Net Income From Continuing Operation Net Minority Interest": -13534000.0,
        "Reconciled Depreciation": 64000.0,
        "Reconciled Cost Of Revenue": 4202000.0,
        "EBITDA": -12291000.0,
        "EBIT": -12355000.0,
        "Net Interest Income": -1179000.0,
        "Interest Expense": 1179000.0,
        "Interest Income": NaN,
        "Normalized Income": -13454000.0,
        "Net Income From Continuing And Discontinued Operation": -13534000.0,
        "Total Expenses": 14661000.0,
        "Total Operating Income As Reported": -12600000.0,
        "Diluted Average Shares": 5094809.0,
        "Basic Average Shares": 5094809.0,
        "Diluted EPS": -2.66,
        "Basic EPS": -2.66,
        "Diluted NI Availto Com Stockholders": -13534000.0,
        "Net Income Common Stockholders": -13534000.0,
        "Net Income": -13534000.0,
        "Net Income Including Noncontrolling Interests": -13534000.0,
        "Net Income Continuous Operations": -13534000.0,
        "Pretax Income": -13534000.0,
        "Other Income Expense": 245000.0,
        "Other Non Operating Income Expenses": 325000.0,
        "Special Income Charges": NaN,
        "Impairment Of Capital Assets": NaN,
        "Gain On Sale Of Security": -80000.0,
        "Net Non Operating Interest Income Expense": -1179000.0,
        "Interest Expense Non Operating": 1179000.0,
        "Interest Income Non Operating": NaN,
        "Operating Income": -12600000.0,
        "Operating Expense": 10459000.0,
        "Research And Development": 3721000.0,
        "Selling General And Administration": 6738000.0,
        "Gross Profit": -2141000.0,
        "Cost Of Revenue": 4202000.0,
        "Total Revenue": 2061000.0,
        "Operating Revenue": 2061000.0
    },
    "2024-06-30": {
        "Tax Effect Of Unusual Items": 0.0,
        "Tax Rate For Calcs": 0.0,
        "Normalized EBITDA": -9481000.0,
        "Total Unusual Items": 1058000.0,
        "Total Unusual Items Excluding Goodwill": 1058000.0,
        "Net Income From Continuing Operation Net Minority Interest": -8963000.0,
        "Reconciled Depreciation": 62000.0,
        "Reconciled Cost Of Revenue": 2693000.0,
        "EBITDA": -8423000.0,
        "EBIT": -8485000.0,
        "Net Interest Income": -478000.0,
        "Interest Expense": 478000.0,
        "Interest Income": NaN,
        "Normalized Income": -10021000.0,
        "Net Income From Continuing And Discontinued Operation": -8963000.0,
        "Total Expenses": 11527000.0,
        "Total Operating Income As Reported": -9575000.0,
        "Diluted Average Shares": 14095348.0,
        "Basic Average Shares": 14095348.0,
        "Diluted EPS": -0.64,
        "Basic EPS": -0.64,
        "Diluted NI Availto Com Stockholders": -8963000.0,
        "Net Income Common Stockholders": -8963000.0,
        "Net Income": -8963000.0,
        "Net Income Including Noncontrolling Interests": -8963000.0,
        "Net Income Continuous Operations": -8963000.0,
        "Pretax Income": -8963000.0,
        "Other Income Expense": 1090000.0,
        "Other Non Operating Income Expenses": 32000.0,
        "Special Income Charges": NaN,
        "Impairment Of Capital Assets": NaN,
        "Gain On Sale Of Security": 1058000.0,
        "Net Non Operating Interest Income Expense": -478000.0,
        "Interest Expense Non Operating": 478000.0,
        "Interest Income Non Operating": NaN,
        "Operating Income": -9575000.0,
        "Operating Expense": 8834000.0,
        "Research And Development": 3361000.0,
        "Selling General And Administration": 5473000.0,
        "Gross Profit": -741000.0,
        "Cost Of Revenue": 2693000.0,
        "Total Revenue": 1952000.0,
        "Operating Revenue": 1952000.0
    },
    "2024-09-30": {
        "Tax Effect Of Unusual Items": 0.0,
        "Tax Rate For Calcs": 0.0,
        "Normalized EBITDA": -10086000.0,
        "Total Unusual Items": 398000.0,
        "Total Unusual Items Excluding Goodwill": 398000.0,
        "Net Income From Continuing Operation Net Minority Interest": -10117000.0,
        "Reconciled Depreciation": 59000.0,
        "Reconciled Cost Of Revenue": 4101000.0,
        "EBITDA": -9688000.0,
        "EBIT": -9747000.0,
        "Net Interest Income": -370000.0,
        "Interest Expense": 370000.0,
        "Interest Income": NaN,
        "Normalized Income": -10515000.0,
        "Net Income From Continuing And Discontinued Operation": -10117000.0,
        "Total Expenses": 12146000.0,
        "Total Operating Income As Reported": -10161000.0,
        "Diluted Average Shares": 17892606.0,
        "Basic Average Shares": 17892606.0,
        "Diluted EPS": -0.57,
        "Basic EPS": -0.57,
        "Diluted NI Availto Com Stockholders": -10117000.0,
        "Net Income Common Stockholders": -10117000.0,
        "Net Income": -10117000.0,
        "Net Income Including Noncontrolling Interests": -10117000.0,
        "Net Income Continuous Operations": -10117000.0,
        "Pretax Income": -10117000.0,
        "Other Income Expense": 414000.0,
        "Other Non Operating Income Expenses": 16000.0,
        "Special Income Charges": 0.0,
        "Impairment Of Capital Assets": 0.0,
        "Gain On Sale Of Security": 398000.0,
        "Net Non Operating Interest Income Expense": -370000.0,
        "Interest Expense Non Operating": 370000.0,
        "Interest Income Non Operating": NaN,
        "Operating Income": -10161000.0,
        "Operating Expense": 8045000.0,
        "Research And Development": 2667000.0,
        "Selling General And Administration": 5378000.0,
        "Gross Profit": -2116000.0,
        "Cost Of Revenue": 4101000.0,
        "Total Revenue": 1985000.0,
        "Operating Revenue": 1985000.0
    }
}