{
    "2023-03-31": {
        "Tax Effect Of Unusual Items": NaN,
        "Tax Rate For Calcs": NaN,
        "Normalized EBITDA": NaN,
        "Total Unusual Items": NaN,
        "Total Unusual Items Excluding Goodwill": NaN,
        "Net Income From Continuing Operation Net Minority Interest": NaN,
        "Reconciled Depreciation": NaN,
        "Reconciled Cost Of Revenue": NaN,
        "EBITDA": NaN,
        "EBIT": NaN,
        "Net Interest Income": NaN,
        "Interest Expense": NaN,
        "Interest Income": NaN,
        "Normalized Income": NaN,
        "Net Income From Continuing And Discontinued Operation": NaN,
        "Total Expenses": NaN,
        "Total Operating Income As Reported": NaN,
        "Diluted Average Shares": 1440000000.0,
        "Basic Average Shares": 1439000000.0,
        "Diluted EPS": 0.15,
        "Basic EPS": 0.15,
        "Diluted NI Availto Com Stockholders": NaN,
        "Net Income Common Stockholders": NaN,
        "Net Income": NaN,
        "Minority Interests": NaN,
        "Net Income Including Noncontrolling Interests": NaN,
        "Net Income Continuous Operations": NaN,
        "Tax Provision": NaN,
        "Pretax Income": NaN,
        "Other Income Expense": NaN,
        "Other Non Operating Income Expenses": NaN,
        "Special Income Charges": NaN,
        "Restructuring And Mergern Acquisition": NaN,
        "Gain On Sale Of Security": NaN,
        "Net Non Operating Interest Income Expense": NaN,
        "Interest Expense Non Operating": NaN,
        "Interest Income Non Operating": NaN,
        "Operating Income": NaN,
        "Operating Expense": NaN,
        "Other Operating Expenses": NaN,
        "Depreciation Amortization Depletion Income Statement": NaN,
        "Depreciation And Amortization In Income Statement": NaN,
        "Amortization": NaN,
        "Amortization Of Intangibles Income Statement": NaN,
        "Depreciation Income Statement": NaN,
        "Selling General And Administration": NaN,
        "General And Administrative Expense": NaN,
        "Salaries And Wages": NaN,
        "Gross Profit": NaN,
        "Cost Of Revenue": NaN,
        "Total Revenue": NaN,
        "Operating Revenue": NaN
    },
    "2022-12-31": {
        "Tax Effect Of Unusual Items": NaN,
        "Tax Rate For Calcs": NaN,
        "Normalized EBITDA": NaN,
        "Total Unusual Items": NaN,
        "Total Unusual Items Excluding Goodwill": NaN,
        "Net Income From Continuing Operation Net Minority Interest": NaN,
        "Reconciled Depreciation": NaN,
        "Reconciled Cost Of Revenue": NaN,
        "EBITDA": NaN,
        "EBIT": NaN,
        "Net Interest Income": NaN,
        "Interest Expense": NaN,
        "Interest Income": NaN,
        "Normalized Income": NaN,
        "Net Income From Continuing And Discontinued Operation": NaN,
        "Total Expenses": NaN,
        "Total Operating Income As Reported": NaN,
        "Diluted Average Shares": NaN,
        "Basic Average Shares": NaN,
        "Diluted EPS": NaN,
        "Basic EPS": NaN,
        "Diluted NI Availto Com Stockholders": NaN,
        "Net Income Common Stockholders": NaN,
        "Net Income": NaN,
        "Minority Interests": NaN,
        "Net Income Including Noncontrolling Interests": NaN,
        "Net Income Continuous Operations": NaN,
        "Tax Provision": NaN,
        "Pretax Income": NaN,
        "Other Income Expense": NaN,
        "Other Non Operating Income Expenses": NaN,
        "Special Income Charges": NaN,
        "Restructuring And Mergern Acquisition": NaN,
        "Gain On Sale Of Security": NaN,
        "Net Non Operating Interest Income Expense": NaN,
        "Interest Expense Non Operating": NaN,
        "Interest Income Non Operating": NaN,
        "Operating Income": NaN,
        "Operating Expense": NaN,
        "Other Operating Expenses": -3000000.0,
        "Depreciation Amortization Depletion Income Statement": NaN,
        "Depreciation And Amortization In Income Statement": NaN,
        "Amortization": NaN,
        "Amortization Of Intangibles Income Statement": NaN,
        "Depreciation Income Statement": NaN,
        "Selling General And Administration": NaN,
        "General And Administrative Expense": NaN,
        "Salaries And Wages": NaN,
        "Gross Profit": NaN,
        "Cost Of Revenue": NaN,
        "Total Revenue": NaN,
        "Operating Revenue": NaN
    },
    "2022-09-30": {
        "Tax Effect Of Unusual Items": NaN,
        "Tax Rate For Calcs": NaN,
        "Normalized EBITDA": NaN,
        "Total Unusual Items": NaN,
        "Total Unusual Items Excluding Goodwill": NaN,
        "Net Income From Continuing Operation Net Minority Interest": NaN,
        "Reconciled Depreciation": NaN,
        "Reconciled Cost Of Revenue": NaN,
        "EBITDA": NaN,
        "EBIT": NaN,
        "Net Interest Income": NaN,
        "Interest Expense": NaN,
        "Interest Income": NaN,
        "Normalized Income": NaN,
        "Net Income From Continuing And Discontinued Operation": NaN,
        "Total Expenses": NaN,
        "Total Operating Income As Reported": NaN,
        "Diluted Average Shares": 1405000000.0,
        "Basic Average Shares": 1398000000.0,
        "Diluted EPS": 0.37,
        "Basic EPS": 0.37,
        "Diluted NI Availto Com Stockholders": NaN,
        "Net Income Common Stockholders": NaN,
        "Net Income": NaN,
        "Minority Interests": NaN,
        "Net Income Including Noncontrolling Interests": NaN,
        "Net Income Continuous Operations": NaN,
        "Tax Provision": NaN,
        "Pretax Income": NaN,
        "Other Income Expense": NaN,
        "Other Non Operating Income Expenses": NaN,
        "Special Income Charges": NaN,
        "Restructuring And Mergern Acquisition": NaN,
        "Gain On Sale Of Security": NaN,
        "Net Non Operating Interest Income Expense": NaN,
        "Interest Expense Non Operating": NaN,
        "Interest Income Non Operating": NaN,
        "Operating Income": NaN,
        "Operating Expense": NaN,
        "Other Operating Expenses": NaN,
        "Depreciation Amortization Depletion Income Statement": NaN,
        "Depreciation And Amortization In Income Statement": NaN,
        "Amortization": NaN,
        "Amortization Of Intangibles Income Statement": NaN,
        "Depreciation Income Statement": NaN,
        "Selling General And Administration": NaN,
        "General And Administrative Expense": NaN,
        "Salaries And Wages": NaN,
        "Gross Profit": NaN,
        "Cost Of Revenue": NaN,
        "Total Revenue": NaN,
        "Operating Revenue": NaN
    },
    "2022-06-30": {
        "Tax Effect Of Unusual Items": 30750000.0,
        "Tax Rate For Calcs": 0.25,
        "Normalized EBITDA": 1567000000.0,
        "Total Unusual Items": 123000000.0,
        "Total Unusual Items Excluding Goodwill": 123000000.0,
        "Net Income From Continuing Operation Net Minority Interest": 468000000.0,
        "Reconciled Depreciation": 831000000.0,
        "Reconciled Cost Of Revenue": 1637000000.0,
        "EBITDA": 1690000000.0,
        "EBIT": 859000000.0,
        "Net Interest Income": -194000000.0,
        "Interest Expense": 194000000.0,
        "Interest Income": 0.0,
        "Normalized Income": 375750000.0,
        "Net Income From Continuing And Discontinued Operation": 468000000.0,
        "Total Expenses": 3639000000.0,
        "Total Operating Income As Reported": 762000000.0,
        "Diluted Average Shares": 1387000000.0,
        "Basic Average Shares": 1381000000.0,
        "Diluted EPS": 0.34,
        "Basic EPS": 0.34,
        "Diluted NI Availto Com Stockholders": 468000000.0,
        "Net Income Common Stockholders": 468000000.0,
        "Net Income": 468000000.0,
        "Minority Interests": -30000000.0,
        "Net Income Including Noncontrolling Interests": 498000000.0,
        "Net Income Continuous Operations": 498000000.0,
        "Tax Provision": 167000000.0,
        "Pretax Income": 665000000.0,
        "Other Income Expense": 125000000.0,
        "Other Non Operating Income Expenses": 2000000.0,
        "Special Income Charges": 23000000.0,
        "Restructuring And Mergern Acquisition": -23000000.0,
        "Gain On Sale Of Security": 100000000.0,
        "Net Non Operating Interest Income Expense": -194000000.0,
        "Interest Expense Non Operating": 194000000.0,
        "Interest Income Non Operating": 0.0,
        "Operating Income": 734000000.0,
        "Operating Expense": 2002000000.0,
        "Other Operating Expenses": NaN,
        "Depreciation Amortization Depletion Income Statement": 831000000.0,
        "Depreciation And Amortization In Income Statement": 831000000.0,
        "Amortization": 295000000.0,
        "Amortization Of Intangibles Income Statement": 295000000.0,
        "Depreciation Income Statement": 536000000.0,
        "Selling General And Administration": 1171000000.0,
        "General And Administrative Expense": 1171000000.0,
        "Salaries And Wages": 1171000000.0,
        "Gross Profit": 2736000000.0,
        "Cost Of Revenue": 1637000000.0,
        "Total Revenue": 4373000000.0,
        "Operating Revenue": 4373000000.0
    },
    "2023-06-30": {
        "Tax Effect Of Unusual Items": NaN,
        "Tax Rate For Calcs": NaN,
        "Normalized EBITDA": NaN,
        "Total Unusual Items": NaN,
        "Total Unusual Items Excluding Goodwill": NaN,
        "Net Income From Continuing Operation Net Minority Interest": NaN,
        "Reconciled Depreciation": NaN,
        "Reconciled Cost Of Revenue": NaN,
        "EBITDA": NaN,
        "EBIT": NaN,
        "Net Interest Income": NaN,
        "Interest Expense": NaN,
        "Interest Income": NaN,
        "Normalized Income": NaN,
        "Net Income From Continuing And Discontinued Operation": NaN,
        "Total Expenses": NaN,
        "Total Operating Income As Reported": NaN,
        "Diluted Average Shares": 1452000000.0,
        "Basic Average Shares": 1447000000.0,
        "Diluted EPS": 0.14,
        "Basic EPS": 0.14,
        "Diluted NI Availto Com Stockholders": NaN,
        "Net Income Common Stockholders": NaN,
        "Net Income": NaN,
        "Minority Interests": NaN,
        "Net Income Including Noncontrolling Interests": NaN,
        "Net Income Continuous Operations": NaN,
        "Tax Provision": NaN,
        "Pretax Income": NaN,
        "Other Income Expense": NaN,
        "Other Non Operating Income Expenses": NaN,
        "Special Income Charges": NaN,
        "Restructuring And Mergern Acquisition": NaN,
        "Gain On Sale Of Security": NaN,
        "Net Non Operating Interest Income Expense": NaN,
        "Interest Expense Non Operating": NaN,
        "Interest Income Non Operating": NaN,
        "Operating Income": NaN,
        "Operating Expense": NaN,
        "Other Operating Expenses": NaN,
        "Depreciation Amortization Depletion Income Statement": NaN,
        "Depreciation And Amortization In Income Statement": NaN,
        "Amortization": NaN,
        "Amortization Of Intangibles Income Statement": NaN,
        "Depreciation Income Statement": NaN,
        "Selling General And Administration": NaN,
        "General And Administrative Expense": NaN,
        "Salaries And Wages": NaN,
        "Gross Profit": NaN,
        "Cost Of Revenue": NaN,
        "Total Revenue": NaN,
        "Operating Revenue": NaN
    },
    "2023-09-30": {
        "Tax Effect Of Unusual Items": NaN,
        "Tax Rate For Calcs": NaN,
        "Normalized EBITDA": NaN,
        "Total Unusual Items": NaN,
        "Total Unusual Items Excluding Goodwill": NaN,
        "Net Income From Continuing Operation Net Minority Interest": NaN,
        "Reconciled Depreciation": NaN,
        "Reconciled Cost Of Revenue": NaN,
        "EBITDA": NaN,
        "EBIT": NaN,
        "Net Interest Income": NaN,
        "Interest Expense": NaN,
        "Interest Income": NaN,
        "Normalized Income": NaN,
        "Net Income From Continuing And Discontinued Operation": NaN,
        "Total Expenses": NaN,
        "Total Operating Income As Reported": NaN,
        "Diluted Average Shares": 1459000000.0,
        "Basic Average Shares": 1454000000.0,
        "Diluted EPS": 0.09,
        "Basic EPS": 0.09,
        "Diluted NI Availto Com Stockholders": NaN,
        "Net Income Common Stockholders": NaN,
        "Net Income": NaN,
        "Minority Interests": NaN,
        "Net Income Including Noncontrolling Interests": NaN,
        "Net Income Continuous Operations": NaN,
        "Tax Provision": NaN,
        "Pretax Income": NaN,
        "Other Income Expense": NaN,
        "Other Non Operating Income Expenses": NaN,
        "Special Income Charges": NaN,
        "Restructuring And Mergern Acquisition": NaN,
        "Earnings From Equity Interest": NaN,
        "Gain On Sale Of Security": NaN,
        "Net Non Operating Interest Income Expense": NaN,
        "Interest Expense Non Operating": NaN,
        "Interest Income Non Operating": NaN,
        "Operating Income": NaN,
        "Operating Expense": NaN,
        "Other Operating Expenses": NaN,
        "Depreciation Amortization Depletion Income Statement": NaN,
        "Depreciation And Amortization In Income Statement": NaN,
        "Amortization": NaN,
        "Amortization Of Intangibles Income Statement": NaN,
        "Depreciation Income Statement": NaN,
        "Selling General And Administration": NaN,
        "General And Administrative Expense": NaN,
        "Salaries And Wages": NaN,
        "Gross Profit": NaN,
        "Cost Of Revenue": NaN,
        "Total Revenue": NaN,
        "Operating Revenue": NaN
    },
    "2023-12-31": {
        "Tax Effect Of Unusual Items": 17129533.678756,
        "Tax Rate For Calcs": 0.196891,
        "Normalized EBITDA": 1700000000.0,
        "Total Unusual Items": 87000000.0,
        "Total Unusual Items Excluding Goodwill": 87000000.0,
        "Net Income From Continuing Operation Net Minority Interest": 288000000.0,
        "Reconciled Depreciation": 1041000000.0,
        "Reconciled Cost Of Revenue": 2086000000.0,
        "EBITDA": 1787000000.0,
        "EBIT": 746000000.0,
        "Net Interest Income": -347000000.0,
        "Interest Expense": 360000000.0,
        "Interest Income": 13000000.0,
        "Normalized Income": 218129533.678756,
        "Net Income From Continuing And Discontinued Operation": 288000000.0,
        "Total Expenses": 4511000000.0,
        "Total Operating Income As Reported": 664000000.0,
        "Diluted Average Shares": NaN,
        "Basic Average Shares": NaN,
        "Diluted EPS": NaN,
        "Basic EPS": NaN,
        "Diluted NI Availto Com Stockholders": 288000000.0,
        "Net Income Common Stockholders": 288000000.0,
        "Net Income": 288000000.0,
        "Minority Interests": -22000000.0,
        "Net Income Including Noncontrolling Interests": 310000000.0,
        "Net Income Continuous Operations": 310000000.0,
        "Tax Provision": 76000000.0,
        "Pretax Income": 386000000.0,
        "Other Income Expense": 88000000.0,
        "Other Non Operating Income Expenses": 1000000.0,
        "Special Income Charges": 26000000.0,
        "Restructuring And Mergern Acquisition": -26000000.0,
        "Gain On Sale Of Security": 61000000.0,
        "Net Non Operating Interest Income Expense": -347000000.0,
        "Interest Expense Non Operating": 360000000.0,
        "Interest Income Non Operating": 13000000.0,
        "Operating Income": 645000000.0,
        "Operating Expense": 2425000000.0,
        "Other Operating Expenses": -23000000.0,
        "Depreciation Amortization Depletion Income Statement": 1041000000.0,
        "Depreciation And Amortization In Income Statement": 1041000000.0,
        "Amortization": 376000000.0,
        "Amortization Of Intangibles Income Statement": 376000000.0,
        "Depreciation Income Statement": 665000000.0,
        "Selling General And Administration": 1407000000.0,
        "General And Administrative Expense": 1407000000.0,
        "Salaries And Wages": 1407000000.0,
        "Gross Profit": 3070000000.0,
        "Cost Of Revenue": 2086000000.0,
        "Total Revenue": 5156000000.0,
        "Operating Revenue": 5156000000.0
    },
    "2024-03-31": {
        "Tax Effect Of Unusual Items": NaN,
        "Tax Rate For Calcs": NaN,
        "Normalized EBITDA": NaN,
        "Total Unusual Items": NaN,
        "Total Unusual Items Excluding Goodwill": NaN,
        "Net Income From Continuing Operation Net Minority Interest": NaN,
        "Reconciled Depreciation": NaN,
        "Reconciled Cost Of Revenue": NaN,
        "EBITDA": NaN,
        "EBIT": NaN,
        "Net Interest Income": NaN,
        "Interest Expense": NaN,
        "Interest Income": NaN,
        "Normalized Income": NaN,
        "Net Income From Continuing And Discontinued Operation": NaN,
        "Total Expenses": NaN,
        "Total Operating Income As Reported": NaN,
        "Diluted Average Shares": 1478000000.0,
        "Basic Average Shares": 1476000000.0,
        "Diluted EPS": 0.09,
        "Basic EPS": 0.09,
        "Diluted NI Availto Com Stockholders": NaN,
        "Net Income Common Stockholders": NaN,
        "Net Income": NaN,
        "Minority Interests": NaN,
        "Net Income Including Noncontrolling Interests": NaN,
        "Net Income Continuous Operations": NaN,
        "Tax Provision": NaN,
        "Pretax Income": NaN,
        "Other Income Expense": NaN,
        "Other Non Operating Income Expenses": NaN,
        "Special Income Charges": NaN,
        "Impairment Of Capital Assets": NaN,
        "Restructuring And Mergern Acquisition": NaN,
        "Earnings From Equity Interest": 34000000.0,
        "Gain On Sale Of Security": NaN,
        "Net Non Operating Interest Income Expense": NaN,
        "Interest Expense Non Operating": NaN,
        "Interest Income Non Operating": NaN,
        "Operating Income": NaN,
        "Operating Expense": NaN,
        "Other Operating Expenses": NaN,
        "Depreciation Amortization Depletion Income Statement": NaN,
        "Depreciation And Amortization In Income Statement": NaN,
        "Amortization": NaN,
        "Amortization Of Intangibles Income Statement": NaN,
        "Depreciation Income Statement": NaN,
        "Selling General And Administration": NaN,
        "General And Administrative Expense": NaN,
        "Salaries And Wages": NaN,
        "Gross Profit": NaN,
        "Cost Of Revenue": NaN,
        "Total Revenue": NaN,
        "Operating Revenue": NaN
    },
    "2024-06-30": {
        "Tax Effect Of Unusual Items": 2104000.0,
        "Tax Rate For Calcs": 0.263,
        "Normalized EBITDA": 1631000000.0,
        "Total Unusual Items": 8000000.0,
        "Total Unusual Items Excluding Goodwill": 8000000.0,
        "Net Income From Continuing Operation Net Minority Interest": 228000000.0,
        "Reconciled Depreciation": 994000000.0,
        "Reconciled Cost Of Revenue": 1825000000.0,
        "EBITDA": 1639000000.0,
        "EBIT": 645000000.0,
        "Net Interest Income": -334000000.0,
        "Interest Expense": 345000000.0,
        "Interest Income": 11000000.0,
        "Normalized Income": 222104000.0,
        "Net Income From Continuing And Discontinued Operation": 228000000.0,
        "Total Expenses": 4295000000.0,
        "Total Operating Income As Reported": 682000000.0,
        "Diluted Average Shares": 1486000000.0,
        "Basic Average Shares": 1482000000.0,
        "Diluted EPS": 0.15,
        "Basic EPS": 0.15,
        "Diluted NI Availto Com Stockholders": 228000000.0,
        "Net Income Common Stockholders": 228000000.0,
        "Net Income": 228000000.0,
        "Minority Interests": 7000000.0,
        "Net Income Including Noncontrolling Interests": 221000000.0,
        "Net Income Continuous Operations": 221000000.0,
        "Tax Provision": 79000000.0,
        "Pretax Income": 300000000.0,
        "Other Income Expense": 29000000.0,
        "Other Non Operating Income Expenses": 2000000.0,
        "Special Income Charges": 44000000.0,
        "Impairment Of Capital Assets": 0.0,
        "Restructuring And Mergern Acquisition": -44000000.0,
        "Earnings From Equity Interest": 19000000.0,
        "Gain On Sale Of Security": -36000000.0,
        "Net Non Operating Interest Income Expense": -334000000.0,
        "Interest Expense Non Operating": 345000000.0,
        "Interest Income Non Operating": 11000000.0,
        "Operating Income": 605000000.0,
        "Operating Expense": 2470000000.0,
        "Other Operating Expenses": 3000000.0,
        "Depreciation Amortization Depletion Income Statement": 994000000.0,
        "Depreciation And Amortization In Income Statement": 994000000.0,
        "Amortization": 386000000.0,
        "Amortization Of Intangibles Income Statement": 386000000.0,
        "Depreciation Income Statement": 608000000.0,
        "Selling General And Administration": 1473000000.0,
        "General And Administrative Expense": 1473000000.0,
        "Salaries And Wages": 1473000000.0,
        "Gross Profit": 3075000000.0,
        "Cost Of Revenue": 1825000000.0,
        "Total Revenue": 4900000000.0,
        "Operating Revenue": 4900000000.0
    },
    "2024-09-30": {
        "Tax Effect Of Unusual Items": -13799352.750809,
        "Tax Rate For Calcs": 0.168285,
        "Normalized EBITDA": 1706000000.0,
        "Total Unusual Items": -82000000.0,
        "Total Unusual Items Excluding Goodwill": -82000000.0,
        "Net Income From Continuing Operation Net Minority Interest": 280000000.0,
        "Reconciled Depreciation": 968000000.0,
        "Reconciled Cost Of Revenue": 1868000000.0,
        "EBITDA": 1624000000.0,
        "EBIT": 656000000.0,
        "Net Interest Income": -337000000.0,
        "Interest Expense": 347000000.0,
        "Interest Income": 10000000.0,
        "Normalized Income": 348200647.249191,
        "Net Income From Continuing And Discontinued Operation": 280000000.0,
        "Total Expenses": 4317000000.0,
        "Total Operating Income As Reported": 788000000.0,
        "Diluted Average Shares": 1497000000.0,
        "Basic Average Shares": 1492000000.0,
        "Diluted EPS": 0.19,
        "Basic EPS": 0.19,
        "Diluted NI Availto Com Stockholders": 280000000.0,
        "Net Income Common Stockholders": 280000000.0,
        "Net Income": 280000000.0,
        "Minority Interests": 23000000.0,
        "Net Income Including Noncontrolling Interests": 257000000.0,
        "Net Income Continuous Operations": 257000000.0,
        "Tax Provision": 52000000.0,
        "Pretax Income": 309000000.0,
        "Other Income Expense": -79000000.0,
        "Other Non Operating Income Expenses": 3000000.0,
        "Special Income Charges": 2000000.0,
        "Impairment Of Capital Assets": NaN,
        "Restructuring And Mergern Acquisition": -2000000.0,
        "Earnings From Equity Interest": NaN,
        "Gain On Sale Of Security": -84000000.0,
        "Net Non Operating Interest Income Expense": -337000000.0,
        "Interest Expense Non Operating": 347000000.0,
        "Interest Income Non Operating": 10000000.0,
        "Operating Income": 725000000.0,
        "Operating Expense": 2449000000.0,
        "Other Operating Expenses": 6000000.0,
        "Depreciation Amortization Depletion Income Statement": 968000000.0,
        "Depreciation And Amortization In Income Statement": 968000000.0,
        "Amortization": 371000000.0,
        "Amortization Of Intangibles Income Statement": 371000000.0,
        "Depreciation Income Statement": 597000000.0,
        "Selling General And Administration": 1475000000.0,
        "General And Administrative Expense": 1475000000.0,
        "Salaries And Wages": 1475000000.0,
        "Gross Profit": 3174000000.0,
        "Cost Of Revenue": 1868000000.0,
        "Total Revenue": 5042000000.0,
        "Operating Revenue": 5042000000.0
    },
    "2024-12-31": {
        "Tax Effect Of Unusual Items": -7543378.995434,
        "Tax Rate For Calcs": 0.269406,
        "Normalized EBITDA": 1859000000.0,
        "Total Unusual Items": -28000000.0,
        "Total Unusual Items Excluding Goodwill": -28000000.0,
        "Net Income From Continuing Operation Net Minority Interest": 358000000.0,
        "Reconciled Depreciation": 1011000000.0,
        "Reconciled Cost Of Revenue": 2136000000.0,
        "EBITDA": 1831000000.0,
        "EBIT": 820000000.0,
        "Net Interest Income": -377000000.0,
        "Interest Expense": 382000000.0,
        "Interest Income": 5000000.0,
        "Normalized Income": 378456621.004566,
        "Net Income From Continuing And Discontinued Operation": 358000000.0,
        "Total Expenses": 4600000000.0,
        "Total Operating Income As Reported": 759000000.0,
        "Diluted Average Shares": NaN,
        "Basic Average Shares": NaN,
        "Diluted EPS": NaN,
        "Basic EPS": NaN,
        "Diluted NI Availto Com Stockholders": 358000000.0,
        "Net Income Common Stockholders": 358000000.0,
        "Net Income": 358000000.0,
        "Minority Interests": 38000000.0,
        "Net Income Including Noncontrolling Interests": 320000000.0,
        "Net Income Continuous Operations": 320000000.0,
        "Tax Provision": 118000000.0,
        "Pretax Income": 438000000.0,
        "Other Income Expense": 84000000.0,
        "Other Non Operating Income Expenses": 2000000.0,
        "Special Income Charges": 9000000.0,
        "Impairment Of Capital Assets": NaN,
        "Restructuring And Mergern Acquisition": -9000000.0,
        "Earnings From Equity Interest": NaN,
        "Gain On Sale Of Security": -37000000.0,
        "Net Non Operating Interest Income Expense": -377000000.0,
        "Interest Expense Non Operating": 382000000.0,
        "Interest Income Non Operating": 5000000.0,
        "Operating Income": 731000000.0,
        "Operating Expense": 2464000000.0,
        "Other Operating Expenses": -22000000.0,
        "Depreciation Amortization Depletion Income Statement": 1011000000.0,
        "Depreciation And Amortization In Income Statement": 1011000000.0,
        "Amortization": 393000000.0,
        "Amortization Of Intangibles Income Statement": 393000000.0,
        "Depreciation Income Statement": 618000000.0,
        "Selling General And Administration": 1475000000.0,
        "General And Administrative Expense": 1475000000.0,
        "Salaries And Wages": 1475000000.0,
        "Gross Profit": 3195000000.0,
        "Cost Of Revenue": 2136000000.0,
        "Total Revenue": 5331000000.0,
        "Operating Revenue": 5331000000.0
    },
    "2025-03-31": {
        "Tax Effect Of Unusual Items": 7074000.0,
        "Tax Rate For Calcs": 0.262,
        "Normalized EBITDA": 1715000000.0,
        "Total Unusual Items": 27000000.0,
        "Total Unusual Items Excluding Goodwill": 27000000.0,
        "Net Income From Continuing Operation Net Minority Interest": 321000000.0,
        "Reconciled Depreciation": 992000000.0,
        "Reconciled Cost Of Revenue": 1847000000.0,
        "EBITDA": 1742000000.0,
        "EBIT": 750000000.0,
        "Net Interest Income": -337000000.0,
        "Interest Expense": 342000000.0,
        "Interest Income": 5000000.0,
        "Normalized Income": 301074000.0,
        "Net Income From Continuing And Discontinued Operation": 321000000.0,
        "Total Expenses": 4312000000.0,
        "Total Operating Income As Reported": 752000000.0,
        "Diluted Average Shares": 1516000000.0,
        "Basic Average Shares": 1514000000.0,
        "Diluted EPS": 0.21,
        "Basic EPS": 0.21,
        "Diluted NI Availto Com Stockholders": 321000000.0,
        "Net Income Common Stockholders": 321000000.0,
        "Net Income": 321000000.0,
        "Minority Interests": 20000000.0,
        "Net Income Including Noncontrolling Interests": 301000000.0,
        "Net Income Continuous Operations": 301000000.0,
        "Tax Provision": 107000000.0,
        "Pretax Income": 408000000.0,
        "Other Income Expense": 39000000.0,
        "Other Non Operating Income Expenses": 4000000.0,
        "Special Income Charges": 10000000.0,
        "Impairment Of Capital Assets": NaN,
        "Restructuring And Mergern Acquisition": -10000000.0,
        "Earnings From Equity Interest": 8000000.0,
        "Gain On Sale Of Security": 17000000.0,
        "Net Non Operating Interest Income Expense": -337000000.0,
        "Interest Expense Non Operating": 342000000.0,
        "Interest Income Non Operating": 5000000.0,
        "Operating Income": 706000000.0,
        "Operating Expense": 2465000000.0,
        "Other Operating Expenses": 7000000.0,
        "Depreciation Amortization Depletion Income Statement": 992000000.0,
        "Depreciation And Amortization In Income Statement": 992000000.0,
        "Amortization": 400000000.0,
        "Amortization Of Intangibles Income Statement": 400000000.0,
        "Depreciation Income Statement": 592000000.0,
        "Selling General And Administration": 1466000000.0,
        "General And Administrative Expense": 1466000000.0,
        "Salaries And Wages": 1466000000.0,
        "Gross Profit": 3171000000.0,
        "Cost Of Revenue": 1847000000.0,
        "Total Revenue": 5018000000.0,
        "Operating Revenue": 5018000000.0
    },
    "2025-06-30": {
        "Tax Effect Of Unusual Items": -76350000.0,
        "Tax Rate For Calcs": 0.15,
        "Normalized EBITDA": 1686000000.0,
        "Total Unusual Items": -509000000.0,
        "Total Unusual Items Excluding Goodwill": -509000000.0,
        "Net Income From Continuing Operation Net Minority Interest": 7000000.0,
        "Reconciled Depreciation": 1004000000.0,
        "Reconciled Cost Of Revenue": 1858000000.0,
        "EBITDA": 1177000000.0,
        "EBIT": 173000000.0,
        "Net Interest Income": -353000000.0,
        "Interest Expense": 371000000.0,
        "Interest Income": 18000000.0,
        "Normalized Income": 439650000.0,
        "Net Income From Continuing And Discontinued Operation": 7000000.0,
        "Total Expenses": 4412000000.0,
        "Total Operating Income As Reported": 175000000.0,
        "Diluted Average Shares": 1530000000.0,
        "Basic Average Shares": 1525000000.0,
        "Diluted EPS": 0.0,
        "Basic EPS": 0.0,
        "Diluted NI Availto Com Stockholders": 7000000.0,
        "Net Income Common Stockholders": 7000000.0,
        "Net Income": 7000000.0,
        "Minority Interests": 252000000.0,
        "Net Income Including Noncontrolling Interests": -245000000.0,
        "Net Income Continuous Operations": -245000000.0,
        "Tax Provision": 47000000.0,
        "Pretax Income": -198000000.0,
        "Other Income Expense": -464000000.0,
        "Other Non Operating Income Expenses": 45000000.0,
        "Special Income Charges": -500000000.0,
        "Impairment Of Capital Assets": 500000000.0,
        "Restructuring And Mergern Acquisition": 0.0,
        "Earnings From Equity Interest": 0.0,
        "Gain On Sale Of Security": -9000000.0,
        "Net Non Operating Interest Income Expense": -353000000.0,
        "Interest Expense Non Operating": 371000000.0,
        "Interest Income Non Operating": 18000000.0,
        "Operating Income": 619000000.0,
        "Operating Expense": 2554000000.0,
        "Other Operating Expenses": 5000000.0,
        "Depreciation Amortization Depletion Income Statement": 1004000000.0,
        "Depreciation And Amortization In Income Statement": 1004000000.0,
        "Amortization": 403000000.0,
        "Amortization Of Intangibles Income Statement": 403000000.0,
        "Depreciation Income Statement": 601000000.0,
        "Selling General And Administration": 1545000000.0,
        "General And Administrative Expense": 1545000000.0,
        "Salaries And Wages": 1545000000.0,
        "Gross Profit": 3173000000.0,
        "Cost Of Revenue": 1858000000.0,
        "Total Revenue": 5031000000.0,
        "Operating Revenue": 5031000000.0
    }
}