{
    "2023-06-30": {
        "Tax Effect Of Unusual Items": NaN,
        "Tax Rate For Calcs": NaN,
        "Normalized EBITDA": NaN,
        "Total Unusual Items": NaN,
        "Total Unusual Items Excluding Goodwill": NaN,
        "Net Income From Continuing Operation Net Minority Interest": NaN,
        "Reconciled Depreciation": 5354735000.0,
        "Reconciled Cost Of Revenue": NaN,
        "EBITDA": NaN,
        "EBIT": NaN,
        "Net Interest Income": NaN,
        "Interest Expense": NaN,
        "Interest Income": NaN,
        "Normalized Income": NaN,
        "Net Income From Continuing And Discontinued Operation": NaN,
        "Total Expenses": NaN,
        "Total Operating Income As Reported": NaN,
        "Diluted Average Shares": NaN,
        "Basic Average Shares": NaN,
        "Diluted EPS": NaN,
        "Basic EPS": NaN,
        "Diluted NI Availto Com Stockholders": NaN,
        "Net Income Common Stockholders": NaN,
        "Net Income": NaN,
        "Minority Interests": NaN,
        "Net Income Including Noncontrolling Interests": NaN,
        "Net Income Discontinuous Operations": NaN,
        "Net Income Continuous Operations": NaN,
        "Tax Provision": NaN,
        "Pretax Income": NaN,
        "Other Income Expense": NaN,
        "Other Non Operating Income Expenses": NaN,
        "Special Income Charges": NaN,
        "Gain On Sale Of Ppe": NaN,
        "Gain On Sale Of Business": NaN,
        "Other Special Charges": NaN,
        "Impairment Of Capital Assets": NaN,
        "Restructuring And Mergern Acquisition": NaN,
        "Earnings From Equity Interest": NaN,
        "Gain On Sale Of Security": NaN,
        "Net Non Operating Interest Income Expense": NaN,
        "Total Other Finance Cost": NaN,
        "Interest Expense Non Operating": NaN,
        "Interest Income Non Operating": NaN,
        "Operating Income": NaN,
        "Operating Expense": NaN,
        "Selling General And Administration": NaN,
        "Selling And Marketing Expense": NaN,
        "General And Administrative Expense": NaN,
        "Other Gand A": NaN,
        "Gross Profit": NaN,
        "Cost Of Revenue": NaN,
        "Total Revenue": NaN,
        "Operating Revenue": NaN
    },
    "2023-03-31": {
        "Tax Effect Of Unusual Items": NaN,
        "Tax Rate For Calcs": NaN,
        "Normalized EBITDA": NaN,
        "Total Unusual Items": NaN,
        "Total Unusual Items Excluding Goodwill": NaN,
        "Net Income From Continuing Operation Net Minority Interest": NaN,
        "Reconciled Depreciation": 5311659000.0,
        "Reconciled Cost Of Revenue": NaN,
        "EBITDA": NaN,
        "EBIT": NaN,
        "Net Interest Income": NaN,
        "Interest Expense": NaN,
        "Interest Income": NaN,
        "Normalized Income": NaN,
        "Net Income From Continuing And Discontinued Operation": NaN,
        "Total Expenses": NaN,
        "Total Operating Income As Reported": NaN,
        "Diluted Average Shares": NaN,
        "Basic Average Shares": NaN,
        "Diluted EPS": NaN,
        "Basic EPS": NaN,
        "Diluted NI Availto Com Stockholders": NaN,
        "Net Income Common Stockholders": NaN,
        "Net Income": NaN,
        "Minority Interests": NaN,
        "Net Income Including Noncontrolling Interests": NaN,
        "Net Income Discontinuous Operations": NaN,
        "Net Income Continuous Operations": NaN,
        "Tax Provision": NaN,
        "Pretax Income": NaN,
        "Other Income Expense": NaN,
        "Other Non Operating Income Expenses": NaN,
        "Special Income Charges": -42365000.0,
        "Gain On Sale Of Ppe": -25738000.0,
        "Gain On Sale Of Business": NaN,
        "Other Special Charges": 1159000.0,
        "Impairment Of Capital Assets": NaN,
        "Restructuring And Mergern Acquisition": 15468000.0,
        "Earnings From Equity Interest": NaN,
        "Gain On Sale Of Security": NaN,
        "Net Non Operating Interest Income Expense": NaN,
        "Total Other Finance Cost": 306600000.0,
        "Interest Expense Non Operating": NaN,
        "Interest Income Non Operating": NaN,
        "Operating Income": NaN,
        "Operating Expense": NaN,
        "Selling General And Administration": NaN,
        "Selling And Marketing Expense": NaN,
        "General And Administrative Expense": NaN,
        "Other Gand A": NaN,
        "Gross Profit": NaN,
        "Cost Of Revenue": NaN,
        "Total Revenue": NaN,
        "Operating Revenue": NaN
    },
    "2022-12-31": {
        "Tax Effect Of Unusual Items": NaN,
        "Tax Rate For Calcs": NaN,
        "Normalized EBITDA": NaN,
        "Total Unusual Items": NaN,
        "Total Unusual Items Excluding Goodwill": NaN,
        "Net Income From Continuing Operation Net Minority Interest": NaN,
        "Reconciled Depreciation": 5702637000.0,
        "Reconciled Cost Of Revenue": NaN,
        "EBITDA": NaN,
        "EBIT": NaN,
        "Net Interest Income": NaN,
        "Interest Expense": NaN,
        "Interest Income": NaN,
        "Normalized Income": NaN,
        "Net Income From Continuing And Discontinued Operation": NaN,
        "Total Expenses": NaN,
        "Total Operating Income As Reported": NaN,
        "Diluted Average Shares": NaN,
        "Basic Average Shares": NaN,
        "Diluted EPS": NaN,
        "Basic EPS": NaN,
        "Diluted NI Availto Com Stockholders": NaN,
        "Net Income Common Stockholders": NaN,
        "Net Income": NaN,
        "Minority Interests": NaN,
        "Net Income Including Noncontrolling Interests": NaN,
        "Net Income Discontinuous Operations": NaN,
        "Net Income Continuous Operations": NaN,
        "Tax Provision": NaN,
        "Pretax Income": NaN,
        "Other Income Expense": NaN,
        "Other Non Operating Income Expenses": NaN,
        "Special Income Charges": NaN,
        "Gain On Sale Of Ppe": NaN,
        "Gain On Sale Of Business": NaN,
        "Other Special Charges": NaN,
        "Impairment Of Capital Assets": NaN,
        "Restructuring And Mergern Acquisition": NaN,
        "Earnings From Equity Interest": NaN,
        "Gain On Sale Of Security": NaN,
        "Net Non Operating Interest Income Expense": NaN,
        "Total Other Finance Cost": NaN,
        "Interest Expense Non Operating": NaN,
        "Interest Income Non Operating": NaN,
        "Operating Income": NaN,
        "Operating Expense": NaN,
        "Selling General And Administration": NaN,
        "Selling And Marketing Expense": NaN,
        "General And Administrative Expense": NaN,
        "Other Gand A": NaN,
        "Gross Profit": NaN,
        "Cost Of Revenue": NaN,
        "Total Revenue": NaN,
        "Operating Revenue": NaN
    },
    "2022-09-30": {
        "Tax Effect Of Unusual Items": NaN,
        "Tax Rate For Calcs": NaN,
        "Normalized EBITDA": NaN,
        "Total Unusual Items": NaN,
        "Total Unusual Items Excluding Goodwill": NaN,
        "Net Income From Continuing Operation Net Minority Interest": NaN,
        "Reconciled Depreciation": NaN,
        "Reconciled Cost Of Revenue": NaN,
        "EBITDA": NaN,
        "EBIT": NaN,
        "Net Interest Income": NaN,
        "Interest Expense": NaN,
        "Interest Income": NaN,
        "Normalized Income": NaN,
        "Net Income From Continuing And Discontinued Operation": NaN,
        "Total Expenses": NaN,
        "Total Operating Income As Reported": NaN,
        "Diluted Average Shares": NaN,
        "Basic Average Shares": NaN,
        "Diluted EPS": NaN,
        "Basic EPS": NaN,
        "Diluted NI Availto Com Stockholders": NaN,
        "Net Income Common Stockholders": NaN,
        "Net Income": NaN,
        "Minority Interests": NaN,
        "Net Income Including Noncontrolling Interests": NaN,
        "Net Income Discontinuous Operations": NaN,
        "Net Income Continuous Operations": NaN,
        "Tax Provision": NaN,
        "Pretax Income": NaN,
        "Other Income Expense": NaN,
        "Other Non Operating Income Expenses": NaN,
        "Special Income Charges": NaN,
        "Gain On Sale Of Ppe": NaN,
        "Gain On Sale Of Business": NaN,
        "Other Special Charges": NaN,
        "Impairment Of Capital Assets": NaN,
        "Restructuring And Mergern Acquisition": NaN,
        "Earnings From Equity Interest": NaN,
        "Gain On Sale Of Security": NaN,
        "Net Non Operating Interest Income Expense": NaN,
        "Total Other Finance Cost": 6500000.0,
        "Interest Expense Non Operating": NaN,
        "Interest Income Non Operating": NaN,
        "Operating Income": NaN,
        "Operating Expense": NaN,
        "Selling General And Administration": NaN,
        "Selling And Marketing Expense": NaN,
        "General And Administrative Expense": NaN,
        "Other Gand A": NaN,
        "Gross Profit": NaN,
        "Cost Of Revenue": NaN,
        "Total Revenue": NaN,
        "Operating Revenue": NaN
    },
    "2022-06-30": {
        "Tax Effect Of Unusual Items": 198196104.549895,
        "Tax Rate For Calcs": 0.321384,
        "Normalized EBITDA": 11265945000.0,
        "Total Unusual Items": 616695000.0,
        "Total Unusual Items Excluding Goodwill": 616695000.0,
        "Net Income From Continuing Operation Net Minority Interest": 3041462000.0,
        "Reconciled Depreciation": 4966319000.0,
        "Reconciled Cost Of Revenue": 11848196000.0,
        "EBITDA": 11882640000.0,
        "EBIT": 6916321000.0,
        "Net Interest Income": -1685578000.0,
        "Interest Expense": 2214872000.0,
        "Interest Income": 529294000.0,
        "Normalized Income": 2622963104.549895,
        "Net Income From Continuing And Discontinued Operation": 3140368000.0,
        "Total Expenses": 16940886000.0,
        "Total Operating Income As Reported": 1551654000.0,
        "Diluted Average Shares": 567978974.0,
        "Basic Average Shares": 567978974.0,
        "Diluted EPS": 5.529022,
        "Basic EPS": 5.529022,
        "Diluted NI Availto Com Stockholders": 3140368000.0,
        "Net Income Common Stockholders": 3140368000.0,
        "Net Income": 3140368000.0,
        "Minority Interests": -149015000.0,
        "Net Income Including Noncontrolling Interests": 3289383000.0,
        "Net Income Discontinuous Operations": 98906000.0,
        "Net Income Continuous Operations": 3190477000.0,
        "Tax Provision": 1510972000.0,
        "Pretax Income": 4701449000.0,
        "Other Income Expense": 4794458000.0,
        "Other Non Operating Income Expenses": -40915000.0,
        "Special Income Charges": NaN,
        "Gain On Sale Of Ppe": NaN,
        "Other Special Charges": NaN,
        "Restructuring And Mergern Acquisition": NaN,
        "Earnings From Equity Interest": 4218678000.0,
        "Gain On Sale Of Security": 616695000.0,
        "Net Non Operating Interest Income Expense": -1685578000.0,
        "Total Other Finance Cost": NaN,
        "Interest Expense Non Operating": 2214872000.0,
        "Interest Income Non Operating": 529294000.0,
        "Operating Income": 1592569000.0,
        "Operating Expense": 5092690000.0,
        "Selling General And Administration": 5092690000.0,
        "Selling And Marketing Expense": 2097748000.0,
        "General And Administrative Expense": 2994942000.0,
        "Other Gand A": 2994942000.0,
        "Gross Profit": 6685259000.0,
        "Cost Of Revenue": 11848196000.0,
        "Total Revenue": 18533455000.0,
        "Operating Revenue": 15076302000.0
    },
    "2023-09-30": {
        "Tax Effect Of Unusual Items": NaN,
        "Tax Rate For Calcs": NaN,
        "Normalized EBITDA": NaN,
        "Total Unusual Items": NaN,
        "Total Unusual Items Excluding Goodwill": NaN,
        "Net Income From Continuing Operation Net Minority Interest": NaN,
        "Reconciled Depreciation": 5544055000.0,
        "Reconciled Cost Of Revenue": NaN,
        "EBITDA": NaN,
        "EBIT": NaN,
        "Net Interest Income": NaN,
        "Interest Expense": NaN,
        "Interest Income": NaN,
        "Normalized Income": NaN,
        "Net Income From Continuing And Discontinued Operation": NaN,
        "Total Expenses": NaN,
        "Total Operating Income As Reported": NaN,
        "Diluted Average Shares": NaN,
        "Basic Average Shares": NaN,
        "Diluted EPS": NaN,
        "Basic EPS": NaN,
        "Diluted NI Availto Com Stockholders": NaN,
        "Net Income Common Stockholders": NaN,
        "Net Income": NaN,
        "Minority Interests": NaN,
        "Net Income Including Noncontrolling Interests": NaN,
        "Net Income Discontinuous Operations": NaN,
        "Net Income Continuous Operations": NaN,
        "Tax Provision": NaN,
        "Pretax Income": NaN,
        "Other Income Expense": NaN,
        "Other Non Operating Income Expenses": NaN,
        "Special Income Charges": NaN,
        "Gain On Sale Of Ppe": NaN,
        "Gain On Sale Of Business": NaN,
        "Other Special Charges": NaN,
        "Impairment Of Capital Assets": NaN,
        "Restructuring And Mergern Acquisition": NaN,
        "Earnings From Equity Interest": NaN,
        "Gain On Sale Of Security": NaN,
        "Net Non Operating Interest Income Expense": NaN,
        "Total Other Finance Cost": -98600000.0,
        "Interest Expense Non Operating": NaN,
        "Interest Income Non Operating": NaN,
        "Operating Income": NaN,
        "Operating Expense": NaN,
        "Selling General And Administration": NaN,
        "Selling And Marketing Expense": NaN,
        "General And Administrative Expense": NaN,
        "Other Gand A": NaN,
        "Salaries And Wages": NaN,
        "Gross Profit": NaN,
        "Cost Of Revenue": NaN,
        "Total Revenue": NaN,
        "Operating Revenue": NaN
    },
    "2024-03-31": {
        "Tax Effect Of Unusual Items": NaN,
        "Tax Rate For Calcs": NaN,
        "Normalized EBITDA": NaN,
        "Total Unusual Items": NaN,
        "Total Unusual Items Excluding Goodwill": NaN,
        "Net Income From Continuing Operation Net Minority Interest": NaN,
        "Reconciled Depreciation": NaN,
        "Reconciled Cost Of Revenue": NaN,
        "EBITDA": NaN,
        "EBIT": NaN,
        "Net Interest Income": NaN,
        "Interest Expense": NaN,
        "Interest Income": NaN,
        "Normalized Income": NaN,
        "Net Income From Continuing And Discontinued Operation": NaN,
        "Total Expenses": NaN,
        "Total Operating Income As Reported": NaN,
        "Diluted Average Shares": 553313571.0,
        "Basic Average Shares": 553313571.0,
        "Diluted EPS": NaN,
        "Basic EPS": NaN,
        "Diluted NI Availto Com Stockholders": NaN,
        "Net Income Common Stockholders": NaN,
        "Net Income": NaN,
        "Minority Interests": NaN,
        "Net Income Including Noncontrolling Interests": NaN,
        "Net Income Discontinuous Operations": NaN,
        "Net Income Continuous Operations": NaN,
        "Tax Provision": NaN,
        "Pretax Income": NaN,
        "Other Income Expense": NaN,
        "Other Non Operating Income Expenses": NaN,
        "Special Income Charges": NaN,
        "Gain On Sale Of Ppe": NaN,
        "Restructuring And Mergern Acquisition": NaN,
        "Earnings From Equity Interest": NaN,
        "Gain On Sale Of Security": NaN,
        "Net Non Operating Interest Income Expense": NaN,
        "Total Other Finance Cost": -36500000.0,
        "Interest Expense Non Operating": NaN,
        "Interest Income Non Operating": NaN,
        "Operating Income": NaN,
        "Operating Expense": NaN,
        "Selling General And Administration": NaN,
        "Selling And Marketing Expense": NaN,
        "General And Administrative Expense": NaN,
        "Other Gand A": NaN,
        "Salaries And Wages": NaN,
        "Gross Profit": NaN,
        "Cost Of Revenue": NaN,
        "Total Revenue": NaN,
        "Operating Revenue": NaN
    },
    "2023-12-31": {
        "Tax Effect Of Unusual Items": NaN,
        "Tax Rate For Calcs": NaN,
        "Normalized EBITDA": NaN,
        "Total Unusual Items": NaN,
        "Total Unusual Items Excluding Goodwill": NaN,
        "Net Income From Continuing Operation Net Minority Interest": NaN,
        "Reconciled Depreciation": 5258703000.0,
        "Reconciled Cost Of Revenue": NaN,
        "EBITDA": NaN,
        "EBIT": NaN,
        "Net Interest Income": NaN,
        "Interest Expense": NaN,
        "Interest Income": NaN,
        "Normalized Income": NaN,
        "Net Income From Continuing And Discontinued Operation": NaN,
        "Total Expenses": NaN,
        "Total Operating Income As Reported": NaN,
        "Diluted Average Shares": NaN,
        "Basic Average Shares": NaN,
        "Diluted EPS": NaN,
        "Basic EPS": NaN,
        "Diluted NI Availto Com Stockholders": NaN,
        "Net Income Common Stockholders": NaN,
        "Net Income": NaN,
        "Minority Interests": NaN,
        "Net Income Including Noncontrolling Interests": NaN,
        "Net Income Discontinuous Operations": NaN,
        "Net Income Continuous Operations": NaN,
        "Tax Provision": NaN,
        "Pretax Income": NaN,
        "Other Income Expense": NaN,
        "Other Non Operating Income Expenses": NaN,
        "Special Income Charges": -368597000.0,
        "Gain On Sale Of Ppe": 73376000.0,
        "Gain On Sale Of Business": 0.0,
        "Other Special Charges": 327973000.0,
        "Impairment Of Capital Assets": 69467000.0,
        "Restructuring And Mergern Acquisition": 44533000.0,
        "Earnings From Equity Interest": NaN,
        "Gain On Sale Of Security": NaN,
        "Net Non Operating Interest Income Expense": NaN,
        "Total Other Finance Cost": NaN,
        "Interest Expense Non Operating": NaN,
        "Interest Income Non Operating": NaN,
        "Operating Income": NaN,
        "Operating Expense": NaN,
        "Selling General And Administration": NaN,
        "Selling And Marketing Expense": NaN,
        "General And Administrative Expense": NaN,
        "Other Gand A": NaN,
        "Salaries And Wages": -408265000.0,
        "Gross Profit": NaN,
        "Cost Of Revenue": NaN,
        "Total Revenue": NaN,
        "Operating Revenue": NaN
    },
    "2024-06-30": {
        "Tax Effect Of Unusual Items": 95736300.0,
        "Tax Rate For Calcs": 0.3,
        "Normalized EBITDA": 1340415000.0,
        "Total Unusual Items": 319121000.0,
        "Total Unusual Items Excluding Goodwill": 319121000.0,
        "Net Income From Continuing Operation Net Minority Interest": -25610000.0,
        "Reconciled Depreciation": NaN,
        "Reconciled Cost Of Revenue": 10506617000.0,
        "EBITDA": 1659536000.0,
        "EBIT": 1659536000.0,
        "Net Interest Income": -909086000.0,
        "Interest Expense": 1821687000.0,
        "Interest Income": 912601000.0,
        "Normalized Income": -248994700.0,
        "Net Income From Continuing And Discontinued Operation": -25610000.0,
        "Total Expenses": 15101255000.0,
        "Total Operating Income As Reported": 89528000.0,
        "Diluted Average Shares": 537328034.0,
        "Basic Average Shares": 537328034.0,
        "Diluted EPS": -5.85,
        "Basic EPS": -5.85,
        "Diluted NI Availto Com Stockholders": -25610000.0,
        "Net Income Common Stockholders": -25610000.0,
        "Net Income": -25610000.0,
        "Minority Interests": 52331000.0,
        "Net Income Including Noncontrolling Interests": -77941000.0,
        "Net Income Discontinuous Operations": 0.0,
        "Net Income Continuous Operations": -77941000.0,
        "Tax Provision": -84210000.0,
        "Pretax Income": -162151000.0,
        "Other Income Expense": 127862000.0,
        "Other Non Operating Income Expenses": -529545000.0,
        "Special Income Charges": NaN,
        "Gain On Sale Of Ppe": NaN,
        "Restructuring And Mergern Acquisition": NaN,
        "Earnings From Equity Interest": 338286000.0,
        "Gain On Sale Of Security": 319121000.0,
        "Net Non Operating Interest Income Expense": -909086000.0,
        "Total Other Finance Cost": -370200000.0,
        "Interest Expense Non Operating": 1821687000.0,
        "Interest Income Non Operating": 912601000.0,
        "Operating Income": 619073000.0,
        "Operating Expense": 4594638000.0,
        "Selling General And Administration": 4594638000.0,
        "Selling And Marketing Expense": 2199175000.0,
        "General And Administrative Expense": 2395463000.0,
        "Other Gand A": 2395463000.0,
        "Salaries And Wages": NaN,
        "Gross Profit": 5213711000.0,
        "Cost Of Revenue": 10506617000.0,
        "Total Revenue": 15720328000.0,
        "Operating Revenue": 15720328000.0
    },
    "2024-09-30": {
        "Tax Effect Of Unusual Items": -14893031.358885,
        "Tax Rate For Calcs": 0.203179,
        "Normalized EBITDA": 7887148000.0,
        "Total Unusual Items": -73300000.0,
        "Total Unusual Items Excluding Goodwill": -73300000.0,
        "Net Income From Continuing Operation Net Minority Interest": 666472000.0,
        "Reconciled Depreciation": 4907436000.0,
        "Reconciled Cost Of Revenue": 9944326000.0,
        "EBITDA": 7813848000.0,
        "EBIT": 2906412000.0,
        "Net Interest Income": -1185975000.0,
        "Interest Expense": 2064928000.0,
        "Interest Income": 878953000.0,
        "Normalized Income": 724878968.641115,
        "Net Income From Continuing And Discontinued Operation": 666472000.0,
        "Total Expenses": 14678779000.0,
        "Total Operating Income As Reported": 364707000.0,
        "Diluted Average Shares": 535450598.0,
        "Basic Average Shares": 535450598.0,
        "Diluted EPS": 134.55,
        "Basic EPS": 146.25,
        "Diluted NI Availto Com Stockholders": 666472000.0,
        "Net Income Common Stockholders": 666472000.0,
        "Net Income": 666472000.0,
        "Minority Interests": -4040000.0,
        "Net Income Including Noncontrolling Interests": 670512000.0,
        "Net Income Discontinuous Operations": 0.0,
        "Net Income Continuous Operations": 670512000.0,
        "Tax Provision": 170972000.0,
        "Pretax Income": 841484000.0,
        "Other Income Expense": 1343434000.0,
        "Other Non Operating Income Expenses": -319318000.0,
        "Special Income Charges": NaN,
        "Gain On Sale Of Ppe": NaN,
        "Restructuring And Mergern Acquisition": NaN,
        "Earnings From Equity Interest": 1736052000.0,
        "Gain On Sale Of Security": -73300000.0,
        "Net Non Operating Interest Income Expense": -1185975000.0,
        "Total Other Finance Cost": -221400000.0,
        "Interest Expense Non Operating": 2064928000.0,
        "Interest Income Non Operating": 878953000.0,
        "Operating Income": 684025000.0,
        "Operating Expense": 4734453000.0,
        "Selling General And Administration": 4734453000.0,
        "Selling And Marketing Expense": 2131358000.0,
        "General And Administrative Expense": 2603095000.0,
        "Other Gand A": 2603095000.0,
        "Salaries And Wages": NaN,
        "Gross Profit": 5418478000.0,
        "Cost Of Revenue": 9944326000.0,
        "Total Revenue": 15362804000.0,
        "Operating Revenue": 15362804000.0
    },
    "2024-12-31": {
        "Tax Effect Of Unusual Items": -1786197900.0,
        "Tax Rate For Calcs": 0.3,
        "Normalized EBITDA": 3679249000.0,
        "Total Unusual Items": -5953993000.0,
        "Total Unusual Items Excluding Goodwill": -5953993000.0,
        "Net Income From Continuing Operation Net Minority Interest": -9858205000.0,
        "Reconciled Depreciation": 5359357000.0,
        "Reconciled Cost Of Revenue": 10254242000.0,
        "EBITDA": -2274744000.0,
        "EBIT": -7634101000.0,
        "Net Interest Income": -355033000.0,
        "Interest Expense": 2177720000.0,
        "Interest Income": 1048960000.0,
        "Normalized Income": -5690409900.0,
        "Net Income From Continuing And Discontinued Operation": -9858205000.0,
        "Total Expenses": 16706168000.0,
        "Total Operating Income As Reported": -6198975000.0,
        "Diluted Average Shares": 539233846.0,
        "Basic Average Shares": 539233846.0,
        "Diluted EPS": -2117.7,
        "Basic EPS": -2117.7,
        "Diluted NI Availto Com Stockholders": -9858205000.0,
        "Net Income Common Stockholders": -9858205000.0,
        "Net Income": -9858205000.0,
        "Minority Interests": 14403000.0,
        "Net Income Including Noncontrolling Interests": -9872608000.0,
        "Net Income Discontinuous Operations": 0.0,
        "Net Income Continuous Operations": -9872608000.0,
        "Tax Provision": 60787000.0,
        "Pretax Income": -9811821000.0,
        "Other Income Expense": -7976954000.0,
        "Other Non Operating Income Expenses": -122617000.0,
        "Special Income Charges": -4779447000.0,
        "Gain On Sale Of Ppe": -377430000.0,
        "Restructuring And Mergern Acquisition": 185829000.0,
        "Earnings From Equity Interest": -1900344000.0,
        "Gain On Sale Of Security": -1174546000.0,
        "Net Non Operating Interest Income Expense": -355033000.0,
        "Total Other Finance Cost": NaN,
        "Interest Expense Non Operating": 2177720000.0,
        "Interest Income Non Operating": 1048960000.0,
        "Operating Income": -1479834000.0,
        "Operating Expense": 6451926000.0,
        "Selling General And Administration": 6046010000.0,
        "Selling And Marketing Expense": 2129745000.0,
        "General And Administrative Expense": 3916265000.0,
        "Other Gand A": 3916265000.0,
        "Salaries And Wages": 0.0,
        "Gross Profit": 4972092000.0,
        "Cost Of Revenue": 10254242000.0,
        "Total Revenue": 15226334000.0,
        "Operating Revenue": 15226334000.0
    },
    "2025-03-31": {
        "Tax Effect Of Unusual Items": 19360000.0,
        "Tax Rate For Calcs": 0.4,
        "Normalized EBITDA": 2354100000.0,
        "Total Unusual Items": 48400000.0,
        "Total Unusual Items Excluding Goodwill": 48400000.0,
        "Net Income From Continuing Operation Net Minority Interest": 319800000.0,
        "Reconciled Depreciation": NaN,
        "Reconciled Cost Of Revenue": 9215400000.0,
        "EBITDA": 2402500000.0,
        "EBIT": 2402500000.0,
        "Net Interest Income": -477100000.0,
        "Interest Expense": 1850000000.0,
        "Interest Income": 641400000.0,
        "Normalized Income": 290760000.0,
        "Net Income From Continuing And Discontinued Operation": 319800000.0,
        "Total Expenses": 13884900000.0,
        "Total Operating Income As Reported": 890000000.0,
        "Diluted Average Shares": 538665641.0,
        "Basic Average Shares": 538665641.0,
        "Diluted EPS": 70.2,
        "Basic EPS": 70.2,
        "Diluted NI Availto Com Stockholders": 319800000.0,
        "Net Income Common Stockholders": 319800000.0,
        "Net Income": 319800000.0,
        "Minority Interests": -11700000.0,
        "Net Income Including Noncontrolling Interests": 331500000.0,
        "Net Income Discontinuous Operations": 0.0,
        "Net Income Continuous Operations": 331500000.0,
        "Tax Provision": 221000000.0,
        "Pretax Income": 552500000.0,
        "Other Income Expense": -59100000.0,
        "Other Non Operating Income Expenses": -198700000.0,
        "Special Income Charges": NaN,
        "Gain On Sale Of Ppe": NaN,
        "Restructuring And Mergern Acquisition": NaN,
        "Earnings From Equity Interest": 91200000.0,
        "Gain On Sale Of Security": 48400000.0,
        "Net Non Operating Interest Income Expense": -477100000.0,
        "Total Other Finance Cost": -731500000.0,
        "Interest Expense Non Operating": 1850000000.0,
        "Interest Income Non Operating": 641400000.0,
        "Operating Income": 1088700000.0,
        "Operating Expense": 4669500000.0,
        "Selling General And Administration": 4669500000.0,
        "Selling And Marketing Expense": 2029400000.0,
        "General And Administrative Expense": 2640100000.0,
        "Other Gand A": 2640100000.0,
        "Salaries And Wages": NaN,
        "Gross Profit": 5758200000.0,
        "Cost Of Revenue": 9215400000.0,
        "Total Revenue": 14973600000.0,
        "Operating Revenue": 14973600000.0
    },
    "2025-06-30": {
        "Tax Effect Of Unusual Items": -211349700.0,
        "Tax Rate For Calcs": 0.3,
        "Normalized EBITDA": 3389282000.0,
        "Total Unusual Items": -704499000.0,
        "Total Unusual Items Excluding Goodwill": -704499000.0,
        "Net Income From Continuing Operation Net Minority Interest": 474431000.0,
        "Reconciled Depreciation": NaN,
        "Reconciled Cost Of Revenue": 9019699000.0,
        "EBITDA": 2684783000.0,
        "EBIT": 2684783000.0,
        "Net Interest Income": -967907000.0,
        "Interest Expense": 2192276000.0,
        "Interest Income": 1224400000.0,
        "Normalized Income": 967580300.0,
        "Net Income From Continuing And Discontinued Operation": 474431000.0,
        "Total Expenses": 13501761000.0,
        "Total Operating Income As Reported": 953399000.0,
        "Diluted Average Shares": NaN,
        "Basic Average Shares": NaN,
        "Diluted EPS": 93.6,
        "Basic EPS": 105.3,
        "Diluted NI Availto Com Stockholders": 474431000.0,
        "Net Income Common Stockholders": 474431000.0,
        "Net Income": 474431000.0,
        "Minority Interests": -78134000.0,
        "Net Income Including Noncontrolling Interests": 552565000.0,
        "Net Income Discontinuous Operations": 0.0,
        "Net Income Continuous Operations": 552565000.0,
        "Tax Provision": -60058000.0,
        "Pretax Income": 492507000.0,
        "Other Income Expense": 232821000.0,
        "Other Non Operating Income Expenses": -274194000.0,
        "Special Income Charges": NaN,
        "Gain On Sale Of Ppe": NaN,
        "Restructuring And Mergern Acquisition": NaN,
        "Earnings From Equity Interest": 1211514000.0,
        "Gain On Sale Of Security": -704499000.0,
        "Net Non Operating Interest Income Expense": -967907000.0,
        "Total Other Finance Cost": 282000000.0,
        "Interest Expense Non Operating": 2192276000.0,
        "Interest Income Non Operating": 1224369000.0,
        "Operating Income": 1227593000.0,
        "Operating Expense": 4482062000.0,
        "Selling General And Administration": 4482062000.0,
        "Selling And Marketing Expense": 2247855000.0,
        "General And Administrative Expense": 2234207000.0,
        "Other Gand A": 2234207000.0,
        "Salaries And Wages": NaN,
        "Gross Profit": 5709655000.0,
        "Cost Of Revenue": 9019699000.0,
        "Total Revenue": 14729354000.0,
        "Operating Revenue": 14729354000.0
    }
}