{
    "2024-09-30": {
        "Tax Effect Of Unusual Items": -177030.0,
        "Tax Rate For Calcs": 0.21,
        "Normalized EBITDA": 3166000.0,
        "Total Unusual Items": -843000.0,
        "Total Unusual Items Excluding Goodwill": -843000.0,
        "Net Income From Continuing Operation Net Minority Interest": -16217000.0,
        "Reconciled Depreciation": 5895000.0,
        "Reconciled Cost Of Revenue": 69022000.0,
        "EBITDA": 2323000.0,
        "EBIT": -3590000.0,
        "Net Interest Income": -12617000.0,
        "Interest Expense": 12617000.0,
        "Normalized Income": -15551030.0,
        "Net Income From Continuing And Discontinued Operation": -16217000.0,
        "Total Expenses": 86412000.0,
        "Rent Expense Supplemental": 6639000.0,
        "Total Operating Income As Reported": -3590000.0,
        "Diluted Average Shares": 50168271.0,
        "Basic Average Shares": 50168271.0,
        "Diluted EPS": -0.323252,
        "Basic EPS": -0.323252,
        "Diluted NI Availto Com Stockholders": -16217000.0,
        "Net Income Common Stockholders": -16217000.0,
        "Net Income": -16217000.0,
        "Net Income Including Noncontrolling Interests": -16217000.0,
        "Net Income Continuous Operations": -16217000.0,
        "Tax Provision": 10000.0,
        "Pretax Income": -16207000.0,
        "Other Income Expense": -843000.0,
        "Other Non Operating Income Expenses": NaN,
        "Special Income Charges": -843000.0,
        "Other Special Charges": 843000.0,
        "Net Non Operating Interest Income Expense": -12617000.0,
        "Interest Expense Non Operating": 12617000.0,
        "Operating Income": -2747000.0,
        "Operating Expense": 17408000.0,
        "Other Operating Expenses": 843000.0,
        "Depreciation Amortization Depletion Income Statement": 5913000.0,
        "Depreciation And Amortization In Income Statement": 5913000.0,
        "Selling General And Administration": 11495000.0,
        "Selling And Marketing Expense": 4328000.0,
        "General And Administrative Expense": 7167000.0,
        "Other Gand A": 7167000.0,
        "Rent And Landing Fees": 6639000.0,
        "Gross Profit": 14661000.0,
        "Cost Of Revenue": 69004000.0,
        "Total Revenue": 83665000.0,
        "Operating Revenue": 83665000.0
    },
    "2023-12-31": {
        "Tax Effect Of Unusual Items": NaN,
        "Tax Rate For Calcs": NaN,
        "Normalized EBITDA": NaN,
        "Total Unusual Items": NaN,
        "Total Unusual Items Excluding Goodwill": NaN,
        "Net Income From Continuing Operation Net Minority Interest": NaN,
        "Reconciled Depreciation": NaN,
        "Reconciled Cost Of Revenue": NaN,
        "EBITDA": NaN,
        "EBIT": NaN,
        "Net Interest Income": NaN,
        "Interest Expense": NaN,
        "Normalized Income": NaN,
        "Net Income From Continuing And Discontinued Operation": NaN,
        "Total Expenses": NaN,
        "Rent Expense Supplemental": NaN,
        "Total Operating Income As Reported": NaN,
        "Diluted Average Shares": NaN,
        "Basic Average Shares": NaN,
        "Diluted EPS": NaN,
        "Basic EPS": NaN,
        "Diluted NI Availto Com Stockholders": NaN,
        "Net Income Common Stockholders": NaN,
        "Net Income": NaN,
        "Net Income Including Noncontrolling Interests": NaN,
        "Net Income Continuous Operations": NaN,
        "Tax Provision": NaN,
        "Pretax Income": NaN,
        "Other Income Expense": NaN,
        "Other Non Operating Income Expenses": NaN,
        "Special Income Charges": NaN,
        "Other Special Charges": NaN,
        "Net Non Operating Interest Income Expense": NaN,
        "Interest Expense Non Operating": NaN,
        "Operating Income": NaN,
        "Operating Expense": NaN,
        "Other Operating Expenses": 559000.0,
        "Depreciation Amortization Depletion Income Statement": NaN,
        "Depreciation And Amortization In Income Statement": NaN,
        "Selling General And Administration": NaN,
        "Selling And Marketing Expense": NaN,
        "General And Administrative Expense": NaN,
        "Other Gand A": NaN,
        "Rent And Landing Fees": 17602000.0,
        "Gross Profit": NaN,
        "Cost Of Revenue": NaN,
        "Total Revenue": NaN,
        "Operating Revenue": NaN
    },
    "2023-09-30": {
        "Tax Effect Of Unusual Items": NaN,
        "Tax Rate For Calcs": NaN,
        "Normalized EBITDA": NaN,
        "Total Unusual Items": NaN,
        "Total Unusual Items Excluding Goodwill": NaN,
        "Net Income From Continuing Operation Net Minority Interest": NaN,
        "Reconciled Depreciation": NaN,
        "Reconciled Cost Of Revenue": NaN,
        "EBITDA": NaN,
        "EBIT": NaN,
        "Net Interest Income": -7060000.0,
        "Interest Expense": 7060000.0,
        "Normalized Income": NaN,
        "Net Income From Continuing And Discontinued Operation": NaN,
        "Total Expenses": NaN,
        "Rent Expense Supplemental": NaN,
        "Total Operating Income As Reported": NaN,
        "Diluted Average Shares": 50168271.0,
        "Basic Average Shares": 50168271.0,
        "Diluted EPS": -0.063865,
        "Basic EPS": -0.063865,
        "Diluted NI Availto Com Stockholders": NaN,
        "Net Income Common Stockholders": NaN,
        "Net Income": NaN,
        "Net Income Including Noncontrolling Interests": NaN,
        "Net Income Continuous Operations": NaN,
        "Tax Provision": 0.0,
        "Pretax Income": NaN,
        "Other Income Expense": NaN,
        "Other Non Operating Income Expenses": 21000.0,
        "Special Income Charges": NaN,
        "Other Special Charges": NaN,
        "Net Non Operating Interest Income Expense": -7060000.0,
        "Interest Expense Non Operating": 7060000.0,
        "Operating Income": NaN,
        "Operating Expense": NaN,
        "Other Operating Expenses": 537000.0,
        "Depreciation Amortization Depletion Income Statement": NaN,
        "Depreciation And Amortization In Income Statement": NaN,
        "Selling General And Administration": NaN,
        "Selling And Marketing Expense": NaN,
        "General And Administrative Expense": NaN,
        "Other Gand A": NaN,
        "Rent And Landing Fees": 2251000.0,
        "Gross Profit": NaN,
        "Cost Of Revenue": NaN,
        "Total Revenue": NaN,
        "Operating Revenue": NaN
    },
    "2024-12-31": {
        "Tax Effect Of Unusual Items": -640500.0,
        "Tax Rate For Calcs": 0.21,
        "Normalized EBITDA": -201000.0,
        "Total Unusual Items": -3050000.0,
        "Total Unusual Items Excluding Goodwill": -3050000.0,
        "Net Income From Continuing Operation Net Minority Interest": -12000000.0,
        "Reconciled Depreciation": 6033000.0,
        "Reconciled Cost Of Revenue": 70073000.0,
        "EBITDA": -3251000.0,
        "EBIT": -9284000.0,
        "Net Interest Income": -11108000.0,
        "Interest Expense": 11108000.0,
        "Normalized Income": -9590500.0,
        "Net Income From Continuing And Discontinued Operation": -12000000.0,
        "Total Expenses": 92849000.0,
        "Rent Expense Supplemental": 6326000.0,
        "Total Operating Income As Reported": -7065000.0,
        "Diluted Average Shares": 50168271.0,
        "Basic Average Shares": 50168271.0,
        "Diluted EPS": -0.239055,
        "Basic EPS": -0.239055,
        "Diluted NI Availto Com Stockholders": -12000000.0,
        "Net Income Common Stockholders": -12000000.0,
        "Net Income": -12000000.0,
        "Net Income Including Noncontrolling Interests": -12000000.0,
        "Net Income Continuous Operations": -12000000.0,
        "Tax Provision": -8392000.0,
        "Pretax Income": -20392000.0,
        "Other Income Expense": -2916000.0,
        "Other Non Operating Income Expenses": 134000.0,
        "Special Income Charges": -3050000.0,
        "Other Special Charges": 3050000.0,
        "Net Non Operating Interest Income Expense": -11108000.0,
        "Interest Expense Non Operating": 11108000.0,
        "Operating Income": -6368000.0,
        "Operating Expense": 22758000.0,
        "Other Operating Expenses": 697000.0,
        "Depreciation Amortization Depletion Income Statement": 6015000.0,
        "Depreciation And Amortization In Income Statement": 6015000.0,
        "Selling General And Administration": 16743000.0,
        "Selling And Marketing Expense": 4671000.0,
        "General And Administrative Expense": 12072000.0,
        "Other Gand A": 12072000.0,
        "Rent And Landing Fees": 6326000.0,
        "Gross Profit": 16390000.0,
        "Cost Of Revenue": 70091000.0,
        "Total Revenue": 86481000.0,
        "Operating Revenue": 86481000.0
    },
    "2025-03-31": {
        "Tax Effect Of Unusual Items": -108570.0,
        "Tax Rate For Calcs": 0.21,
        "Normalized EBITDA": 5586000.0,
        "Total Unusual Items": -517000.0,
        "Total Unusual Items Excluding Goodwill": -517000.0,
        "Net Income From Continuing Operation Net Minority Interest": -12112000.0,
        "Reconciled Depreciation": 6094000.0,
        "Reconciled Cost Of Revenue": 69657000.0,
        "EBITDA": 5069000.0,
        "EBIT": -1025000.0,
        "Net Interest Income": -10822000.0,
        "Interest Expense": 10822000.0,
        "Normalized Income": -11703570.0,
        "Net Income From Continuing And Discontinued Operation": -12112000.0,
        "Total Expenses": 87644000.0,
        "Rent Expense Supplemental": 6326000.0,
        "Total Operating Income As Reported": -1056000.0,
        "Diluted Average Shares": 50168271.0,
        "Basic Average Shares": 50168271.0,
        "Diluted EPS": -0.241427,
        "Basic EPS": -0.241427,
        "Diluted NI Availto Com Stockholders": -12112000.0,
        "Net Income Common Stockholders": -12112000.0,
        "Net Income": -12112000.0,
        "Net Income Including Noncontrolling Interests": -12112000.0,
        "Net Income Continuous Operations": -12112000.0,
        "Tax Provision": 265000.0,
        "Pretax Income": -11847000.0,
        "Other Income Expense": -486000.0,
        "Other Non Operating Income Expenses": 31000.0,
        "Special Income Charges": -517000.0,
        "Other Special Charges": 517000.0,
        "Net Non Operating Interest Income Expense": -10822000.0,
        "Interest Expense Non Operating": 10822000.0,
        "Operating Income": -539000.0,
        "Operating Expense": 17987000.0,
        "Other Operating Expenses": NaN,
        "Depreciation Amortization Depletion Income Statement": 6094000.0,
        "Depreciation And Amortization In Income Statement": 6094000.0,
        "Selling General And Administration": 11893000.0,
        "Selling And Marketing Expense": 5079000.0,
        "General And Administrative Expense": 6814000.0,
        "Other Gand A": 6814000.0,
        "Rent And Landing Fees": NaN,
        "Gross Profit": 17448000.0,
        "Cost Of Revenue": 69657000.0,
        "Total Revenue": 87105000.0,
        "Operating Revenue": 87105000.0
    },
    "2024-03-31": {
        "Tax Effect Of Unusual Items": NaN,
        "Tax Rate For Calcs": NaN,
        "Normalized EBITDA": NaN,
        "Total Unusual Items": NaN,
        "Total Unusual Items Excluding Goodwill": NaN,
        "Net Income From Continuing Operation Net Minority Interest": NaN,
        "Reconciled Depreciation": NaN,
        "Reconciled Cost Of Revenue": NaN,
        "EBITDA": NaN,
        "EBIT": NaN,
        "Net Interest Income": NaN,
        "Interest Expense": NaN,
        "Normalized Income": NaN,
        "Net Income From Continuing And Discontinued Operation": NaN,
        "Total Expenses": NaN,
        "Rent Expense Supplemental": NaN,
        "Total Operating Income As Reported": NaN,
        "Diluted Average Shares": NaN,
        "Basic Average Shares": NaN,
        "Diluted EPS": NaN,
        "Basic EPS": NaN,
        "Diluted NI Availto Com Stockholders": NaN,
        "Net Income Common Stockholders": NaN,
        "Net Income": NaN,
        "Net Income Including Noncontrolling Interests": NaN,
        "Net Income Continuous Operations": NaN,
        "Tax Provision": NaN,
        "Pretax Income": NaN,
        "Other Income Expense": NaN,
        "Other Non Operating Income Expenses": -68000.0,
        "Special Income Charges": NaN,
        "Other Special Charges": NaN,
        "Net Non Operating Interest Income Expense": NaN,
        "Interest Expense Non Operating": NaN,
        "Operating Income": NaN,
        "Operating Expense": NaN,
        "Other Operating Expenses": NaN,
        "Depreciation Amortization Depletion Income Statement": NaN,
        "Depreciation And Amortization In Income Statement": NaN,
        "Selling General And Administration": NaN,
        "Selling And Marketing Expense": NaN,
        "General And Administrative Expense": NaN,
        "Other Gand A": NaN,
        "Rent And Landing Fees": NaN,
        "Gross Profit": NaN,
        "Cost Of Revenue": NaN,
        "Total Revenue": NaN,
        "Operating Revenue": NaN
    },
    "2025-06-30": {
        "Tax Effect Of Unusual Items": -16468.672226,
        "Tax Rate For Calcs": 0.092521,
        "Normalized EBITDA": -7197000.0,
        "Total Unusual Items": -178000.0,
        "Total Unusual Items Excluding Goodwill": -178000.0,
        "Net Income From Continuing Operation Net Minority Interest": -20784000.0,
        "Reconciled Depreciation": 4072000.0,
        "Reconciled Cost Of Revenue": 70235000.0,
        "EBITDA": -7375000.0,
        "EBIT": -11447000.0,
        "Net Interest Income": -11456000.0,
        "Interest Expense": 11456000.0,
        "Normalized Income": -20622468.672226,
        "Net Income From Continuing And Discontinued Operation": -20784000.0,
        "Total Expenses": 99257000.0,
        "Rent Expense Supplemental": 6342000.0,
        "Total Operating Income As Reported": -11589000.0,
        "Diluted Average Shares": 57325856.0,
        "Basic Average Shares": 57325856.0,
        "Diluted EPS": -0.362559,
        "Basic EPS": -0.362559,
        "Diluted NI Availto Com Stockholders": -20784000.0,
        "Net Income Common Stockholders": -20784000.0,
        "Net Income": -20784000.0,
        "Net Income Including Noncontrolling Interests": -20784000.0,
        "Net Income Continuous Operations": -20784000.0,
        "Tax Provision": -2119000.0,
        "Pretax Income": -22903000.0,
        "Other Income Expense": -36000.0,
        "Other Non Operating Income Expenses": 142000.0,
        "Special Income Charges": -178000.0,
        "Other Special Charges": 178000.0,
        "Net Non Operating Interest Income Expense": -11456000.0,
        "Interest Expense Non Operating": 11456000.0,
        "Operating Income": -11411000.0,
        "Operating Expense": 29022000.0,
        "Other Operating Expenses": NaN,
        "Depreciation Amortization Depletion Income Statement": 4072000.0,
        "Depreciation And Amortization In Income Statement": 4072000.0,
        "Selling General And Administration": 24950000.0,
        "Selling And Marketing Expense": 5056000.0,
        "General And Administrative Expense": 19894000.0,
        "Other Gand A": 19894000.0,
        "Rent And Landing Fees": NaN,
        "Gross Profit": 17611000.0,
        "Cost Of Revenue": 70235000.0,
        "Total Revenue": 87846000.0,
        "Operating Revenue": 87846000.0
    },
    "2024-06-30": {
        "Tax Effect Of Unusual Items": -584.987536,
        "Tax Rate For Calcs": 0.00914,
        "Normalized EBITDA": 7078000.0,
        "Total Unusual Items": -64000.0,
        "Total Unusual Items Excluding Goodwill": -64000.0,
        "Net Income From Continuing Operation Net Minority Interest": -10732000.0,
        "Reconciled Depreciation": 5841000.0,
        "Reconciled Cost Of Revenue": 72608000.0,
        "EBITDA": 7014000.0,
        "EBIT": 1173000.0,
        "Net Interest Income": -12004000.0,
        "Interest Expense": 12004000.0,
        "Normalized Income": -10668584.987536,
        "Net Income From Continuing And Discontinued Operation": -10732000.0,
        "Total Expenses": 90136000.0,
        "Rent Expense Supplemental": 6599000.0,
        "Total Operating Income As Reported": 1394000.0,
        "Diluted Average Shares": 50168271.0,
        "Basic Average Shares": 50168271.0,
        "Diluted EPS": -0.21392,
        "Basic EPS": -0.21392,
        "Diluted NI Availto Com Stockholders": -10732000.0,
        "Net Income Common Stockholders": -10732000.0,
        "Net Income": -10732000.0,
        "Net Income Including Noncontrolling Interests": -10732000.0,
        "Net Income Continuous Operations": -10732000.0,
        "Tax Provision": -99000.0,
        "Pretax Income": -10831000.0,
        "Other Income Expense": -285000.0,
        "Other Non Operating Income Expenses": -221000.0,
        "Special Income Charges": -64000.0,
        "Other Special Charges": 64000.0,
        "Net Non Operating Interest Income Expense": -12004000.0,
        "Interest Expense Non Operating": 12004000.0,
        "Operating Income": 1458000.0,
        "Operating Expense": 17528000.0,
        "Other Operating Expenses": NaN,
        "Depreciation Amortization Depletion Income Statement": 5841000.0,
        "Depreciation And Amortization In Income Statement": 5841000.0,
        "Selling General And Administration": 11687000.0,
        "Selling And Marketing Expense": 4785000.0,
        "General And Administrative Expense": 6902000.0,
        "Other Gand A": 6902000.0,
        "Rent And Landing Fees": NaN,
        "Gross Profit": 18986000.0,
        "Cost Of Revenue": 72608000.0,
        "Total Revenue": 91594000.0,
        "Operating Revenue": 91594000.0
    }
}