{
    "2023-03-31": {
        "Tax Effect Of Unusual Items": NaN,
        "Tax Rate For Calcs": NaN,
        "Normalized EBITDA": NaN,
        "Total Unusual Items": NaN,
        "Total Unusual Items Excluding Goodwill": NaN,
        "Net Income From Continuing Operation Net Minority Interest": NaN,
        "Reconciled Depreciation": NaN,
        "Reconciled Cost Of Revenue": NaN,
        "EBITDA": NaN,
        "EBIT": NaN,
        "Net Interest Income": NaN,
        "Interest Expense": NaN,
        "Interest Income": NaN,
        "Normalized Income": NaN,
        "Net Income From Continuing And Discontinued Operation": NaN,
        "Total Expenses": NaN,
        "Total Operating Income As Reported": NaN,
        "Diluted Average Shares": NaN,
        "Basic Average Shares": NaN,
        "Diluted EPS": NaN,
        "Basic EPS": NaN,
        "Diluted NI Availto Com Stockholders": NaN,
        "Net Income Common Stockholders": NaN,
        "Net Income": NaN,
        "Minority Interests": NaN,
        "Net Income Including Noncontrolling Interests": NaN,
        "Net Income Continuous Operations": NaN,
        "Tax Provision": NaN,
        "Pretax Income": NaN,
        "Other Income Expense": NaN,
        "Special Income Charges": NaN,
        "Other Special Charges": NaN,
        "Restructuring And Mergern Acquisition": NaN,
        "Earnings From Equity Interest": NaN,
        "Gain On Sale Of Security": -11356000.0,
        "Net Non Operating Interest Income Expense": NaN,
        "Total Other Finance Cost": NaN,
        "Interest Expense Non Operating": NaN,
        "Interest Income Non Operating": NaN,
        "Operating Income": NaN,
        "Operating Expense": NaN,
        "Other Operating Expenses": NaN,
        "Other Taxes": 38390000.0,
        "Provision For Doubtful Accounts": 11014000.0,
        "Depreciation Amortization Depletion Income Statement": 11181000.0,
        "Depreciation And Amortization In Income Statement": 11181000.0,
        "Amortization": 7432000.0,
        "Amortization Of Intangibles Income Statement": 7432000.0,
        "Depreciation Income Statement": 3749000.0,
        "Selling General And Administration": NaN,
        "Selling And Marketing Expense": 118114000.0,
        "General And Administrative Expense": 112405000.0,
        "Other Gand A": 34558000.0,
        "Salaries And Wages": 77847000.0,
        "Gross Profit": NaN,
        "Cost Of Revenue": NaN,
        "Total Revenue": NaN,
        "Operating Revenue": NaN
    },
    "2022-12-31": {
        "Tax Effect Of Unusual Items": NaN,
        "Tax Rate For Calcs": NaN,
        "Normalized EBITDA": NaN,
        "Total Unusual Items": NaN,
        "Total Unusual Items Excluding Goodwill": NaN,
        "Net Income From Continuing Operation Net Minority Interest": NaN,
        "Reconciled Depreciation": NaN,
        "Reconciled Cost Of Revenue": NaN,
        "EBITDA": NaN,
        "EBIT": NaN,
        "Net Interest Income": NaN,
        "Interest Expense": NaN,
        "Interest Income": NaN,
        "Normalized Income": NaN,
        "Net Income From Continuing And Discontinued Operation": NaN,
        "Total Expenses": NaN,
        "Total Operating Income As Reported": NaN,
        "Diluted Average Shares": NaN,
        "Basic Average Shares": NaN,
        "Diluted EPS": NaN,
        "Basic EPS": NaN,
        "Diluted NI Availto Com Stockholders": NaN,
        "Net Income Common Stockholders": NaN,
        "Net Income": NaN,
        "Minority Interests": NaN,
        "Net Income Including Noncontrolling Interests": NaN,
        "Net Income Continuous Operations": NaN,
        "Tax Provision": NaN,
        "Pretax Income": NaN,
        "Other Income Expense": NaN,
        "Special Income Charges": NaN,
        "Other Special Charges": NaN,
        "Restructuring And Mergern Acquisition": NaN,
        "Earnings From Equity Interest": NaN,
        "Gain On Sale Of Security": -6418000.0,
        "Net Non Operating Interest Income Expense": NaN,
        "Total Other Finance Cost": NaN,
        "Interest Expense Non Operating": NaN,
        "Interest Income Non Operating": NaN,
        "Operating Income": NaN,
        "Operating Expense": NaN,
        "Other Operating Expenses": NaN,
        "Other Taxes": 41325000.0,
        "Provision For Doubtful Accounts": -476000.0,
        "Depreciation Amortization Depletion Income Statement": 10382000.0,
        "Depreciation And Amortization In Income Statement": 10382000.0,
        "Amortization": 6661000.0,
        "Amortization Of Intangibles Income Statement": 6661000.0,
        "Depreciation Income Statement": 3721000.0,
        "Selling General And Administration": NaN,
        "Selling And Marketing Expense": 118859000.0,
        "General And Administrative Expense": 102456000.0,
        "Other Gand A": 33026000.0,
        "Salaries And Wages": 69430000.0,
        "Gross Profit": NaN,
        "Cost Of Revenue": NaN,
        "Total Revenue": NaN,
        "Operating Revenue": NaN
    },
    "2022-09-30": {
        "Tax Effect Of Unusual Items": NaN,
        "Tax Rate For Calcs": NaN,
        "Normalized EBITDA": NaN,
        "Total Unusual Items": NaN,
        "Total Unusual Items Excluding Goodwill": NaN,
        "Net Income From Continuing Operation Net Minority Interest": NaN,
        "Reconciled Depreciation": NaN,
        "Reconciled Cost Of Revenue": NaN,
        "EBITDA": NaN,
        "EBIT": NaN,
        "Net Interest Income": NaN,
        "Interest Expense": NaN,
        "Interest Income": NaN,
        "Normalized Income": NaN,
        "Net Income From Continuing And Discontinued Operation": NaN,
        "Total Expenses": NaN,
        "Total Operating Income As Reported": NaN,
        "Diluted Average Shares": NaN,
        "Basic Average Shares": NaN,
        "Diluted EPS": NaN,
        "Basic EPS": NaN,
        "Diluted NI Availto Com Stockholders": NaN,
        "Net Income Common Stockholders": NaN,
        "Net Income": NaN,
        "Minority Interests": NaN,
        "Net Income Including Noncontrolling Interests": NaN,
        "Net Income Continuous Operations": NaN,
        "Tax Provision": NaN,
        "Pretax Income": NaN,
        "Other Income Expense": NaN,
        "Special Income Charges": 0.0,
        "Restructuring And Mergern Acquisition": 0.0,
        "Earnings From Equity Interest": NaN,
        "Gain On Sale Of Security": NaN,
        "Net Non Operating Interest Income Expense": NaN,
        "Total Other Finance Cost": NaN,
        "Interest Expense Non Operating": NaN,
        "Interest Income Non Operating": NaN,
        "Operating Income": NaN,
        "Operating Expense": NaN,
        "Other Operating Expenses": NaN,
        "Other Taxes": NaN,
        "Provision For Doubtful Accounts": NaN,
        "Depreciation Amortization Depletion Income Statement": NaN,
        "Depreciation And Amortization In Income Statement": NaN,
        "Amortization": NaN,
        "Amortization Of Intangibles Income Statement": NaN,
        "Depreciation Income Statement": NaN,
        "Selling General And Administration": NaN,
        "Selling And Marketing Expense": NaN,
        "General And Administrative Expense": NaN,
        "Other Gand A": NaN,
        "Salaries And Wages": NaN,
        "Gross Profit": NaN,
        "Cost Of Revenue": NaN,
        "Total Revenue": NaN,
        "Operating Revenue": NaN
    },
    "2022-06-30": {
        "Tax Effect Of Unusual Items": 0.0,
        "Tax Rate For Calcs": 0.19,
        "Normalized EBITDA": 1317917000.0,
        "Total Unusual Items": NaN,
        "Total Unusual Items Excluding Goodwill": NaN,
        "Net Income From Continuing Operation Net Minority Interest": 799270000.0,
        "Reconciled Depreciation": 153000000.0,
        "Reconciled Cost Of Revenue": 3058908000.0,
        "EBITDA": 1317917000.0,
        "EBIT": 1164917000.0,
        "Net Interest Income": 37179000.0,
        "Interest Expense": 7313000.0,
        "Interest Income": 15636000.0,
        "Normalized Income": 799270000.0,
        "Net Income From Continuing And Discontinued Operation": 799270000.0,
        "Total Expenses": 3366524000.0,
        "Total Operating Income As Reported": 1071152000.0,
        "Diluted Average Shares": 196307678.0,
        "Basic Average Shares": 196307678.0,
        "Diluted EPS": 4.1,
        "Basic EPS": 4.1,
        "Diluted NI Availto Com Stockholders": 799270000.0,
        "Net Income Common Stockholders": 799270000.0,
        "Net Income": 799270000.0,
        "Minority Interests": -136915000.0,
        "Net Income Including Noncontrolling Interests": 936185000.0,
        "Net Income Continuous Operations": 936185000.0,
        "Tax Provision": 221419000.0,
        "Pretax Income": 1157604000.0,
        "Other Income Expense": 49273000.0,
        "Earnings From Equity Interest": 49273000.0,
        "Gain On Sale Of Security": NaN,
        "Net Non Operating Interest Income Expense": 37179000.0,
        "Total Other Finance Cost": -28856000.0,
        "Interest Expense Non Operating": 7313000.0,
        "Interest Income Non Operating": 15636000.0,
        "Operating Income": 1071152000.0,
        "Operating Expense": 307616000.0,
        "Other Operating Expenses": -2828000.0,
        "Other Taxes": NaN,
        "Provision For Doubtful Accounts": NaN,
        "Depreciation Amortization Depletion Income Statement": NaN,
        "Depreciation And Amortization In Income Statement": NaN,
        "Amortization": NaN,
        "Amortization Of Intangibles Income Statement": NaN,
        "Depreciation Income Statement": NaN,
        "Selling General And Administration": 310444000.0,
        "General And Administrative Expense": NaN,
        "Other Gand A": NaN,
        "Salaries And Wages": NaN,
        "Gross Profit": 1378768000.0,
        "Cost Of Revenue": 3058908000.0,
        "Total Revenue": 4437676000.0,
        "Operating Revenue": 4437676000.0
    },
    "2023-06-30": {
        "Tax Effect Of Unusual Items": NaN,
        "Tax Rate For Calcs": NaN,
        "Normalized EBITDA": NaN,
        "Total Unusual Items": NaN,
        "Total Unusual Items Excluding Goodwill": NaN,
        "Net Income From Continuing Operation Net Minority Interest": NaN,
        "Reconciled Depreciation": NaN,
        "Reconciled Cost Of Revenue": NaN,
        "EBITDA": NaN,
        "EBIT": NaN,
        "Net Interest Income": NaN,
        "Interest Expense": NaN,
        "Interest Income": NaN,
        "Normalized Income": NaN,
        "Net Income From Continuing And Discontinued Operation": NaN,
        "Total Expenses": NaN,
        "Total Operating Income As Reported": NaN,
        "Diluted Average Shares": NaN,
        "Basic Average Shares": NaN,
        "Diluted EPS": NaN,
        "Basic EPS": NaN,
        "Diluted NI Availto Com Stockholders": NaN,
        "Net Income Common Stockholders": NaN,
        "Net Income": NaN,
        "Minority Interests": NaN,
        "Net Income Including Noncontrolling Interests": NaN,
        "Net Income Continuous Operations": NaN,
        "Tax Provision": NaN,
        "Pretax Income": NaN,
        "Other Income Expense": NaN,
        "Special Income Charges": 0.0,
        "Other Special Charges": NaN,
        "Restructuring And Mergern Acquisition": NaN,
        "Earnings From Equity Interest": NaN,
        "Gain On Sale Of Security": NaN,
        "Net Non Operating Interest Income Expense": NaN,
        "Total Other Finance Cost": NaN,
        "Interest Expense Non Operating": NaN,
        "Interest Income Non Operating": NaN,
        "Operating Income": NaN,
        "Operating Expense": NaN,
        "Other Operating Expenses": NaN,
        "Other Taxes": NaN,
        "Provision For Doubtful Accounts": NaN,
        "Depreciation Amortization Depletion Income Statement": NaN,
        "Depreciation And Amortization In Income Statement": NaN,
        "Amortization": NaN,
        "Amortization Of Intangibles Income Statement": NaN,
        "Depreciation Income Statement": NaN,
        "Selling General And Administration": NaN,
        "Selling And Marketing Expense": NaN,
        "General And Administrative Expense": NaN,
        "Other Gand A": NaN,
        "Salaries And Wages": NaN,
        "Gross Profit": NaN,
        "Cost Of Revenue": NaN,
        "Total Revenue": NaN,
        "Operating Revenue": NaN
    },
    "2023-09-30": {
        "Tax Effect Of Unusual Items": NaN,
        "Tax Rate For Calcs": NaN,
        "Normalized EBITDA": NaN,
        "Total Unusual Items": NaN,
        "Total Unusual Items Excluding Goodwill": NaN,
        "Net Income From Continuing Operation Net Minority Interest": NaN,
        "Reconciled Depreciation": NaN,
        "Reconciled Cost Of Revenue": NaN,
        "EBITDA": NaN,
        "EBIT": NaN,
        "Net Interest Income": NaN,
        "Interest Expense": NaN,
        "Interest Income": NaN,
        "Normalized Income": NaN,
        "Net Income From Continuing And Discontinued Operation": NaN,
        "Total Expenses": NaN,
        "Total Operating Income As Reported": NaN,
        "Diluted Average Shares": NaN,
        "Basic Average Shares": NaN,
        "Diluted EPS": NaN,
        "Basic EPS": NaN,
        "Diluted NI Availto Com Stockholders": NaN,
        "Net Income Common Stockholders": NaN,
        "Net Income": NaN,
        "Minority Interests": NaN,
        "Net Income Including Noncontrolling Interests": NaN,
        "Net Income Continuous Operations": NaN,
        "Tax Provision": NaN,
        "Pretax Income": NaN,
        "Other Income Expense": NaN,
        "Special Income Charges": NaN,
        "Other Special Charges": NaN,
        "Restructuring And Mergern Acquisition": 1105991000.0,
        "Earnings From Equity Interest": NaN,
        "Gain On Sale Of Security": NaN,
        "Net Non Operating Interest Income Expense": NaN,
        "Total Other Finance Cost": NaN,
        "Interest Expense Non Operating": NaN,
        "Interest Income Non Operating": NaN,
        "Operating Income": NaN,
        "Operating Expense": NaN,
        "Other Operating Expenses": NaN,
        "Other Taxes": NaN,
        "Provision For Doubtful Accounts": NaN,
        "Depreciation Amortization Depletion Income Statement": NaN,
        "Depreciation And Amortization In Income Statement": NaN,
        "Amortization": NaN,
        "Amortization Of Intangibles Income Statement": NaN,
        "Depreciation Income Statement": NaN,
        "Selling General And Administration": NaN,
        "Selling And Marketing Expense": NaN,
        "General And Administrative Expense": NaN,
        "Other Gand A": NaN,
        "Salaries And Wages": NaN,
        "Gross Profit": NaN,
        "Cost Of Revenue": NaN,
        "Total Revenue": NaN,
        "Operating Revenue": NaN
    },
    "2023-12-31": {
        "Tax Effect Of Unusual Items": NaN,
        "Tax Rate For Calcs": NaN,
        "Normalized EBITDA": NaN,
        "Total Unusual Items": NaN,
        "Total Unusual Items Excluding Goodwill": NaN,
        "Net Income From Continuing Operation Net Minority Interest": NaN,
        "Reconciled Depreciation": NaN,
        "Reconciled Cost Of Revenue": NaN,
        "EBITDA": NaN,
        "EBIT": NaN,
        "Net Interest Income": NaN,
        "Interest Expense": NaN,
        "Interest Income": NaN,
        "Normalized Income": NaN,
        "Net Income From Continuing And Discontinued Operation": NaN,
        "Total Expenses": NaN,
        "Total Operating Income As Reported": NaN,
        "Diluted Average Shares": NaN,
        "Basic Average Shares": NaN,
        "Diluted EPS": NaN,
        "Basic EPS": NaN,
        "Diluted NI Availto Com Stockholders": NaN,
        "Net Income Common Stockholders": NaN,
        "Net Income": NaN,
        "Minority Interests": NaN,
        "Net Income Including Noncontrolling Interests": NaN,
        "Net Income Continuous Operations": NaN,
        "Tax Provision": NaN,
        "Pretax Income": NaN,
        "Other Income Expense": NaN,
        "Special Income Charges": NaN,
        "Other Special Charges": NaN,
        "Restructuring And Mergern Acquisition": 0.0,
        "Earnings From Equity Interest": NaN,
        "Gain On Sale Of Security": 86414000.0,
        "Net Non Operating Interest Income Expense": NaN,
        "Total Other Finance Cost": NaN,
        "Interest Expense Non Operating": NaN,
        "Interest Income Non Operating": NaN,
        "Operating Income": NaN,
        "Operating Expense": NaN,
        "Other Operating Expenses": NaN,
        "Other Taxes": 30026000.0,
        "Provision For Doubtful Accounts": 75000.0,
        "Depreciation Amortization Depletion Income Statement": 18879000.0,
        "Depreciation And Amortization In Income Statement": 18879000.0,
        "Amortization": 14033000.0,
        "Amortization Of Intangibles Income Statement": 14033000.0,
        "Depreciation Income Statement": 4846000.0,
        "Selling General And Administration": NaN,
        "Selling And Marketing Expense": 231559000.0,
        "General And Administrative Expense": 39465000.0,
        "Other Gand A": 47784000.0,
        "Salaries And Wages": -8319000.0,
        "Gross Profit": NaN,
        "Cost Of Revenue": NaN,
        "Total Revenue": NaN,
        "Operating Revenue": NaN
    },
    "2024-03-31": {
        "Tax Effect Of Unusual Items": NaN,
        "Tax Rate For Calcs": NaN,
        "Normalized EBITDA": NaN,
        "Total Unusual Items": NaN,
        "Total Unusual Items Excluding Goodwill": NaN,
        "Net Income From Continuing Operation Net Minority Interest": NaN,
        "Reconciled Depreciation": NaN,
        "Reconciled Cost Of Revenue": NaN,
        "EBITDA": NaN,
        "EBIT": NaN,
        "Net Interest Income": NaN,
        "Interest Expense": NaN,
        "Interest Income": NaN,
        "Normalized Income": NaN,
        "Net Income From Continuing And Discontinued Operation": NaN,
        "Total Expenses": NaN,
        "Total Operating Income As Reported": NaN,
        "Diluted Average Shares": NaN,
        "Basic Average Shares": NaN,
        "Diluted EPS": NaN,
        "Basic EPS": NaN,
        "Diluted NI Availto Com Stockholders": NaN,
        "Net Income Common Stockholders": NaN,
        "Net Income": NaN,
        "Minority Interests": NaN,
        "Net Income Including Noncontrolling Interests": NaN,
        "Net Income Continuous Operations": NaN,
        "Tax Provision": NaN,
        "Pretax Income": NaN,
        "Other Income Expense": NaN,
        "Special Income Charges": NaN,
        "Other Special Charges": NaN,
        "Restructuring And Mergern Acquisition": NaN,
        "Earnings From Equity Interest": NaN,
        "Gain On Sale Of Security": -177894000.0,
        "Net Non Operating Interest Income Expense": NaN,
        "Total Other Finance Cost": NaN,
        "Interest Expense Non Operating": NaN,
        "Interest Income Non Operating": NaN,
        "Operating Income": NaN,
        "Operating Expense": NaN,
        "Other Operating Expenses": NaN,
        "Other Taxes": 36539000.0,
        "Provision For Doubtful Accounts": 1211000.0,
        "Depreciation Amortization Depletion Income Statement": 14733000.0,
        "Depreciation And Amortization In Income Statement": 14733000.0,
        "Amortization": 8880000.0,
        "Amortization Of Intangibles Income Statement": 8880000.0,
        "Depreciation Income Statement": 5853000.0,
        "Selling General And Administration": NaN,
        "Selling And Marketing Expense": 214920000.0,
        "General And Administrative Expense": 160876000.0,
        "Other Gand A": 53664000.0,
        "Salaries And Wages": 107212000.0,
        "Gross Profit": NaN,
        "Cost Of Revenue": NaN,
        "Total Revenue": NaN,
        "Operating Revenue": NaN
    },
    "2024-06-30": {
        "Tax Effect Of Unusual Items": -234900000.0,
        "Tax Rate For Calcs": 0.3,
        "Normalized EBITDA": 575720000.0,
        "Total Unusual Items": -783000000.0,
        "Total Unusual Items Excluding Goodwill": -783000000.0,
        "Net Income From Continuing Operation Net Minority Interest": -727617000.0,
        "Reconciled Depreciation": 184000000.0,
        "Reconciled Cost Of Revenue": 3757556000.0,
        "EBITDA": -207280000.0,
        "EBIT": -391280000.0,
        "Net Interest Income": -38602000.0,
        "Interest Expense": 45029000.0,
        "Interest Income": 73376000.0,
        "Normalized Income": -179517000.0,
        "Net Income From Continuing And Discontinued Operation": -727617000.0,
        "Total Expenses": 4143631000.0,
        "Total Operating Income As Reported": 370521000.0,
        "Diluted Average Shares": 196307678.0,
        "Basic Average Shares": 196307678.0,
        "Diluted EPS": -3.7,
        "Basic EPS": -3.7,
        "Diluted NI Availto Com Stockholders": -727617000.0,
        "Net Income Common Stockholders": -727617000.0,
        "Net Income": -727617000.0,
        "Minority Interests": 15509000.0,
        "Net Income Including Noncontrolling Interests": -743126000.0,
        "Net Income Continuous Operations": -743126000.0,
        "Tax Provision": 306817000.0,
        "Pretax Income": -436309000.0,
        "Other Income Expense": -768228000.0,
        "Special Income Charges": -783000000.0,
        "Other Special Charges": 783000000.0,
        "Restructuring And Mergern Acquisition": NaN,
        "Earnings From Equity Interest": 14772000.0,
        "Gain On Sale Of Security": NaN,
        "Net Non Operating Interest Income Expense": -38602000.0,
        "Total Other Finance Cost": 66949000.0,
        "Interest Expense Non Operating": 45029000.0,
        "Interest Income Non Operating": 73376000.0,
        "Operating Income": 370521000.0,
        "Operating Expense": 386075000.0,
        "Other Operating Expenses": -48504000.0,
        "Other Taxes": NaN,
        "Provision For Doubtful Accounts": NaN,
        "Depreciation Amortization Depletion Income Statement": NaN,
        "Depreciation And Amortization In Income Statement": NaN,
        "Amortization": NaN,
        "Amortization Of Intangibles Income Statement": NaN,
        "Depreciation Income Statement": NaN,
        "Selling General And Administration": 434579000.0,
        "Selling And Marketing Expense": NaN,
        "General And Administrative Expense": NaN,
        "Other Gand A": NaN,
        "Salaries And Wages": NaN,
        "Gross Profit": 756596000.0,
        "Cost Of Revenue": 3757556000.0,
        "Total Revenue": 4514152000.0,
        "Operating Revenue": 4514152000.0
    },
    "2024-09-30": {
        "Tax Effect Of Unusual Items": -9300000.0,
        "Tax Rate For Calcs": 0.3,
        "Normalized EBITDA": 504936000.0,
        "Total Unusual Items": -31000000.0,
        "Total Unusual Items Excluding Goodwill": -31000000.0,
        "Net Income From Continuing Operation Net Minority Interest": 31656000.0,
        "Reconciled Depreciation": 184280000.0,
        "Reconciled Cost Of Revenue": 3901911000.0,
        "EBITDA": 473936000.0,
        "EBIT": 289656000.0,
        "Net Interest Income": 74162000.0,
        "Interest Expense": 54149000.0,
        "Interest Income": 71323000.0,
        "Normalized Income": 53356000.0,
        "Net Income From Continuing And Discontinued Operation": 31656000.0,
        "Total Expenses": 4304858000.0,
        "Total Operating Income As Reported": 175498000.0,
        "Diluted Average Shares": 196307678.0,
        "Basic Average Shares": 196307678.0,
        "Diluted EPS": 0.2,
        "Basic EPS": 0.2,
        "Diluted NI Availto Com Stockholders": 31656000.0,
        "Net Income Common Stockholders": 31656000.0,
        "Net Income": 31656000.0,
        "Minority Interests": -61049000.0,
        "Net Income Including Noncontrolling Interests": 92705000.0,
        "Net Income Continuous Operations": 92705000.0,
        "Tax Provision": 142802000.0,
        "Pretax Income": 235507000.0,
        "Other Income Expense": -14153000.0,
        "Special Income Charges": -31000000.0,
        "Other Special Charges": 31000000.0,
        "Restructuring And Mergern Acquisition": 0.0,
        "Earnings From Equity Interest": 16847000.0,
        "Gain On Sale Of Security": NaN,
        "Net Non Operating Interest Income Expense": 74162000.0,
        "Total Other Finance Cost": -56988000.0,
        "Interest Expense Non Operating": 54149000.0,
        "Interest Income Non Operating": 71323000.0,
        "Operating Income": 175498000.0,
        "Operating Expense": 402947000.0,
        "Other Operating Expenses": -9081000.0,
        "Other Taxes": NaN,
        "Provision For Doubtful Accounts": NaN,
        "Depreciation Amortization Depletion Income Statement": NaN,
        "Depreciation And Amortization In Income Statement": NaN,
        "Amortization": NaN,
        "Amortization Of Intangibles Income Statement": NaN,
        "Depreciation Income Statement": NaN,
        "Selling General And Administration": 412028000.0,
        "Selling And Marketing Expense": NaN,
        "General And Administrative Expense": NaN,
        "Other Gand A": NaN,
        "Salaries And Wages": NaN,
        "Gross Profit": 578445000.0,
        "Cost Of Revenue": 3901911000.0,
        "Total Revenue": 4480356000.0,
        "Operating Revenue": 4480356000.0
    },
    "2024-12-31": {
        "Tax Effect Of Unusual Items": 57782761.846219,
        "Tax Rate For Calcs": 0.161661,
        "Normalized EBITDA": 280482000.0,
        "Total Unusual Items": 357431000.0,
        "Total Unusual Items Excluding Goodwill": 357431000.0,
        "Net Income From Continuing Operation Net Minority Interest": 280853000.0,
        "Reconciled Depreciation": 188854000.0,
        "Reconciled Cost Of Revenue": 3256541000.0,
        "EBITDA": 637913000.0,
        "EBIT": 449059000.0,
        "Net Interest Income": 7179000.0,
        "Interest Expense": 52118000.0,
        "Interest Income": 70567000.0,
        "Normalized Income": -18795238.153781,
        "Net Income From Continuing And Discontinued Operation": 280853000.0,
        "Total Expenses": 3861853000.0,
        "Total Operating Income As Reported": 42436000.0,
        "Diluted Average Shares": 196307678.0,
        "Basic Average Shares": 196307678.0,
        "Diluted EPS": 1.43,
        "Basic EPS": 1.43,
        "Diluted NI Availto Com Stockholders": 280853000.0,
        "Net Income Common Stockholders": 280853000.0,
        "Net Income": 280853000.0,
        "Minority Interests": -51918000.0,
        "Net Income Including Noncontrolling Interests": 332771000.0,
        "Net Income Continuous Operations": 332771000.0,
        "Tax Provision": 64170000.0,
        "Pretax Income": 396941000.0,
        "Other Income Expense": 375360000.0,
        "Special Income Charges": 431834000.0,
        "Other Special Charges": -464269000.0,
        "Restructuring And Mergern Acquisition": 0.0,
        "Earnings From Equity Interest": 17929000.0,
        "Gain On Sale Of Security": -74403000.0,
        "Net Non Operating Interest Income Expense": 7179000.0,
        "Total Other Finance Cost": 11270000.0,
        "Interest Expense Non Operating": 52118000.0,
        "Interest Income Non Operating": 70567000.0,
        "Operating Income": 14402000.0,
        "Operating Expense": 435840000.0,
        "Other Operating Expenses": 62854000.0,
        "Other Taxes": 38395000.0,
        "Provision For Doubtful Accounts": 449000.0,
        "Depreciation Amortization Depletion Income Statement": 19382000.0,
        "Depreciation And Amortization In Income Statement": 19382000.0,
        "Amortization": 13258000.0,
        "Amortization Of Intangibles Income Statement": 13258000.0,
        "Depreciation Income Statement": 6124000.0,
        "Selling General And Administration": 311344000.0,
        "Selling And Marketing Expense": 172006000.0,
        "General And Administrative Expense": 139338000.0,
        "Other Gand A": 54100000.0,
        "Salaries And Wages": 85238000.0,
        "Gross Profit": 450242000.0,
        "Cost Of Revenue": 3426013000.0,
        "Total Revenue": 3876255000.0,
        "Operating Revenue": 3876255000.0
    },
    "2025-03-31": {
        "Tax Effect Of Unusual Items": 2020620.0,
        "Tax Rate For Calcs": 0.14,
        "Normalized EBITDA": 389066000.0,
        "Total Unusual Items": 14433000.0,
        "Total Unusual Items Excluding Goodwill": 14433000.0,
        "Net Income From Continuing Operation Net Minority Interest": 66978000.0,
        "Reconciled Depreciation": 184099000.0,
        "Reconciled Cost Of Revenue": 3237205000.0,
        "EBITDA": 403499000.0,
        "EBIT": 219400000.0,
        "Net Interest Income": 2928000.0,
        "Interest Expense": 54342000.0,
        "Interest Income": 68491000.0,
        "Normalized Income": 54565620.0,
        "Net Income From Continuing And Discontinued Operation": 66978000.0,
        "Total Expenses": 3800982000.0,
        "Total Operating Income As Reported": 131826000.0,
        "Diluted Average Shares": 196307678.0,
        "Basic Average Shares": 196307678.0,
        "Diluted EPS": 0.3,
        "Basic EPS": 0.3,
        "Diluted NI Availto Com Stockholders": 66978000.0,
        "Net Income Common Stockholders": 66978000.0,
        "Net Income": 66978000.0,
        "Minority Interests": -75353000.0,
        "Net Income Including Noncontrolling Interests": 142331000.0,
        "Net Income Continuous Operations": 142331000.0,
        "Tax Provision": 22727000.0,
        "Pretax Income": 165058000.0,
        "Other Income Expense": 30304000.0,
        "Special Income Charges": -45300000.0,
        "Other Special Charges": 45300000.0,
        "Restructuring And Mergern Acquisition": NaN,
        "Earnings From Equity Interest": 15871000.0,
        "Gain On Sale Of Security": 59733000.0,
        "Net Non Operating Interest Income Expense": 2928000.0,
        "Total Other Finance Cost": 11221000.0,
        "Interest Expense Non Operating": 54342000.0,
        "Interest Income Non Operating": 68491000.0,
        "Operating Income": 131826000.0,
        "Operating Expense": 399124000.0,
        "Other Operating Expenses": 2924000.0,
        "Other Taxes": 36334000.0,
        "Provision For Doubtful Accounts": -616000.0,
        "Depreciation Amortization Depletion Income Statement": 19446000.0,
        "Depreciation And Amortization In Income Statement": 19446000.0,
        "Amortization": 13055000.0,
        "Amortization Of Intangibles Income Statement": 13055000.0,
        "Depreciation Income Statement": 6391000.0,
        "Selling General And Administration": 338536000.0,
        "Selling And Marketing Expense": 184169000.0,
        "General And Administrative Expense": 154367000.0,
        "Other Gand A": 56732000.0,
        "Salaries And Wages": 97635000.0,
        "Gross Profit": 530950000.0,
        "Cost Of Revenue": 3401858000.0,
        "Total Revenue": 3932808000.0,
        "Operating Revenue": 3932808000.0
    },
    "2025-06-30": {
        "Tax Effect Of Unusual Items": -11910000.0,
        "Tax Rate For Calcs": 0.3,
        "Normalized EBITDA": 447655000.0,
        "Total Unusual Items": -39700000.0,
        "Total Unusual Items Excluding Goodwill": -39700000.0,
        "Net Income From Continuing Operation Net Minority Interest": 215446000.0,
        "Reconciled Depreciation": 196758000.0,
        "Reconciled Cost Of Revenue": 3336863000.0,
        "EBITDA": 407955000.0,
        "EBIT": 211197000.0,
        "Net Interest Income": -29546000.0,
        "Interest Expense": 56318000.0,
        "Interest Income": 57458000.0,
        "Normalized Income": 243236000.0,
        "Net Income From Continuing And Discontinued Operation": 215446000.0,
        "Total Expenses": 3747712000.0,
        "Total Operating Income As Reported": 199227000.0,
        "Diluted Average Shares": 196307678.0,
        "Basic Average Shares": 196307678.0,
        "Diluted EPS": 1.1,
        "Basic EPS": 1.1,
        "Diluted NI Availto Com Stockholders": 215446000.0,
        "Net Income Common Stockholders": 215446000.0,
        "Net Income": 215446000.0,
        "Minority Interests": -43869000.0,
        "Net Income Including Noncontrolling Interests": 259315000.0,
        "Net Income Continuous Operations": 259315000.0,
        "Tax Provision": -104436000.0,
        "Pretax Income": 154879000.0,
        "Other Income Expense": -14802000.0,
        "Special Income Charges": -39700000.0,
        "Other Special Charges": 39700000.0,
        "Restructuring And Mergern Acquisition": NaN,
        "Earnings From Equity Interest": 24898000.0,
        "Gain On Sale Of Security": NaN,
        "Net Non Operating Interest Income Expense": -29546000.0,
        "Total Other Finance Cost": 30686000.0,
        "Interest Expense Non Operating": 56318000.0,
        "Interest Income Non Operating": 57458000.0,
        "Operating Income": 199227000.0,
        "Operating Expense": 410849000.0,
        "Other Operating Expenses": 7949000.0,
        "Other Taxes": NaN,
        "Provision For Doubtful Accounts": NaN,
        "Depreciation Amortization Depletion Income Statement": NaN,
        "Depreciation And Amortization In Income Statement": NaN,
        "Amortization": NaN,
        "Amortization Of Intangibles Income Statement": NaN,
        "Depreciation Income Statement": NaN,
        "Selling General And Administration": 402900000.0,
        "Selling And Marketing Expense": NaN,
        "General And Administrative Expense": NaN,
        "Other Gand A": NaN,
        "Salaries And Wages": NaN,
        "Gross Profit": 610076000.0,
        "Cost Of Revenue": 3336863000.0,
        "Total Revenue": 3946939000.0,
        "Operating Revenue": 3946939000.0
    }
}