{
    "2023-06-30": {
        "Tax Effect Of Unusual Items": NaN,
        "Tax Rate For Calcs": NaN,
        "Normalized EBITDA": NaN,
        "Total Unusual Items": NaN,
        "Total Unusual Items Excluding Goodwill": NaN,
        "Net Income From Continuing Operation Net Minority Interest": NaN,
        "Reconciled Depreciation": NaN,
        "Reconciled Cost Of Revenue": NaN,
        "EBITDA": NaN,
        "EBIT": NaN,
        "Net Interest Income": NaN,
        "Interest Expense": NaN,
        "Normalized Income": NaN,
        "Net Income From Continuing And Discontinued Operation": NaN,
        "Total Expenses": NaN,
        "Total Operating Income As Reported": NaN,
        "Diluted Average Shares": NaN,
        "Basic Average Shares": NaN,
        "Diluted EPS": NaN,
        "Basic EPS": NaN,
        "Diluted NI Availto Com Stockholders": NaN,
        "Average Dilution Earnings": NaN,
        "Net Income Common Stockholders": NaN,
        "Otherunder Preferred Stock Dividend": 8000000.0,
        "Net Income": NaN,
        "Net Income Including Noncontrolling Interests": NaN,
        "Net Income Continuous Operations": NaN,
        "Tax Provision": NaN,
        "Pretax Income": NaN,
        "Other Income Expense": NaN,
        "Other Non Operating Income Expenses": NaN,
        "Special Income Charges": NaN,
        "Restructuring And Mergern Acquisition": NaN,
        "Net Non Operating Interest Income Expense": NaN,
        "Interest Expense Non Operating": NaN,
        "Operating Income": NaN,
        "Operating Expense": NaN,
        "Research And Development": NaN,
        "Selling General And Administration": NaN,
        "Gross Profit": NaN,
        "Cost Of Revenue": NaN,
        "Total Revenue": NaN,
        "Operating Revenue": NaN
    },
    "2023-03-31": {
        "Tax Effect Of Unusual Items": NaN,
        "Tax Rate For Calcs": NaN,
        "Normalized EBITDA": NaN,
        "Total Unusual Items": NaN,
        "Total Unusual Items Excluding Goodwill": NaN,
        "Net Income From Continuing Operation Net Minority Interest": NaN,
        "Reconciled Depreciation": NaN,
        "Reconciled Cost Of Revenue": NaN,
        "EBITDA": NaN,
        "EBIT": NaN,
        "Net Interest Income": NaN,
        "Interest Expense": NaN,
        "Normalized Income": NaN,
        "Net Income From Continuing And Discontinued Operation": NaN,
        "Total Expenses": NaN,
        "Total Operating Income As Reported": NaN,
        "Diluted Average Shares": NaN,
        "Basic Average Shares": NaN,
        "Diluted EPS": NaN,
        "Basic EPS": NaN,
        "Diluted NI Availto Com Stockholders": NaN,
        "Average Dilution Earnings": -9000000.0,
        "Net Income Common Stockholders": NaN,
        "Otherunder Preferred Stock Dividend": NaN,
        "Net Income": NaN,
        "Net Income Including Noncontrolling Interests": NaN,
        "Net Income Continuous Operations": NaN,
        "Tax Provision": NaN,
        "Pretax Income": NaN,
        "Other Income Expense": NaN,
        "Other Non Operating Income Expenses": NaN,
        "Special Income Charges": NaN,
        "Restructuring And Mergern Acquisition": NaN,
        "Net Non Operating Interest Income Expense": NaN,
        "Interest Expense Non Operating": NaN,
        "Operating Income": NaN,
        "Operating Expense": NaN,
        "Research And Development": NaN,
        "Selling General And Administration": NaN,
        "Gross Profit": NaN,
        "Cost Of Revenue": NaN,
        "Total Revenue": NaN,
        "Operating Revenue": NaN
    },
    "2022-12-31": {
        "Tax Effect Of Unusual Items": NaN,
        "Tax Rate For Calcs": NaN,
        "Normalized EBITDA": NaN,
        "Total Unusual Items": NaN,
        "Total Unusual Items Excluding Goodwill": NaN,
        "Net Income From Continuing Operation Net Minority Interest": NaN,
        "Reconciled Depreciation": NaN,
        "Reconciled Cost Of Revenue": NaN,
        "EBITDA": NaN,
        "EBIT": NaN,
        "Net Interest Income": NaN,
        "Interest Expense": NaN,
        "Normalized Income": NaN,
        "Net Income From Continuing And Discontinued Operation": NaN,
        "Total Expenses": NaN,
        "Total Operating Income As Reported": NaN,
        "Diluted Average Shares": NaN,
        "Basic Average Shares": NaN,
        "Diluted EPS": NaN,
        "Basic EPS": NaN,
        "Diluted NI Availto Com Stockholders": NaN,
        "Average Dilution Earnings": NaN,
        "Net Income Common Stockholders": NaN,
        "Otherunder Preferred Stock Dividend": 10000000.0,
        "Net Income": NaN,
        "Net Income Including Noncontrolling Interests": NaN,
        "Net Income Continuous Operations": NaN,
        "Tax Provision": NaN,
        "Pretax Income": NaN,
        "Other Income Expense": NaN,
        "Other Non Operating Income Expenses": NaN,
        "Special Income Charges": NaN,
        "Restructuring And Mergern Acquisition": NaN,
        "Net Non Operating Interest Income Expense": NaN,
        "Interest Expense Non Operating": NaN,
        "Operating Income": NaN,
        "Operating Expense": NaN,
        "Research And Development": NaN,
        "Selling General And Administration": NaN,
        "Gross Profit": NaN,
        "Cost Of Revenue": NaN,
        "Total Revenue": NaN,
        "Operating Revenue": NaN
    },
    "2022-09-30": {
        "Tax Effect Of Unusual Items": NaN,
        "Tax Rate For Calcs": NaN,
        "Normalized EBITDA": NaN,
        "Total Unusual Items": NaN,
        "Total Unusual Items Excluding Goodwill": NaN,
        "Net Income From Continuing Operation Net Minority Interest": NaN,
        "Reconciled Depreciation": NaN,
        "Reconciled Cost Of Revenue": NaN,
        "EBITDA": NaN,
        "EBIT": NaN,
        "Net Interest Income": NaN,
        "Interest Expense": NaN,
        "Normalized Income": NaN,
        "Net Income From Continuing And Discontinued Operation": NaN,
        "Total Expenses": NaN,
        "Total Operating Income As Reported": NaN,
        "Diluted Average Shares": NaN,
        "Basic Average Shares": NaN,
        "Diluted EPS": NaN,
        "Basic EPS": NaN,
        "Diluted NI Availto Com Stockholders": NaN,
        "Average Dilution Earnings": NaN,
        "Net Income Common Stockholders": NaN,
        "Otherunder Preferred Stock Dividend": 11000000.0,
        "Net Income": NaN,
        "Net Income Including Noncontrolling Interests": NaN,
        "Net Income Continuous Operations": NaN,
        "Tax Provision": NaN,
        "Pretax Income": NaN,
        "Other Income Expense": NaN,
        "Other Non Operating Income Expenses": NaN,
        "Special Income Charges": NaN,
        "Restructuring And Mergern Acquisition": NaN,
        "Net Non Operating Interest Income Expense": NaN,
        "Interest Expense Non Operating": NaN,
        "Operating Income": NaN,
        "Operating Expense": NaN,
        "Research And Development": NaN,
        "Selling General And Administration": NaN,
        "Gross Profit": NaN,
        "Cost Of Revenue": NaN,
        "Total Revenue": NaN,
        "Operating Revenue": NaN
    },
    "2022-06-30": {
        "Tax Effect Of Unusual Items": -9600895.188363,
        "Tax Rate For Calcs": 0.145468,
        "Normalized EBITDA": 3036000000.0,
        "Total Unusual Items": -66000000.0,
        "Total Unusual Items Excluding Goodwill": -66000000.0,
        "Net Income From Continuing Operation Net Minority Interest": 2291000000.0,
        "Reconciled Depreciation": 240000000.0,
        "Reconciled Cost Of Revenue": 1587000000.0,
        "EBITDA": 2970000000.0,
        "EBIT": 2730000000.0,
        "Net Interest Income": -49000000.0,
        "Interest Expense": 49000000.0,
        "Normalized Income": 2347399104.811637,
        "Net Income From Continuing And Discontinued Operation": 2291000000.0,
        "Total Expenses": 2423000000.0,
        "Total Operating Income As Reported": 2723000000.0,
        "Diluted Average Shares": 930000000.0,
        "Basic Average Shares": 920000000.0,
        "Diluted EPS": 2.45,
        "Basic EPS": 2.48,
        "Diluted NI Availto Com Stockholders": 2281000000.0,
        "Average Dilution Earnings": -10000000.0,
        "Net Income Common Stockholders": 2291000000.0,
        "Otherunder Preferred Stock Dividend": 10000000.0,
        "Net Income": 2291000000.0,
        "Net Income Including Noncontrolling Interests": 2291000000.0,
        "Net Income Continuous Operations": 2291000000.0,
        "Tax Provision": 390000000.0,
        "Pretax Income": 2681000000.0,
        "Other Income Expense": -59000000.0,
        "Other Non Operating Income Expenses": 7000000.0,
        "Special Income Charges": -66000000.0,
        "Restructuring And Mergern Acquisition": 66000000.0,
        "Net Non Operating Interest Income Expense": -49000000.0,
        "Interest Expense Non Operating": 49000000.0,
        "Operating Income": 2789000000.0,
        "Operating Expense": 836000000.0,
        "Research And Development": 414000000.0,
        "Selling General And Administration": 422000000.0,
        "Gross Profit": 3625000000.0,
        "Cost Of Revenue": 1587000000.0,
        "Total Revenue": 5212000000.0,
        "Operating Revenue": 5212000000.0
    },
    "2022-03-31": {
        "Diluted EPS": 2.35,
        "Total Revenue": NaN,
        "Gross Profit": NaN,
        "Operating Income": NaN,
        "EBIT": NaN,
        "Net Income": NaN
    },
    "2021-12-31": {
        "Diluted EPS": 2.27,
        "Total Revenue": NaN,
        "Gross Profit": NaN,
        "Operating Income": NaN,
        "EBIT": NaN,
        "Net Income": NaN
    },
    "2021-09-30": {
        "Diluted EPS": 2.07,
        "Total Revenue": NaN,
        "Gross Profit": NaN,
        "Operating Income": NaN,
        "EBIT": NaN,
        "Net Income": NaN
    },
    "2021-06-30": {
        "Diluted EPS": 2.05,
        "Total Revenue": NaN,
        "Gross Profit": NaN,
        "Operating Income": NaN,
        "EBIT": NaN,
        "Net Income": NaN
    },
    "2021-03-31": {
        "Diluted EPS": 1.87,
        "Total Revenue": NaN,
        "Gross Profit": NaN,
        "Operating Income": NaN,
        "EBIT": NaN,
        "Net Income": NaN
    },
    "2020-12-31": {
        "Diluted EPS": 1.8,
        "Total Revenue": NaN,
        "Gross Profit": NaN,
        "Operating Income": NaN,
        "EBIT": NaN,
        "Net Income": NaN
    },
    "2020-09-30": {
        "Diluted EPS": 1.45,
        "Total Revenue": NaN,
        "Gross Profit": NaN,
        "Operating Income": NaN,
        "EBIT": NaN,
        "Net Income": NaN
    },
    "2020-06-30": {
        "Diluted EPS": 1.48,
        "Total Revenue": NaN,
        "Gross Profit": NaN,
        "Operating Income": NaN,
        "EBIT": NaN,
        "Net Income": NaN
    },
    "2020-03-31": {
        "Diluted EPS": 1.24,
        "Total Revenue": NaN,
        "Gross Profit": NaN,
        "Operating Income": NaN,
        "EBIT": NaN,
        "Net Income": NaN
    },
    "2019-12-31": {
        "Diluted EPS": 1.13,
        "Total Revenue": NaN,
        "Gross Profit": NaN,
        "Operating Income": NaN,
        "EBIT": NaN,
        "Net Income": NaN
    },
    "2019-09-30": {
        "Diluted EPS": 1.49,
        "Total Revenue": NaN,
        "Gross Profit": NaN,
        "Operating Income": NaN,
        "EBIT": NaN,
        "Net Income": NaN
    },
    "2019-06-30": {
        "Diluted EPS": 1.36,
        "Total Revenue": NaN,
        "Gross Profit": NaN,
        "Operating Income": NaN,
        "EBIT": NaN,
        "Net Income": NaN
    },
    "2019-03-31": {
        "Diluted EPS": 1.26,
        "Total Revenue": NaN,
        "Gross Profit": NaN,
        "Operating Income": NaN,
        "EBIT": NaN,
        "Net Income": NaN
    },
    "2018-12-31": {
        "Diluted EPS": 1.26,
        "Total Revenue": NaN,
        "Gross Profit": NaN,
        "Operating Income": NaN,
        "EBIT": NaN,
        "Net Income": NaN
    },
    "2018-09-30": {
        "Diluted EPS": 1.58,
        "Total Revenue": NaN,
        "Gross Profit": NaN,
        "Operating Income": NaN,
        "EBIT": NaN,
        "Net Income": NaN
    },
    "2018-06-30": {
        "Diluted EPS": 1.4,
        "Total Revenue": NaN,
        "Gross Profit": NaN,
        "Operating Income": NaN,
        "EBIT": NaN,
        "Net Income": NaN
    },
    "2018-03-31": {
        "Diluted EPS": 1.35,
        "Total Revenue": NaN,
        "Gross Profit": NaN,
        "Operating Income": NaN,
        "EBIT": NaN,
        "Net Income": NaN
    },
    "2017-12-31": {
        "Diluted EPS": 0.35,
        "Total Revenue": NaN,
        "Gross Profit": NaN,
        "Operating Income": NaN,
        "EBIT": NaN,
        "Net Income": 310
    },
    "2017-09-30": {
        "Diluted EPS": 1.26,
        "Total Revenue": NaN,
        "Gross Profit": NaN,
        "Operating Income": NaN,
        "EBIT": NaN,
        "Net Income": NaN
    },
    "2017-06-30": {
        "Diluted EPS": 1.03,
        "Total Revenue": NaN,
        "Gross Profit": NaN,
        "Operating Income": NaN,
        "EBIT": NaN,
        "Net Income": NaN
    },
    "2017-03-31": {
        "Diluted EPS": 0.97,
        "Total Revenue": NaN,
        "Gross Profit": NaN,
        "Operating Income": NaN,
        "EBIT": NaN,
        "Net Income": 997
    },
    "2016-12-31": {
        "Diluted EPS": 1.02,
        "Total Revenue": NaN,
        "Gross Profit": NaN,
        "Operating Income": NaN,
        "EBIT": NaN,
        "Net Income": NaN
    },
    "2016-09-30": {
        "Diluted EPS": 0.98,
        "Total Revenue": NaN,
        "Gross Profit": NaN,
        "Operating Income": NaN,
        "EBIT": NaN,
        "Net Income": NaN
    },
    "2016-06-30": {
        "Diluted EPS": 0.79,
        "Total Revenue": NaN,
        "Gross Profit": NaN,
        "Operating Income": NaN,
        "EBIT": NaN,
        "Net Income": 819
    },
    "2016-03-31": {
        "Diluted EPS": 0.69,
        "Total Revenue": NaN,
        "Gross Profit": NaN,
        "Operating Income": 984,
        "EBIT": NaN,
        "Net Income": 711
    },
    "2015-12-31": {
        "Diluted EPS": 0.8,
        "Total Revenue": NaN,
        "Gross Profit": NaN,
        "Operating Income": NaN,
        "EBIT": NaN,
        "Net Income": 836
    },
    "2015-09-30": {
        "Diluted EPS": 0.76,
        "Total Revenue": NaN,
        "Gross Profit": NaN,
        "Operating Income": NaN,
        "EBIT": NaN,
        "Net Income": 798
    },
    "2015-06-30": {
        "Diluted EPS": 0.65,
        "Total Revenue": NaN,
        "Gross Profit": NaN,
        "Operating Income": NaN,
        "EBIT": NaN,
        "Net Income": 696
    },
    "2015-03-31": {
        "Diluted EPS": 0.61,
        "Total Revenue": NaN,
        "Gross Profit": NaN,
        "Operating Income": 958,
        "EBIT": NaN,
        "Net Income": 656
    },
    "2014-12-31": {
        "Diluted EPS": 0.75,
        "Total Revenue": NaN,
        "Gross Profit": NaN,
        "Operating Income": NaN,
        "EBIT": NaN,
        "Net Income": 811
    },
    "2014-09-30": {
        "Diluted EPS": 0.76,
        "Total Revenue": NaN,
        "Gross Profit": NaN,
        "Operating Income": NaN,
        "EBIT": NaN,
        "Net Income": 813
    },
    "2014-06-30": {
        "Diluted EPS": 0.62,
        "Total Revenue": NaN,
        "Gross Profit": NaN,
        "Operating Income": 982,
        "EBIT": NaN,
        "Net Income": 673
    },
    "2014-03-31": {
        "Diluted EPS": 0.44,
        "Total Revenue": NaN,
        "Gross Profit": NaN,
        "Operating Income": 690,
        "EBIT": NaN,
        "Net Income": 480
    },
    "2013-12-31": {
        "Diluted EPS": 0.45,
        "Total Revenue": NaN,
        "Gross Profit": NaN,
        "Operating Income": 687,
        "EBIT": NaN,
        "Net Income": 503
    },
    "2013-09-30": {
        "Diluted EPS": 0.56,
        "Total Revenue": NaN,
        "Gross Profit": NaN,
        "Operating Income": 844,
        "EBIT": NaN,
        "Net Income": 618
    },
    "2013-06-30": {
        "Diluted EPS": 0.58,
        "Total Revenue": NaN,
        "Gross Profit": NaN,
        "Operating Income": 906,
        "EBIT": NaN,
        "Net Income": 649
    },
    "2013-03-31": {
        "Diluted EPS": 0.32,
        "Total Revenue": NaN,
        "Gross Profit": NaN,
        "Operating Income": 395,
        "EBIT": 740,
        "Net Income": 355
    },
    "2012-12-31": {
        "Diluted EPS": 0.24,
        "Total Revenue": NaN,
        "Gross Profit": NaN,
        "Operating Income": 138,
        "EBIT": 557,
        "Net Income": 260
    },
    "2012-09-30": {
        "Diluted EPS": 0.67,
        "Total Revenue": NaN,
        "Gross Profit": NaN,
        "Operating Income": 840,
        "EBIT": NaN,
        "Net Income": 769
    },
    "2012-06-30": {
        "Diluted EPS": 0.38,
        "Total Revenue": NaN,
        "Gross Profit": NaN,
        "Operating Income": 598,
        "EBIT": 924,
        "Net Income": 438
    },
    "2012-03-31": {
        "Diluted EPS": 0.22,
        "Total Revenue": NaN,
        "Gross Profit": NaN,
        "Operating Income": 397,
        "EBIT": 726,
        "Net Income": 261
    },
    "2011-12-31": {
        "Diluted EPS": 0.26,
        "Total Revenue": NaN,
        "Gross Profit": NaN,
        "Operating Income": 365,
        "EBIT": 790,
        "Net Income": 293
    },
    "2011-09-30": {
        "Diluted EPS": 0.51,
        "Total Revenue": NaN,
        "Gross Profit": NaN,
        "Operating Income": 814,
        "EBIT": NaN,
        "Net Income": 591
    },
    "2011-06-30": {
        "Diluted EPS": 0.56,
        "Total Revenue": NaN,
        "Gross Profit": NaN,
        "Operating Income": 905,
        "EBIT": NaN,
        "Net Income": 661
    },
    "2011-03-31": {
        "Diluted EPS": 0.55,
        "Total Revenue": NaN,
        "Gross Profit": NaN,
        "Operating Income": 908,
        "EBIT": NaN,
        "Net Income": 656
    },
    "2010-12-31": {
        "Diluted EPS": 0.77,
        "Total Revenue": NaN,
        "Gross Profit": NaN,
        "Operating Income": NaN,
        "EBIT": NaN,
        "Net Income": 922
    },
    "2010-09-30": {
        "Diluted EPS": 0.71,
        "Total Revenue": NaN,
        "Gross Profit": NaN,
        "Operating Income": NaN,
        "EBIT": NaN,
        "Net Income": 846
    },
    "2010-06-30": {
        "Diluted EPS": 0.62,
        "Total Revenue": NaN,
        "Gross Profit": NaN,
        "Operating Income": NaN,
        "EBIT": NaN,
        "Net Income": 758
    },
    "2010-03-31": {
        "Diluted EPS": 0.52,
        "Total Revenue": NaN,
        "Gross Profit": NaN,
        "Operating Income": 950,
        "EBIT": NaN,
        "Net Income": 658
    },
    "2009-12-31": {
        "Diluted EPS": 0.52,
        "Total Revenue": NaN,
        "Gross Profit": NaN,
        "Operating Income": 875,
        "EBIT": NaN,
        "Net Income": 641
    },
    "2009-09-30": {
        "Diluted EPS": 0.42,
        "Total Revenue": NaN,
        "Gross Profit": NaN,
        "Operating Income": 763,
        "EBIT": 992,
        "Net Income": 538
    },
    "2009-06-30": {
        "Diluted EPS": 0.2,
        "Total Revenue": NaN,
        "Gross Profit": NaN,
        "Operating Income": 343,
        "EBIT": 576,
        "Net Income": 260
    },
    "2009-03-31": {
        "Diluted EPS": 0.01,
        "Total Revenue": NaN,
        "Gross Profit": 806,
        "Operating Income": 10,
        "EBIT": 250,
        "Net Income": 17
    },
    "2023-09-30": {
        "Tax Effect Of Unusual Items": NaN,
        "Tax Rate For Calcs": NaN,
        "Normalized EBITDA": NaN,
        "Total Unusual Items": NaN,
        "Total Unusual Items Excluding Goodwill": NaN,
        "Net Income From Continuing Operation Net Minority Interest": NaN,
        "Reconciled Depreciation": NaN,
        "Reconciled Cost Of Revenue": NaN,
        "EBITDA": NaN,
        "EBIT": NaN,
        "Net Interest Income": NaN,
        "Interest Expense": NaN,
        "Normalized Income": NaN,
        "Net Income From Continuing And Discontinued Operation": NaN,
        "Total Expenses": NaN,
        "Total Operating Income As Reported": NaN,
        "Diluted Average Shares": NaN,
        "Basic Average Shares": NaN,
        "Diluted EPS": NaN,
        "Basic EPS": NaN,
        "Diluted NI Availto Com Stockholders": NaN,
        "Average Dilution Earnings": -1000000.0,
        "Net Income Common Stockholders": NaN,
        "Otherunder Preferred Stock Dividend": 9000000.0,
        "Net Income": NaN,
        "Net Income Including Noncontrolling Interests": NaN,
        "Net Income Continuous Operations": NaN,
        "Tax Provision": NaN,
        "Pretax Income": NaN,
        "Other Income Expense": NaN,
        "Other Non Operating Income Expenses": NaN,
        "Special Income Charges": NaN,
        "Restructuring And Mergern Acquisition": NaN,
        "Net Non Operating Interest Income Expense": NaN,
        "Interest Expense Non Operating": NaN,
        "Operating Income": NaN,
        "Operating Expense": NaN,
        "Research And Development": NaN,
        "Selling General And Administration": NaN,
        "Gross Profit": NaN,
        "Cost Of Revenue": NaN,
        "Total Revenue": NaN,
        "Operating Revenue": NaN
    },
    "2023-12-31": {
        "Tax Effect Of Unusual Items": NaN,
        "Tax Rate For Calcs": NaN,
        "Normalized EBITDA": NaN,
        "Total Unusual Items": NaN,
        "Total Unusual Items Excluding Goodwill": NaN,
        "Net Income From Continuing Operation Net Minority Interest": NaN,
        "Reconciled Depreciation": NaN,
        "Reconciled Cost Of Revenue": NaN,
        "EBITDA": NaN,
        "EBIT": NaN,
        "Net Interest Income": NaN,
        "Interest Expense": NaN,
        "Normalized Income": NaN,
        "Net Income From Continuing And Discontinued Operation": NaN,
        "Total Expenses": NaN,
        "Total Operating Income As Reported": NaN,
        "Diluted Average Shares": NaN,
        "Basic Average Shares": NaN,
        "Diluted EPS": NaN,
        "Basic EPS": NaN,
        "Diluted NI Availto Com Stockholders": NaN,
        "Average Dilution Earnings": 0.0,
        "Net Income Common Stockholders": NaN,
        "Otherunder Preferred Stock Dividend": 7000000.0,
        "Net Income": NaN,
        "Net Income Including Noncontrolling Interests": NaN,
        "Net Income Continuous Operations": NaN,
        "Tax Provision": NaN,
        "Pretax Income": NaN,
        "Other Income Expense": NaN,
        "Other Non Operating Income Expenses": NaN,
        "Special Income Charges": NaN,
        "Restructuring And Mergern Acquisition": NaN,
        "Net Non Operating Interest Income Expense": NaN,
        "Interest Expense Non Operating": NaN,
        "Operating Income": NaN,
        "Operating Expense": NaN,
        "Research And Development": NaN,
        "Selling General And Administration": NaN,
        "Gross Profit": NaN,
        "Cost Of Revenue": NaN,
        "Total Revenue": NaN,
        "Operating Revenue": NaN
    },
    "2024-03-31": {
        "Tax Effect Of Unusual Items": NaN,
        "Tax Rate For Calcs": NaN,
        "Normalized EBITDA": NaN,
        "Total Unusual Items": NaN,
        "Total Unusual Items Excluding Goodwill": NaN,
        "Net Income From Continuing Operation Net Minority Interest": NaN,
        "Reconciled Depreciation": NaN,
        "Reconciled Cost Of Revenue": NaN,
        "EBITDA": NaN,
        "EBIT": NaN,
        "Net Interest Income": NaN,
        "Interest Expense": NaN,
        "Normalized Income": NaN,
        "Net Income From Continuing And Discontinued Operation": NaN,
        "Total Expenses": NaN,
        "Total Operating Income As Reported": NaN,
        "Diluted Average Shares": NaN,
        "Basic Average Shares": NaN,
        "Diluted EPS": NaN,
        "Basic EPS": NaN,
        "Diluted NI Availto Com Stockholders": NaN,
        "Average Dilution Earnings": -5000000.0,
        "Net Income Common Stockholders": NaN,
        "Otherunder Preferred Stock Dividend": NaN,
        "Net Income": NaN,
        "Net Income Including Noncontrolling Interests": NaN,
        "Net Income Continuous Operations": NaN,
        "Tax Provision": NaN,
        "Pretax Income": NaN,
        "Other Income Expense": NaN,
        "Other Non Operating Income Expenses": NaN,
        "Special Income Charges": NaN,
        "Restructuring And Mergern Acquisition": NaN,
        "Net Non Operating Interest Income Expense": NaN,
        "Interest Expense Non Operating": NaN,
        "Operating Income": NaN,
        "Operating Expense": NaN,
        "Research And Development": NaN,
        "Selling General And Administration": NaN,
        "Gross Profit": NaN,
        "Cost Of Revenue": NaN,
        "Total Revenue": NaN,
        "Operating Revenue": NaN
    },
    "2024-06-30": {
        "Tax Effect Of Unusual Items": NaN,
        "Tax Rate For Calcs": NaN,
        "Normalized EBITDA": NaN,
        "Total Unusual Items": NaN,
        "Total Unusual Items Excluding Goodwill": NaN,
        "Net Income From Continuing Operation Net Minority Interest": NaN,
        "Reconciled Depreciation": NaN,
        "Reconciled Cost Of Revenue": NaN,
        "EBITDA": NaN,
        "EBIT": NaN,
        "Net Interest Income": NaN,
        "Interest Expense": NaN,
        "Normalized Income": NaN,
        "Net Income From Continuing And Discontinued Operation": NaN,
        "Total Expenses": NaN,
        "Total Operating Income As Reported": NaN,
        "Diluted Average Shares": NaN,
        "Basic Average Shares": NaN,
        "Diluted EPS": NaN,
        "Basic EPS": NaN,
        "Diluted NI Availto Com Stockholders": NaN,
        "Net Income Common Stockholders": NaN,
        "Otherunder Preferred Stock Dividend": 6000000.0,
        "Net Income": NaN,
        "Net Income Including Noncontrolling Interests": NaN,
        "Net Income Continuous Operations": NaN,
        "Tax Provision": NaN,
        "Pretax Income": NaN,
        "Other Income Expense": NaN,
        "Other Non Operating Income Expenses": NaN,
        "Special Income Charges": NaN,
        "Restructuring And Mergern Acquisition": 0.0,
        "Net Non Operating Interest Income Expense": NaN,
        "Interest Expense Non Operating": NaN,
        "Operating Income": NaN,
        "Operating Expense": NaN,
        "Research And Development": NaN,
        "Selling General And Administration": NaN,
        "Gross Profit": NaN,
        "Cost Of Revenue": NaN,
        "Total Revenue": NaN,
        "Operating Revenue": NaN
    },
    "2024-09-30": {
        "Tax Effect Of Unusual Items": 0.0,
        "Tax Rate For Calcs": 0.12,
        "Normalized EBITDA": 2087000000.0,
        "Total Unusual Items": 0.0,
        "Total Unusual Items Excluding Goodwill": 0.0,
        "Net Income From Continuing Operation Net Minority Interest": 1362000000.0,
        "Reconciled Depreciation": 402000000.0,
        "Reconciled Cost Of Revenue": 1677000000.0,
        "EBITDA": 2087000000.0,
        "EBIT": 1685000000.0,
        "Net Interest Income": -131000000.0,
        "Interest Expense": 131000000.0,
        "Normalized Income": 1362000000.0,
        "Net Income From Continuing And Discontinued Operation": 1362000000.0,
        "Total Expenses": 2597000000.0,
        "Total Operating Income As Reported": 1554000000.0,
        "Diluted Average Shares": 920000000.0,
        "Basic Average Shares": 913000000.0,
        "Diluted EPS": 1.47,
        "Basic EPS": 1.491785,
        "Diluted NI Availto Com Stockholders": 1355000000.0,
        "Net Income Common Stockholders": 1355000000.0,
        "Otherunder Preferred Stock Dividend": 7000000.0,
        "Net Income": 1362000000.0,
        "Net Income Including Noncontrolling Interests": 1362000000.0,
        "Net Income Continuous Operations": 1362000000.0,
        "Tax Provision": 192000000.0,
        "Pretax Income": 1554000000.0,
        "Other Income Expense": 131000000.0,
        "Other Non Operating Income Expenses": 131000000.0,
        "Special Income Charges": 0.0,
        "Restructuring And Mergern Acquisition": 0.0,
        "Net Non Operating Interest Income Expense": -131000000.0,
        "Interest Expense Non Operating": 131000000.0,
        "Operating Income": 1554000000.0,
        "Operating Expense": 920000000.0,
        "Research And Development": 492000000.0,
        "Selling General And Administration": 428000000.0,
        "Gross Profit": 2474000000.0,
        "Cost Of Revenue": 1677000000.0,
        "Total Revenue": 4151000000.0,
        "Operating Revenue": 4151000000.0
    },
    "2024-12-31": {
        "Tax Effect Of Unusual Items": 0.0,
        "Tax Rate For Calcs": 0.113319,
        "Normalized EBITDA": 1924000000.0,
        "Total Unusual Items": 0.0,
        "Total Unusual Items Excluding Goodwill": 0.0,
        "Net Income From Continuing Operation Net Minority Interest": 1205000000.0,
        "Reconciled Depreciation": 435000000.0,
        "Reconciled Cost Of Revenue": 1693000000.0,
        "EBITDA": 1924000000.0,
        "EBIT": 1489000000.0,
        "Net Interest Income": -130000000.0,
        "Interest Expense": 130000000.0,
        "Normalized Income": 1205000000.0,
        "Net Income From Continuing And Discontinued Operation": 1205000000.0,
        "Total Expenses": 2630000000.0,
        "Total Operating Income As Reported": 1377000000.0,
        "Diluted Average Shares": 919000000.0,
        "Basic Average Shares": 912000000.0,
        "Diluted EPS": 1.3,
        "Basic EPS": 1.321272,
        "Diluted NI Availto Com Stockholders": 1199000000.0,
        "Net Income Common Stockholders": 1199000000.0,
        "Otherunder Preferred Stock Dividend": 6000000.0,
        "Net Income": 1205000000.0,
        "Net Income Including Noncontrolling Interests": 1205000000.0,
        "Net Income Continuous Operations": 1205000000.0,
        "Tax Provision": 154000000.0,
        "Pretax Income": 1359000000.0,
        "Other Income Expense": 112000000.0,
        "Other Non Operating Income Expenses": 112000000.0,
        "Special Income Charges": 0.0,
        "Restructuring And Mergern Acquisition": NaN,
        "Net Non Operating Interest Income Expense": -130000000.0,
        "Interest Expense Non Operating": 130000000.0,
        "Operating Income": 1377000000.0,
        "Operating Expense": 937000000.0,
        "Research And Development": 491000000.0,
        "Selling General And Administration": 446000000.0,
        "Gross Profit": 2314000000.0,
        "Cost Of Revenue": 1693000000.0,
        "Total Revenue": 4007000000.0,
        "Operating Revenue": 4007000000.0
    },
    "2025-03-31": {
        "Tax Effect Of Unusual Items": 0.0,
        "Tax Rate For Calcs": 0.08,
        "Normalized EBITDA": 1848000000.0,
        "Total Unusual Items": 0.0,
        "Total Unusual Items Excluding Goodwill": 0.0,
        "Net Income From Continuing Operation Net Minority Interest": 1179000000.0,
        "Reconciled Depreciation": 444000000.0,
        "Reconciled Cost Of Revenue": 1756000000.0,
        "EBITDA": 1848000000.0,
        "EBIT": 1404000000.0,
        "Net Interest Income": -128000000.0,
        "Interest Expense": 128000000.0,
        "Normalized Income": 1179000000.0,
        "Net Income From Continuing And Discontinued Operation": 1179000000.0,
        "Total Expenses": 2745000000.0,
        "Total Operating Income As Reported": 1324000000.0,
        "Diluted Average Shares": 916000000.0,
        "Basic Average Shares": 910000000.0,
        "Diluted EPS": 1.28,
        "Basic EPS": 1.295604,
        "Diluted NI Availto Com Stockholders": 1179000000.0,
        "Net Income Common Stockholders": 1179000000.0,
        "Otherunder Preferred Stock Dividend": NaN,
        "Net Income": 1179000000.0,
        "Net Income Including Noncontrolling Interests": 1179000000.0,
        "Net Income Continuous Operations": 1179000000.0,
        "Tax Provision": 97000000.0,
        "Pretax Income": 1276000000.0,
        "Other Income Expense": 80000000.0,
        "Other Non Operating Income Expenses": 80000000.0,
        "Special Income Charges": 0.0,
        "Restructuring And Mergern Acquisition": 0.0,
        "Net Non Operating Interest Income Expense": -128000000.0,
        "Interest Expense Non Operating": 128000000.0,
        "Operating Income": 1324000000.0,
        "Operating Expense": 989000000.0,
        "Research And Development": 517000000.0,
        "Selling General And Administration": 472000000.0,
        "Gross Profit": 2313000000.0,
        "Cost Of Revenue": 1756000000.0,
        "Total Revenue": 4069000000.0,
        "Operating Revenue": 4069000000.0
    },
    "2025-06-30": {
        "Tax Effect Of Unusual Items": 0.0,
        "Tax Rate For Calcs": 0.12,
        "Normalized EBITDA": 2092000000.0,
        "Total Unusual Items": 0.0,
        "Total Unusual Items Excluding Goodwill": 0.0,
        "Net Income From Continuing Operation Net Minority Interest": 1295000000.0,
        "Reconciled Depreciation": 481000000.0,
        "Reconciled Cost Of Revenue": 1873000000.0,
        "EBITDA": 2092000000.0,
        "EBIT": 1611000000.0,
        "Net Interest Income": -133000000.0,
        "Interest Expense": 133000000.0,
        "Normalized Income": 1295000000.0,
        "Net Income From Continuing And Discontinued Operation": 1295000000.0,
        "Total Expenses": 2885000000.0,
        "Total Operating Income As Reported": 1563000000.0,
        "Diluted Average Shares": 912000000.0,
        "Basic Average Shares": 908000000.0,
        "Diluted EPS": 1.41,
        "Basic EPS": 1.426211,
        "Diluted NI Availto Com Stockholders": 1288000000.0,
        "Net Income Common Stockholders": 1288000000.0,
        "Otherunder Preferred Stock Dividend": 7000000.0,
        "Net Income": 1295000000.0,
        "Net Income Including Noncontrolling Interests": 1295000000.0,
        "Net Income Continuous Operations": 1295000000.0,
        "Tax Provision": 183000000.0,
        "Pretax Income": 1478000000.0,
        "Other Income Expense": 48000000.0,
        "Other Non Operating Income Expenses": 48000000.0,
        "Special Income Charges": 0.0,
        "Restructuring And Mergern Acquisition": 0.0,
        "Net Non Operating Interest Income Expense": -133000000.0,
        "Interest Expense Non Operating": 133000000.0,
        "Operating Income": 1563000000.0,
        "Operating Expense": 1012000000.0,
        "Research And Development": 527000000.0,
        "Selling General And Administration": 485000000.0,
        "Gross Profit": 2575000000.0,
        "Cost Of Revenue": 1873000000.0,
        "Total Revenue": 4448000000.0,
        "Operating Revenue": 4448000000.0
    },
    "2025-09-30": {
        "Tax Effect Of Unusual Items": -11900000.0,
        "Tax Rate For Calcs": 0.14,
        "Normalized EBITDA": 2327000000.0,
        "Total Unusual Items": -85000000.0,
        "Total Unusual Items Excluding Goodwill": -85000000.0,
        "Net Income From Continuing Operation Net Minority Interest": 1364000000.0,
        "Reconciled Depreciation": 517000000.0,
        "Reconciled Cost Of Revenue": 2019000000.0,
        "EBITDA": 2242000000.0,
        "EBIT": 1725000000.0,
        "Net Interest Income": -141000000.0,
        "Interest Expense": 141000000.0,
        "Normalized Income": 1437100000.0,
        "Net Income From Continuing And Discontinued Operation": 1364000000.0,
        "Total Expenses": 2994000000.0,
        "Total Operating Income As Reported": 1663000000.0,
        "Diluted Average Shares": 914000000.0,
        "Basic Average Shares": 909000000.0,
        "Diluted EPS": 1.48,
        "Basic EPS": 1.50055,
        "Diluted NI Availto Com Stockholders": 1356000000.0,
        "Net Income Common Stockholders": 1356000000.0,
        "Otherunder Preferred Stock Dividend": 8000000.0,
        "Net Income": 1364000000.0,
        "Net Income Including Noncontrolling Interests": 1364000000.0,
        "Net Income Continuous Operations": 1364000000.0,
        "Tax Provision": 220000000.0,
        "Pretax Income": 1584000000.0,
        "Other Income Expense": -23000000.0,
        "Other Non Operating Income Expenses": 62000000.0,
        "Special Income Charges": -85000000.0,
        "Restructuring And Mergern Acquisition": 85000000.0,
        "Net Non Operating Interest Income Expense": -141000000.0,
        "Interest Expense Non Operating": 141000000.0,
        "Operating Income": 1748000000.0,
        "Operating Expense": 975000000.0,
        "Research And Development": 518000000.0,
        "Selling General And Administration": 457000000.0,
        "Gross Profit": 2723000000.0,
        "Cost Of Revenue": 2019000000.0,
        "Total Revenue": 4742000000.0,
        "Operating Revenue": 4742000000.0
    }
}