{
    "2024-06-30": {
        "Tax Effect Of Unusual Items": NaN,
        "Tax Rate For Calcs": NaN,
        "Normalized EBITDA": NaN,
        "Total Unusual Items": NaN,
        "Total Unusual Items Excluding Goodwill": NaN,
        "Net Income From Continuing Operation Net Minority Interest": NaN,
        "Reconciled Depreciation": NaN,
        "Reconciled Cost Of Revenue": NaN,
        "EBITDA": NaN,
        "EBIT": NaN,
        "Net Interest Income": NaN,
        "Interest Expense": NaN,
        "Interest Income": NaN,
        "Normalized Income": NaN,
        "Net Income From Continuing And Discontinued Operation": NaN,
        "Total Expenses": NaN,
        "Total Operating Income As Reported": NaN,
        "Diluted Average Shares": 90658491.0,
        "Basic Average Shares": 90658491.0,
        "Diluted EPS": 0.53,
        "Basic EPS": 0.53,
        "Diluted NI Availto Com Stockholders": NaN,
        "Net Income Common Stockholders": NaN,
        "Preferred Stock Dividends": NaN,
        "Net Income": NaN,
        "Minority Interests": NaN,
        "Net Income Including Noncontrolling Interests": NaN,
        "Net Income Continuous Operations": NaN,
        "Tax Provision": NaN,
        "Pretax Income": NaN,
        "Other Income Expense": NaN,
        "Other Non Operating Income Expenses": NaN,
        "Special Income Charges": NaN,
        "Other Special Charges": NaN,
        "Restructuring And Mergern Acquisition": NaN,
        "Gain On Sale Of Security": NaN,
        "Net Non Operating Interest Income Expense": NaN,
        "Interest Expense Non Operating": NaN,
        "Interest Income Non Operating": NaN,
        "Operating Income": NaN,
        "Operating Expense": NaN,
        "Other Operating Expenses": NaN,
        "Other Taxes": NaN,
        "Depreciation Amortization Depletion Income Statement": NaN,
        "Depreciation And Amortization In Income Statement": NaN,
        "Selling General And Administration": NaN,
        "Selling And Marketing Expense": 25051000.0,
        "General And Administrative Expense": NaN,
        "Other Gand A": NaN,
        "Gross Profit": NaN,
        "Cost Of Revenue": NaN,
        "Total Revenue": NaN,
        "Operating Revenue": NaN
    },
    "2024-03-31": {
        "Tax Effect Of Unusual Items": NaN,
        "Tax Rate For Calcs": NaN,
        "Normalized EBITDA": NaN,
        "Total Unusual Items": NaN,
        "Total Unusual Items Excluding Goodwill": NaN,
        "Net Income From Continuing Operation Net Minority Interest": NaN,
        "Reconciled Depreciation": NaN,
        "Reconciled Cost Of Revenue": NaN,
        "EBITDA": NaN,
        "EBIT": NaN,
        "Net Interest Income": NaN,
        "Interest Expense": NaN,
        "Interest Income": NaN,
        "Normalized Income": NaN,
        "Net Income From Continuing And Discontinued Operation": NaN,
        "Total Expenses": NaN,
        "Total Operating Income As Reported": NaN,
        "Diluted Average Shares": NaN,
        "Basic Average Shares": NaN,
        "Diluted EPS": NaN,
        "Basic EPS": NaN,
        "Diluted NI Availto Com Stockholders": NaN,
        "Net Income Common Stockholders": NaN,
        "Preferred Stock Dividends": NaN,
        "Net Income": NaN,
        "Minority Interests": NaN,
        "Net Income Including Noncontrolling Interests": NaN,
        "Net Income Continuous Operations": NaN,
        "Tax Provision": NaN,
        "Pretax Income": NaN,
        "Other Income Expense": NaN,
        "Other Non Operating Income Expenses": NaN,
        "Special Income Charges": NaN,
        "Other Special Charges": 4459000.0,
        "Restructuring And Mergern Acquisition": NaN,
        "Gain On Sale Of Security": NaN,
        "Net Non Operating Interest Income Expense": NaN,
        "Interest Expense Non Operating": NaN,
        "Interest Income Non Operating": NaN,
        "Operating Income": NaN,
        "Operating Expense": NaN,
        "Other Operating Expenses": NaN,
        "Other Taxes": NaN,
        "Depreciation Amortization Depletion Income Statement": NaN,
        "Depreciation And Amortization In Income Statement": NaN,
        "Selling General And Administration": NaN,
        "Selling And Marketing Expense": 22764000.0,
        "General And Administrative Expense": NaN,
        "Other Gand A": NaN,
        "Gross Profit": NaN,
        "Cost Of Revenue": NaN,
        "Total Revenue": NaN,
        "Operating Revenue": NaN
    },
    "2023-12-31": {
        "Tax Effect Of Unusual Items": NaN,
        "Tax Rate For Calcs": NaN,
        "Normalized EBITDA": NaN,
        "Total Unusual Items": NaN,
        "Total Unusual Items Excluding Goodwill": NaN,
        "Net Income From Continuing Operation Net Minority Interest": NaN,
        "Reconciled Depreciation": NaN,
        "Reconciled Cost Of Revenue": NaN,
        "EBITDA": NaN,
        "EBIT": NaN,
        "Net Interest Income": NaN,
        "Interest Expense": NaN,
        "Interest Income": NaN,
        "Normalized Income": NaN,
        "Net Income From Continuing And Discontinued Operation": NaN,
        "Total Expenses": NaN,
        "Total Operating Income As Reported": NaN,
        "Diluted Average Shares": NaN,
        "Basic Average Shares": NaN,
        "Diluted EPS": NaN,
        "Basic EPS": NaN,
        "Diluted NI Availto Com Stockholders": NaN,
        "Net Income Common Stockholders": NaN,
        "Preferred Stock Dividends": NaN,
        "Net Income": NaN,
        "Minority Interests": NaN,
        "Net Income Including Noncontrolling Interests": NaN,
        "Net Income Continuous Operations": NaN,
        "Tax Provision": NaN,
        "Pretax Income": NaN,
        "Other Income Expense": NaN,
        "Other Non Operating Income Expenses": NaN,
        "Special Income Charges": NaN,
        "Other Special Charges": NaN,
        "Restructuring And Mergern Acquisition": 65877000.0,
        "Gain On Sale Of Security": NaN,
        "Net Non Operating Interest Income Expense": NaN,
        "Interest Expense Non Operating": NaN,
        "Interest Income Non Operating": NaN,
        "Operating Income": NaN,
        "Operating Expense": NaN,
        "Other Operating Expenses": 25982000.0,
        "Other Taxes": NaN,
        "Depreciation Amortization Depletion Income Statement": NaN,
        "Depreciation And Amortization In Income Statement": NaN,
        "Selling General And Administration": NaN,
        "Selling And Marketing Expense": NaN,
        "General And Administrative Expense": NaN,
        "Other Gand A": NaN,
        "Gross Profit": NaN,
        "Cost Of Revenue": NaN,
        "Total Revenue": NaN,
        "Operating Revenue": NaN
    },
    "2023-09-30": {
        "Tax Effect Of Unusual Items": NaN,
        "Tax Rate For Calcs": NaN,
        "Normalized EBITDA": NaN,
        "Total Unusual Items": NaN,
        "Total Unusual Items Excluding Goodwill": NaN,
        "Net Income From Continuing Operation Net Minority Interest": NaN,
        "Reconciled Depreciation": NaN,
        "Reconciled Cost Of Revenue": NaN,
        "EBITDA": NaN,
        "EBIT": NaN,
        "Net Interest Income": NaN,
        "Interest Expense": NaN,
        "Interest Income": NaN,
        "Normalized Income": NaN,
        "Net Income From Continuing And Discontinued Operation": NaN,
        "Total Expenses": NaN,
        "Total Operating Income As Reported": NaN,
        "Diluted Average Shares": 86129000.0,
        "Basic Average Shares": 86089000.0,
        "Diluted EPS": 0.44,
        "Basic EPS": 0.44,
        "Diluted NI Availto Com Stockholders": NaN,
        "Net Income Common Stockholders": NaN,
        "Preferred Stock Dividends": NaN,
        "Net Income": NaN,
        "Minority Interests": NaN,
        "Net Income Including Noncontrolling Interests": NaN,
        "Net Income Continuous Operations": NaN,
        "Tax Provision": NaN,
        "Pretax Income": NaN,
        "Other Income Expense": NaN,
        "Other Non Operating Income Expenses": NaN,
        "Special Income Charges": NaN,
        "Other Special Charges": NaN,
        "Restructuring And Mergern Acquisition": 2315000.0,
        "Gain On Sale Of Security": NaN,
        "Net Non Operating Interest Income Expense": NaN,
        "Interest Expense Non Operating": NaN,
        "Interest Income Non Operating": NaN,
        "Operating Income": NaN,
        "Operating Expense": NaN,
        "Other Operating Expenses": 25078000.0,
        "Other Taxes": NaN,
        "Depreciation Amortization Depletion Income Statement": NaN,
        "Depreciation And Amortization In Income Statement": NaN,
        "Selling General And Administration": NaN,
        "Selling And Marketing Expense": NaN,
        "General And Administrative Expense": NaN,
        "Other Gand A": NaN,
        "Gross Profit": NaN,
        "Cost Of Revenue": NaN,
        "Total Revenue": NaN,
        "Operating Revenue": NaN
    },
    "2023-06-30": {
        "Tax Effect Of Unusual Items": NaN,
        "Tax Rate For Calcs": NaN,
        "Normalized EBITDA": NaN,
        "Total Unusual Items": NaN,
        "Total Unusual Items Excluding Goodwill": NaN,
        "Net Income From Continuing Operation Net Minority Interest": NaN,
        "Reconciled Depreciation": NaN,
        "Reconciled Cost Of Revenue": NaN,
        "EBITDA": NaN,
        "EBIT": NaN,
        "Net Interest Income": NaN,
        "Interest Expense": NaN,
        "Interest Income": NaN,
        "Normalized Income": NaN,
        "Net Income From Continuing And Discontinued Operation": NaN,
        "Total Expenses": NaN,
        "Total Operating Income As Reported": NaN,
        "Diluted Average Shares": 85479245.0,
        "Basic Average Shares": 85479245.0,
        "Diluted EPS": 0.53,
        "Basic EPS": 0.53,
        "Diluted NI Availto Com Stockholders": NaN,
        "Net Income Common Stockholders": NaN,
        "Preferred Stock Dividends": NaN,
        "Net Income": NaN,
        "Minority Interests": NaN,
        "Net Income Including Noncontrolling Interests": NaN,
        "Net Income Continuous Operations": NaN,
        "Tax Provision": NaN,
        "Pretax Income": NaN,
        "Other Income Expense": NaN,
        "Other Non Operating Income Expenses": NaN,
        "Special Income Charges": NaN,
        "Other Special Charges": 3731000.0,
        "Restructuring And Mergern Acquisition": 3731000.0,
        "Gain On Sale Of Security": NaN,
        "Net Non Operating Interest Income Expense": NaN,
        "Interest Expense Non Operating": NaN,
        "Interest Income Non Operating": NaN,
        "Operating Income": NaN,
        "Operating Expense": NaN,
        "Other Operating Expenses": 25465000.0,
        "Other Taxes": NaN,
        "Depreciation Amortization Depletion Income Statement": NaN,
        "Depreciation And Amortization In Income Statement": NaN,
        "Selling General And Administration": NaN,
        "Selling And Marketing Expense": 25465000.0,
        "General And Administrative Expense": NaN,
        "Other Gand A": NaN,
        "Gross Profit": NaN,
        "Cost Of Revenue": NaN,
        "Total Revenue": NaN,
        "Operating Revenue": NaN
    },
    "2023-03-31": {
        "Tax Effect Of Unusual Items": NaN,
        "Tax Rate For Calcs": NaN,
        "Normalized EBITDA": NaN,
        "Total Unusual Items": NaN,
        "Total Unusual Items Excluding Goodwill": NaN,
        "Net Income From Continuing Operation Net Minority Interest": NaN,
        "Reconciled Depreciation": NaN,
        "Reconciled Cost Of Revenue": NaN,
        "EBITDA": NaN,
        "EBIT": NaN,
        "Net Interest Income": NaN,
        "Interest Expense": NaN,
        "Interest Income": NaN,
        "Normalized Income": NaN,
        "Net Income From Continuing And Discontinued Operation": NaN,
        "Total Expenses": NaN,
        "Total Operating Income As Reported": NaN,
        "Diluted Average Shares": 85959375.0,
        "Basic Average Shares": 85959375.0,
        "Diluted EPS": 0.64,
        "Basic EPS": 0.64,
        "Diluted NI Availto Com Stockholders": NaN,
        "Net Income Common Stockholders": NaN,
        "Preferred Stock Dividends": NaN,
        "Net Income": NaN,
        "Minority Interests": NaN,
        "Net Income Including Noncontrolling Interests": NaN,
        "Net Income Continuous Operations": NaN,
        "Tax Provision": NaN,
        "Pretax Income": NaN,
        "Other Income Expense": NaN,
        "Other Non Operating Income Expenses": NaN,
        "Special Income Charges": NaN,
        "Other Special Charges": NaN,
        "Restructuring And Mergern Acquisition": NaN,
        "Gain On Sale Of Security": NaN,
        "Net Non Operating Interest Income Expense": NaN,
        "Interest Expense Non Operating": NaN,
        "Interest Income Non Operating": NaN,
        "Operating Income": NaN,
        "Operating Expense": NaN,
        "Other Operating Expenses": 22196000.0,
        "Other Taxes": NaN,
        "Depreciation Amortization Depletion Income Statement": NaN,
        "Depreciation And Amortization In Income Statement": NaN,
        "Selling General And Administration": NaN,
        "Selling And Marketing Expense": 22196000.0,
        "General And Administrative Expense": NaN,
        "Other Gand A": NaN,
        "Gross Profit": NaN,
        "Cost Of Revenue": NaN,
        "Total Revenue": NaN,
        "Operating Revenue": NaN
    },
    "2022-12-31": {
        "Tax Effect Of Unusual Items": NaN,
        "Tax Rate For Calcs": NaN,
        "Normalized EBITDA": NaN,
        "Total Unusual Items": NaN,
        "Total Unusual Items Excluding Goodwill": NaN,
        "Net Income From Continuing Operation Net Minority Interest": NaN,
        "Reconciled Depreciation": NaN,
        "Reconciled Cost Of Revenue": NaN,
        "EBITDA": NaN,
        "EBIT": NaN,
        "Net Interest Income": NaN,
        "Interest Expense": NaN,
        "Interest Income": NaN,
        "Normalized Income": NaN,
        "Net Income From Continuing And Discontinued Operation": NaN,
        "Total Expenses": NaN,
        "Total Operating Income As Reported": NaN,
        "Diluted Average Shares": NaN,
        "Basic Average Shares": NaN,
        "Diluted EPS": NaN,
        "Basic EPS": NaN,
        "Diluted NI Availto Com Stockholders": NaN,
        "Net Income Common Stockholders": NaN,
        "Preferred Stock Dividends": NaN,
        "Net Income": NaN,
        "Minority Interests": NaN,
        "Net Income Including Noncontrolling Interests": NaN,
        "Net Income Continuous Operations": NaN,
        "Tax Provision": NaN,
        "Pretax Income": NaN,
        "Other Income Expense": NaN,
        "Other Non Operating Income Expenses": NaN,
        "Special Income Charges": NaN,
        "Other Special Charges": NaN,
        "Restructuring And Mergern Acquisition": 0.0,
        "Gain On Sale Of Security": NaN,
        "Net Non Operating Interest Income Expense": NaN,
        "Interest Expense Non Operating": NaN,
        "Interest Income Non Operating": NaN,
        "Operating Income": NaN,
        "Operating Expense": NaN,
        "Other Operating Expenses": 33524000.0,
        "Other Taxes": NaN,
        "Depreciation Amortization Depletion Income Statement": NaN,
        "Depreciation And Amortization In Income Statement": NaN,
        "Selling General And Administration": NaN,
        "Selling And Marketing Expense": NaN,
        "General And Administrative Expense": NaN,
        "Other Gand A": NaN,
        "Gross Profit": NaN,
        "Cost Of Revenue": NaN,
        "Total Revenue": NaN,
        "Operating Revenue": NaN
    },
    "2024-09-30": {
        "Tax Effect Of Unusual Items": 1117901.489175,
        "Tax Rate For Calcs": 0.146552,
        "Normalized EBITDA": 319410000.0,
        "Total Unusual Items": 7628000.0,
        "Total Unusual Items Excluding Goodwill": 7628000.0,
        "Net Income From Continuing Operation Net Minority Interest": 131334000.0,
        "Reconciled Depreciation": 107554000.0,
        "Reconciled Cost Of Revenue": 150014000.0,
        "EBITDA": 327038000.0,
        "EBIT": 219484000.0,
        "Net Interest Income": -50995000.0,
        "Interest Expense": 59664000.0,
        "Interest Income": 8669000.0,
        "Normalized Income": 124823901.489175,
        "Net Income From Continuing And Discontinued Operation": 131334000.0,
        "Total Expenses": 372034000.0,
        "Total Operating Income As Reported": 191080000.0,
        "Diluted Average Shares": 90605188.0,
        "Basic Average Shares": 90484138.0,
        "Diluted EPS": 1.45,
        "Basic EPS": 1.45,
        "Diluted NI Availto Com Stockholders": 131202000.0,
        "Net Income Common Stockholders": 131202000.0,
        "Preferred Stock Dividends": 132000.0,
        "Net Income": 131334000.0,
        "Minority Interests": -5064000.0,
        "Net Income Including Noncontrolling Interests": 136398000.0,
        "Net Income Continuous Operations": 136398000.0,
        "Tax Provision": 23422000.0,
        "Pretax Income": 159820000.0,
        "Other Income Expense": 13593000.0,
        "Other Non Operating Income Expenses": 5965000.0,
        "Special Income Charges": -6142000.0,
        "Other Special Charges": NaN,
        "Restructuring And Mergern Acquisition": 6142000.0,
        "Gain On Sale Of Security": 13770000.0,
        "Net Non Operating Interest Income Expense": -50995000.0,
        "Interest Expense Non Operating": 59664000.0,
        "Interest Income Non Operating": 8669000.0,
        "Operating Income": 197222000.0,
        "Operating Expense": 211866000.0,
        "Other Operating Expenses": 23660000.0,
        "Other Taxes": 25966000.0,
        "Depreciation Amortization Depletion Income Statement": 97400000.0,
        "Depreciation And Amortization In Income Statement": 97400000.0,
        "Selling General And Administration": 64840000.0,
        "Selling And Marketing Expense": NaN,
        "General And Administrative Expense": 64840000.0,
        "Other Gand A": 64840000.0,
        "Gross Profit": 409088000.0,
        "Cost Of Revenue": 160168000.0,
        "Total Revenue": 569256000.0,
        "Operating Revenue": 569256000.0
    },
    "2024-12-31": {
        "Tax Effect Of Unusual Items": -301354.72568,
        "Tax Rate For Calcs": 0.078193,
        "Normalized EBITDA": 193447000.0,
        "Total Unusual Items": -3854000.0,
        "Total Unusual Items Excluding Goodwill": -3854000.0,
        "Net Income From Continuing Operation Net Minority Interest": 15845000.0,
        "Reconciled Depreciation": 109091000.0,
        "Reconciled Cost Of Revenue": 174592000.0,
        "EBITDA": 189593000.0,
        "EBIT": 80502000.0,
        "Net Interest Income": -52994000.0,
        "Interest Expense": 58812000.0,
        "Interest Income": 5818000.0,
        "Normalized Income": 19397645.27432,
        "Net Income From Continuing And Discontinued Operation": 15845000.0,
        "Total Expenses": 402452000.0,
        "Total Operating Income As Reported": 76133000.0,
        "Diluted Average Shares": NaN,
        "Basic Average Shares": NaN,
        "Diluted EPS": NaN,
        "Basic EPS": NaN,
        "Diluted NI Availto Com Stockholders": 15713000.0,
        "Net Income Common Stockholders": 15713000.0,
        "Preferred Stock Dividends": 132000.0,
        "Net Income": 15845000.0,
        "Minority Interests": -4149000.0,
        "Net Income Including Noncontrolling Interests": 19994000.0,
        "Net Income Continuous Operations": 19994000.0,
        "Tax Provision": 1696000.0,
        "Pretax Income": 21690000.0,
        "Other Income Expense": 172000.0,
        "Other Non Operating Income Expenses": 4026000.0,
        "Special Income Charges": 1621000.0,
        "Other Special Charges": NaN,
        "Restructuring And Mergern Acquisition": -1621000.0,
        "Gain On Sale Of Security": -5475000.0,
        "Net Non Operating Interest Income Expense": -52994000.0,
        "Interest Expense Non Operating": 58812000.0,
        "Interest Income Non Operating": 5818000.0,
        "Operating Income": 74512000.0,
        "Operating Expense": 218694000.0,
        "Other Operating Expenses": 26905000.0,
        "Other Taxes": 24596000.0,
        "Depreciation Amortization Depletion Income Statement": 99925000.0,
        "Depreciation And Amortization In Income Statement": 99925000.0,
        "Selling General And Administration": 67268000.0,
        "Selling And Marketing Expense": NaN,
        "General And Administrative Expense": 67268000.0,
        "Other Gand A": 67268000.0,
        "Gross Profit": 293206000.0,
        "Cost Of Revenue": 183758000.0,
        "Total Revenue": 476964000.0,
        "Operating Revenue": 476964000.0
    },
    "2025-03-31": {
        "Tax Effect Of Unusual Items": -91446.833152,
        "Tax Rate For Calcs": 0.073688,
        "Normalized EBITDA": 192907000.0,
        "Total Unusual Items": -1241000.0,
        "Total Unusual Items Excluding Goodwill": -1241000.0,
        "Net Income From Continuing Operation Net Minority Interest": 9055000.0,
        "Reconciled Depreciation": 114300000.0,
        "Reconciled Cost Of Revenue": 183979000.0,
        "EBITDA": 191666000.0,
        "EBIT": 77366000.0,
        "Net Interest Income": -59304000.0,
        "Interest Expense": 63551000.0,
        "Interest Income": 4247000.0,
        "Normalized Income": 10204553.166848,
        "Net Income From Continuing And Discontinued Operation": 9055000.0,
        "Total Expenses": 410903000.0,
        "Total Operating Income As Reported": 71889000.0,
        "Diluted Average Shares": 93179447.0,
        "Basic Average Shares": 89230000.0,
        "Diluted EPS": 0.1,
        "Basic EPS": 0.1,
        "Diluted NI Availto Com Stockholders": 8923000.0,
        "Net Income Common Stockholders": 8923000.0,
        "Preferred Stock Dividends": 132000.0,
        "Net Income": 9055000.0,
        "Minority Interests": -3742000.0,
        "Net Income Including Noncontrolling Interests": 12797000.0,
        "Net Income Continuous Operations": 12797000.0,
        "Tax Provision": 1018000.0,
        "Pretax Income": 13815000.0,
        "Other Income Expense": 1230000.0,
        "Other Non Operating Income Expenses": 2471000.0,
        "Special Income Charges": 0.0,
        "Other Special Charges": NaN,
        "Restructuring And Mergern Acquisition": NaN,
        "Gain On Sale Of Security": -1241000.0,
        "Net Non Operating Interest Income Expense": -59304000.0,
        "Interest Expense Non Operating": 63551000.0,
        "Interest Income Non Operating": 4247000.0,
        "Operating Income": 71889000.0,
        "Operating Expense": 217175000.0,
        "Other Operating Expenses": NaN,
        "Other Taxes": 26350000.0,
        "Depreciation Amortization Depletion Income Statement": 104551000.0,
        "Depreciation And Amortization In Income Statement": 104551000.0,
        "Selling General And Administration": 86274000.0,
        "Selling And Marketing Expense": 25505000.0,
        "General And Administrative Expense": 60769000.0,
        "Other Gand A": 60769000.0,
        "Gross Profit": 289064000.0,
        "Cost Of Revenue": 193728000.0,
        "Total Revenue": 482792000.0,
        "Operating Revenue": 482792000.0
    },
    "2025-06-30": {
        "Tax Effect Of Unusual Items": 1142516.405136,
        "Tax Rate For Calcs": 0.048502,
        "Normalized EBITDA": 196741000.0,
        "Total Unusual Items": 23556000.0,
        "Total Unusual Items Excluding Goodwill": 23556000.0,
        "Net Income From Continuing Operation Net Minority Interest": 21708000.0,
        "Reconciled Depreciation": 120945000.0,
        "Reconciled Cost Of Revenue": 177993000.0,
        "EBITDA": 220297000.0,
        "EBIT": 99352000.0,
        "Net Interest Income": -68141000.0,
        "Interest Expense": 72013000.0,
        "Interest Income": 3872000.0,
        "Normalized Income": -705483.594864,
        "Net Income From Continuing And Discontinued Operation": 21708000.0,
        "Total Expenses": 429719000.0,
        "Total Operating Income As Reported": 72701000.0,
        "Diluted Average Shares": 98072727.0,
        "Basic Average Shares": 98072727.0,
        "Diluted EPS": 0.22,
        "Basic EPS": 0.22,
        "Diluted NI Availto Com Stockholders": 21576000.0,
        "Net Income Common Stockholders": 21576000.0,
        "Preferred Stock Dividends": 132000.0,
        "Net Income": 21708000.0,
        "Minority Interests": -4305000.0,
        "Net Income Including Noncontrolling Interests": 26013000.0,
        "Net Income Continuous Operations": 26013000.0,
        "Tax Provision": 1326000.0,
        "Pretax Income": 27339000.0,
        "Other Income Expense": 22779000.0,
        "Other Non Operating Income Expenses": -777000.0,
        "Special Income Charges": 0.0,
        "Other Special Charges": NaN,
        "Restructuring And Mergern Acquisition": NaN,
        "Gain On Sale Of Security": 23556000.0,
        "Net Non Operating Interest Income Expense": -68141000.0,
        "Interest Expense Non Operating": 72013000.0,
        "Interest Income Non Operating": 3872000.0,
        "Operating Income": 72701000.0,
        "Operating Expense": 236016000.0,
        "Other Operating Expenses": NaN,
        "Other Taxes": 28329000.0,
        "Depreciation Amortization Depletion Income Statement": 105235000.0,
        "Depreciation And Amortization In Income Statement": 105235000.0,
        "Selling General And Administration": 102452000.0,
        "Selling And Marketing Expense": 26461000.0,
        "General And Administrative Expense": 75991000.0,
        "Other Gand A": 75991000.0,
        "Gross Profit": 308717000.0,
        "Cost Of Revenue": 193703000.0,
        "Total Revenue": 502420000.0,
        "Operating Revenue": 502420000.0
    },
    "2025-09-30": {
        "Tax Effect Of Unusual Items": 1477688.308761,
        "Tax Rate For Calcs": 0.122052,
        "Normalized EBITDA": 339145000.0,
        "Total Unusual Items": 12107000.0,
        "Total Unusual Items Excluding Goodwill": 12107000.0,
        "Net Income From Continuing Operation Net Minority Interest": 130842000.0,
        "Reconciled Depreciation": 125850000.0,
        "Reconciled Cost Of Revenue": 195376000.0,
        "EBITDA": 351252000.0,
        "EBIT": 225402000.0,
        "Net Interest Income": -63653000.0,
        "Interest Expense": 70149000.0,
        "Interest Income": 6496000.0,
        "Normalized Income": 120212688.308761,
        "Net Income From Continuing And Discontinued Operation": 130842000.0,
        "Total Expenses": 445023000.0,
        "Total Operating Income As Reported": 202870000.0,
        "Diluted Average Shares": 107416661.0,
        "Basic Average Shares": 107139344.0,
        "Diluted EPS": 1.22,
        "Basic EPS": 1.22,
        "Diluted NI Availto Com Stockholders": 130710000.0,
        "Net Income Common Stockholders": 130710000.0,
        "Preferred Stock Dividends": 132000.0,
        "Net Income": 130842000.0,
        "Minority Interests": -5462000.0,
        "Net Income Including Noncontrolling Interests": 136304000.0,
        "Net Income Continuous Operations": 136304000.0,
        "Tax Provision": 18949000.0,
        "Pretax Income": 155253000.0,
        "Other Income Expense": 16767000.0,
        "Other Non Operating Income Expenses": 4660000.0,
        "Special Income Charges": 731000.0,
        "Other Special Charges": NaN,
        "Restructuring And Mergern Acquisition": -731000.0,
        "Gain On Sale Of Security": 11376000.0,
        "Net Non Operating Interest Income Expense": -63653000.0,
        "Interest Expense Non Operating": 70149000.0,
        "Interest Income Non Operating": 6496000.0,
        "Operating Income": 202139000.0,
        "Operating Expense": 228809000.0,
        "Other Operating Expenses": 27167000.0,
        "Other Taxes": 28185000.0,
        "Depreciation Amortization Depletion Income Statement": 105012000.0,
        "Depreciation And Amortization In Income Statement": 105012000.0,
        "Selling General And Administration": 68445000.0,
        "Selling And Marketing Expense": NaN,
        "General And Administrative Expense": 68445000.0,
        "Other Gand A": 68445000.0,
        "Gross Profit": 430948000.0,
        "Cost Of Revenue": 216214000.0,
        "Total Revenue": 647162000.0,
        "Operating Revenue": 647162000.0
    }
}