{
    "2023-06-30": {
        "Tax Effect Of Unusual Items": NaN,
        "Tax Rate For Calcs": NaN,
        "Normalized EBITDA": NaN,
        "Total Unusual Items": NaN,
        "Total Unusual Items Excluding Goodwill": NaN,
        "Net Income From Continuing Operation Net Minority Interest": NaN,
        "Reconciled Depreciation": NaN,
        "Reconciled Cost Of Revenue": NaN,
        "EBITDA": NaN,
        "EBIT": NaN,
        "Net Interest Income": NaN,
        "Interest Expense": NaN,
        "Normalized Income": NaN,
        "Net Income From Continuing And Discontinued Operation": NaN,
        "Total Expenses": NaN,
        "Diluted Average Shares": NaN,
        "Basic Average Shares": NaN,
        "Diluted EPS": NaN,
        "Basic EPS": NaN,
        "Diluted NI Availto Com Stockholders": NaN,
        "Net Income Common Stockholders": NaN,
        "Net Income": NaN,
        "Net Income Including Noncontrolling Interests": NaN,
        "Net Income Discontinuous Operations": NaN,
        "Net Income Continuous Operations": NaN,
        "Tax Provision": NaN,
        "Pretax Income": NaN,
        "Other Income Expense": NaN,
        "Other Non Operating Income Expenses": NaN,
        "Special Income Charges": NaN,
        "Write Off": NaN,
        "Restructuring And Mergern Acquisition": NaN,
        "Net Non Operating Interest Income Expense": NaN,
        "Interest Expense Non Operating": NaN,
        "Operating Income": NaN,
        "Operating Expense": NaN,
        "Selling General And Administration": NaN,
        "General And Administrative Expense": 230000000.0,
        "Other Gand A": 289000000.0,
        "Salaries And Wages": -59000000.0,
        "Gross Profit": NaN,
        "Cost Of Revenue": NaN,
        "Total Revenue": NaN,
        "Operating Revenue": NaN
    },
    "2023-03-31": {
        "Tax Effect Of Unusual Items": NaN,
        "Tax Rate For Calcs": NaN,
        "Normalized EBITDA": NaN,
        "Total Unusual Items": NaN,
        "Total Unusual Items Excluding Goodwill": NaN,
        "Net Income From Continuing Operation Net Minority Interest": NaN,
        "Reconciled Depreciation": NaN,
        "Reconciled Cost Of Revenue": NaN,
        "EBITDA": NaN,
        "EBIT": NaN,
        "Net Interest Income": NaN,
        "Interest Expense": NaN,
        "Normalized Income": NaN,
        "Net Income From Continuing And Discontinued Operation": NaN,
        "Total Expenses": NaN,
        "Diluted Average Shares": NaN,
        "Basic Average Shares": NaN,
        "Diluted EPS": NaN,
        "Basic EPS": NaN,
        "Diluted NI Availto Com Stockholders": NaN,
        "Net Income Common Stockholders": NaN,
        "Net Income": NaN,
        "Net Income Including Noncontrolling Interests": NaN,
        "Net Income Discontinuous Operations": NaN,
        "Net Income Continuous Operations": NaN,
        "Tax Provision": NaN,
        "Pretax Income": NaN,
        "Other Income Expense": NaN,
        "Other Non Operating Income Expenses": 59000000.0,
        "Special Income Charges": NaN,
        "Write Off": NaN,
        "Restructuring And Mergern Acquisition": NaN,
        "Net Non Operating Interest Income Expense": NaN,
        "Interest Expense Non Operating": NaN,
        "Operating Income": NaN,
        "Operating Expense": NaN,
        "Selling General And Administration": NaN,
        "General And Administrative Expense": 246000000.0,
        "Other Gand A": 305000000.0,
        "Salaries And Wages": -59000000.0,
        "Gross Profit": NaN,
        "Cost Of Revenue": NaN,
        "Total Revenue": NaN,
        "Operating Revenue": NaN
    },
    "2022-12-31": {
        "Tax Effect Of Unusual Items": NaN,
        "Tax Rate For Calcs": NaN,
        "Normalized EBITDA": NaN,
        "Total Unusual Items": 0.0,
        "Total Unusual Items Excluding Goodwill": 0.0,
        "Net Income From Continuing Operation Net Minority Interest": NaN,
        "Reconciled Depreciation": NaN,
        "Reconciled Cost Of Revenue": NaN,
        "EBITDA": NaN,
        "EBIT": NaN,
        "Net Interest Income": NaN,
        "Interest Expense": NaN,
        "Normalized Income": NaN,
        "Net Income From Continuing And Discontinued Operation": NaN,
        "Total Expenses": NaN,
        "Diluted Average Shares": NaN,
        "Basic Average Shares": NaN,
        "Diluted EPS": NaN,
        "Basic EPS": NaN,
        "Diluted NI Availto Com Stockholders": NaN,
        "Net Income Common Stockholders": NaN,
        "Net Income": NaN,
        "Net Income Including Noncontrolling Interests": NaN,
        "Net Income Discontinuous Operations": 0.0,
        "Net Income Continuous Operations": NaN,
        "Tax Provision": NaN,
        "Pretax Income": NaN,
        "Other Income Expense": NaN,
        "Other Non Operating Income Expenses": 60000000.0,
        "Special Income Charges": 0.0,
        "Gain On Sale Of Business": 0.0,
        "Write Off": NaN,
        "Restructuring And Mergern Acquisition": 0.0,
        "Net Non Operating Interest Income Expense": NaN,
        "Interest Expense Non Operating": NaN,
        "Operating Income": NaN,
        "Operating Expense": NaN,
        "Selling General And Administration": NaN,
        "General And Administrative Expense": NaN,
        "Other Gand A": NaN,
        "Salaries And Wages": NaN,
        "Gross Profit": NaN,
        "Cost Of Revenue": NaN,
        "Total Revenue": NaN,
        "Operating Revenue": NaN
    },
    "2022-09-30": {
        "Tax Effect Of Unusual Items": NaN,
        "Tax Rate For Calcs": NaN,
        "Normalized EBITDA": NaN,
        "Total Unusual Items": 0.0,
        "Total Unusual Items Excluding Goodwill": 0.0,
        "Net Income From Continuing Operation Net Minority Interest": NaN,
        "Reconciled Depreciation": NaN,
        "Reconciled Cost Of Revenue": NaN,
        "EBITDA": NaN,
        "EBIT": NaN,
        "Net Interest Income": NaN,
        "Interest Expense": NaN,
        "Normalized Income": NaN,
        "Net Income From Continuing And Discontinued Operation": NaN,
        "Total Expenses": NaN,
        "Diluted Average Shares": NaN,
        "Basic Average Shares": NaN,
        "Diluted EPS": NaN,
        "Basic EPS": NaN,
        "Diluted NI Availto Com Stockholders": NaN,
        "Net Income Common Stockholders": NaN,
        "Net Income": NaN,
        "Net Income Including Noncontrolling Interests": NaN,
        "Net Income Discontinuous Operations": 0.0,
        "Net Income Continuous Operations": NaN,
        "Tax Provision": NaN,
        "Pretax Income": NaN,
        "Other Income Expense": NaN,
        "Other Non Operating Income Expenses": NaN,
        "Special Income Charges": 0.0,
        "Gain On Sale Of Business": 0.0,
        "Write Off": NaN,
        "Restructuring And Mergern Acquisition": 0.0,
        "Net Non Operating Interest Income Expense": NaN,
        "Interest Expense Non Operating": NaN,
        "Operating Income": NaN,
        "Operating Expense": NaN,
        "Selling General And Administration": NaN,
        "General And Administrative Expense": NaN,
        "Other Gand A": NaN,
        "Salaries And Wages": NaN,
        "Gross Profit": NaN,
        "Cost Of Revenue": NaN,
        "Total Revenue": NaN,
        "Operating Revenue": NaN
    },
    "2022-06-30": {
        "Tax Effect Of Unusual Items": 0.0,
        "Tax Rate For Calcs": 0.171,
        "Normalized EBITDA": 393000000.0,
        "Total Unusual Items": 0.0,
        "Total Unusual Items Excluding Goodwill": 0.0,
        "Net Income From Continuing Operation Net Minority Interest": 218000000.0,
        "Reconciled Depreciation": 98000000.0,
        "Reconciled Cost Of Revenue": 2641000000.0,
        "EBITDA": 393000000.0,
        "EBIT": 295000000.0,
        "Net Interest Income": -32000000.0,
        "Interest Expense": 32000000.0,
        "Normalized Income": 218000000.0,
        "Net Income From Continuing And Discontinued Operation": 217000000.0,
        "Total Expenses": 2919000000.0,
        "Diluted Average Shares": 216658000.0,
        "Basic Average Shares": 214587000.0,
        "Diluted EPS": 1.0,
        "Basic EPS": 1.01,
        "Diluted NI Availto Com Stockholders": 217000000.0,
        "Net Income Common Stockholders": 217000000.0,
        "Net Income": 217000000.0,
        "Net Income Including Noncontrolling Interests": 217000000.0,
        "Net Income Discontinuous Operations": -1000000.0,
        "Net Income Continuous Operations": 218000000.0,
        "Tax Provision": 45000000.0,
        "Pretax Income": 263000000.0,
        "Other Income Expense": 60000000.0,
        "Other Non Operating Income Expenses": 60000000.0,
        "Special Income Charges": 0.0,
        "Gain On Sale Of Business": 0.0,
        "Net Non Operating Interest Income Expense": -32000000.0,
        "Interest Expense Non Operating": 32000000.0,
        "Operating Income": 235000000.0,
        "Operating Expense": 278000000.0,
        "Selling General And Administration": 278000000.0,
        "Gross Profit": 513000000.0,
        "Cost Of Revenue": 2641000000.0,
        "Total Revenue": 3154000000.0,
        "Operating Revenue": 3154000000.0
    },
    "2022-03-31": {
        "Diluted EPS": 0.88,
        "Total Revenue": NaN,
        "Gross Profit": 509,
        "Operating Income": 204,
        "EBIT": 297,
        "Net Income": 193
    },
    "2021-12-31": {
        "Diluted EPS": 0.93,
        "Total Revenue": NaN,
        "Gross Profit": 571,
        "Operating Income": 245,
        "EBIT": 350,
        "Net Income": 207
    },
    "2021-09-30": {
        "Diluted EPS": 0.82,
        "Total Revenue": NaN,
        "Gross Profit": 504,
        "Operating Income": 221,
        "EBIT": 318,
        "Net Income": 185
    },
    "2021-06-30": {
        "Diluted EPS": 0.8,
        "Total Revenue": NaN,
        "Gross Profit": 531,
        "Operating Income": 217,
        "EBIT": 315,
        "Net Income": 183
    },
    "2021-03-31": {
        "Diluted EPS": 0.75,
        "Total Revenue": NaN,
        "Gross Profit": 479,
        "Operating Income": 181,
        "EBIT": 271,
        "Net Income": 171
    },
    "2020-12-31": {
        "Diluted EPS": 1.03,
        "Total Revenue": NaN,
        "Gross Profit": 543,
        "Operating Income": 258,
        "EBIT": 366,
        "Net Income": 236
    },
    "2020-09-30": {
        "Diluted EPS": 0.5,
        "Total Revenue": NaN,
        "Gross Profit": 403,
        "Operating Income": 145,
        "EBIT": 240,
        "Net Income": 115
    },
    "2020-06-30": {
        "Diluted EPS": -0.4,
        "Total Revenue": NaN,
        "Gross Profit": 221,
        "Operating Income": -18,
        "EBIT": 80,
        "Net Income": -92
    },
    "2020-03-31": {
        "Diluted EPS": 0.22,
        "Total Revenue": NaN,
        "Gross Profit": 390,
        "Operating Income": 127,
        "EBIT": 217,
        "Net Income": 50
    },
    "2019-12-31": {
        "Diluted EPS": 0.86,
        "Total Revenue": NaN,
        "Gross Profit": 594,
        "Operating Income": 296,
        "EBIT": 410,
        "Net Income": 199
    },
    "2019-09-30": {
        "Diluted EPS": 0.95,
        "Total Revenue": NaN,
        "Gross Profit": 512,
        "Operating Income": 257,
        "EBIT": 357,
        "Net Income": 220
    },
    "2019-06-30": {
        "Diluted EPS": 0.93,
        "Total Revenue": NaN,
        "Gross Profit": 586,
        "Operating Income": 294,
        "EBIT": 394,
        "Net Income": 217
    },
    "2019-03-31": {
        "Diluted EPS": 0.76,
        "Total Revenue": NaN,
        "Gross Profit": 532,
        "Operating Income": 225,
        "EBIT": 327,
        "Net Income": 179
    },
    "2018-12-31": {
        "Diluted EPS": 0.98,
        "Total Revenue": NaN,
        "Gross Profit": 645,
        "Operating Income": 374,
        "EBIT": 489,
        "Net Income": 246
    },
    "2018-09-30": {
        "Diluted EPS": 2.26,
        "Total Revenue": NaN,
        "Gross Profit": 513,
        "Operating Income": 206,
        "EBIT": 312,
        "Net Income": 563
    },
    "2018-06-30": {
        "Diluted EPS": 0.87,
        "Total Revenue": NaN,
        "Gross Profit": 653,
        "Operating Income": 283,
        "EBIT": 394,
        "Net Income": 224
    },
    "2018-03-31": {
        "Diluted EPS": 0.72,
        "Total Revenue": NaN,
        "Gross Profit": 567,
        "Operating Income": 240,
        "EBIT": 345,
        "Net Income": 189
    },
    "2017-12-31": {
        "Diluted EPS": -0.4,
        "Total Revenue": NaN,
        "Gross Profit": 662,
        "Operating Income": 302,
        "EBIT": 417,
        "Net Income": -106
    },
    "2017-09-30": {
        "Diluted EPS": 0.6,
        "Total Revenue": NaN,
        "Gross Profit": 600,
        "Operating Income": 272,
        "EBIT": 386,
        "Net Income": 159
    },
    "2017-06-30": {
        "Diluted EPS": 0.57,
        "Total Revenue": NaN,
        "Gross Profit": 608,
        "Operating Income": 271,
        "EBIT": 383,
        "Net Income": 153
    },
    "2017-03-31": {
        "Diluted EPS": 0.37,
        "Total Revenue": NaN,
        "Gross Profit": 501,
        "Operating Income": 192,
        "EBIT": 298,
        "Net Income": 101
    },
    "2016-12-31": {
        "Diluted EPS": 0.78,
        "Total Revenue": NaN,
        "Gross Profit": 673,
        "Operating Income": 305,
        "EBIT": 423,
        "Net Income": 214
    },
    "2016-09-30": {
        "Diluted EPS": 1.55,
        "Total Revenue": NaN,
        "Gross Profit": 590,
        "Operating Income": 267,
        "EBIT": 375,
        "Net Income": 421
    },
    "2016-06-30": {
        "Diluted EPS": 0.65,
        "Total Revenue": NaN,
        "Gross Profit": 622,
        "Operating Income": 304,
        "EBIT": 418,
        "Net Income": 177
    },
    "2016-03-31": {
        "Diluted EPS": 0.55,
        "Total Revenue": NaN,
        "Gross Profit": 566,
        "Operating Income": 258,
        "EBIT": 367,
        "Net Income": 150
    },
    "2015-12-31": {
        "Diluted EPS": 0.81,
        "Total Revenue": NaN,
        "Gross Profit": 672,
        "Operating Income": 337,
        "EBIT": 466,
        "Net Income": 226
    },
    "2015-09-30": {
        "Diluted EPS": 0.63,
        "Total Revenue": NaN,
        "Gross Profit": 596,
        "Operating Income": 293,
        "EBIT": 405,
        "Net Income": 176
    },
    "2015-06-30": {
        "Diluted EPS": 0.6,
        "Total Revenue": NaN,
        "Gross Profit": 612,
        "Operating Income": 283,
        "EBIT": 393,
        "Net Income": 167
    },
    "2015-03-31": {
        "Diluted EPS": 0.46,
        "Total Revenue": NaN,
        "Gross Profit": 564,
        "Operating Income": 227,
        "EBIT": 337,
        "Net Income": 128
    },
    "2014-12-31": {
        "Diluted EPS": 0.75,
        "Total Revenue": NaN,
        "Gross Profit": 752,
        "Operating Income": 389,
        "EBIT": 523,
        "Net Income": 212
    },
    "2014-09-30": {
        "Diluted EPS": 0.57,
        "Total Revenue": NaN,
        "Gross Profit": 585,
        "Operating Income": 278,
        "EBIT": 389,
        "Net Income": 159
    },
    "2014-06-30": {
        "Diluted EPS": 0.51,
        "Total Revenue": NaN,
        "Gross Profit": 630,
        "Operating Income": 257,
        "EBIT": 373,
        "Net Income": 144
    },
    "2014-03-31": {
        "Diluted EPS": 0.3,
        "Total Revenue": NaN,
        "Gross Profit": 490,
        "Operating Income": 172,
        "EBIT": 270,
        "Net Income": 85
    },
    "2013-12-31": {
        "Diluted EPS": 0.59,
        "Total Revenue": NaN,
        "Gross Profit": 568,
        "Operating Income": 262,
        "EBIT": 366,
        "Net Income": 167
    },
    "2013-09-30": {
        "Diluted EPS": 0.35,
        "Total Revenue": NaN,
        "Gross Profit": 431,
        "Operating Income": 186,
        "EBIT": 279,
        "Net Income": 99
    },
    "2013-06-30": {
        "Diluted EPS": 0.4,
        "Total Revenue": NaN,
        "Gross Profit": 501,
        "Operating Income": 205,
        "EBIT": 300,
        "Net Income": 113
    },
    "2013-03-31": {
        "Diluted EPS": 0.41,
        "Total Revenue": NaN,
        "Gross Profit": 473,
        "Operating Income": 194,
        "EBIT": 291,
        "Net Income": 119
    },
    "2012-12-31": {
        "Diluted EPS": 0.51,
        "Total Revenue": NaN,
        "Gross Profit": 565,
        "Operating Income": 252,
        "EBIT": 358,
        "Net Income": 148
    },
    "2012-09-30": {
        "Diluted EPS": 0.51,
        "Total Revenue": NaN,
        "Gross Profit": 525,
        "Operating Income": 261,
        "EBIT": 355,
        "Net Income": 151
    },
    "2012-06-30": {
        "Diluted EPS": 0.58,
        "Total Revenue": NaN,
        "Gross Profit": 584,
        "Operating Income": 308,
        "EBIT": 400,
        "Net Income": 172
    },
    "2012-03-31": {
        "Diluted EPS": 0.4,
        "Total Revenue": NaN,
        "Gross Profit": 544,
        "Operating Income": 232,
        "EBIT": 323,
        "Net Income": 118
    },
    "2011-12-31": {
        "Diluted EPS": -0.06,
        "Total Revenue": NaN,
        "Gross Profit": 539,
        "Operating Income": 194,
        "EBIT": 308,
        "Net Income": -19
    },
    "2011-09-30": {
        "Diluted EPS": 0.47,
        "Total Revenue": NaN,
        "Gross Profit": 501,
        "Operating Income": 250,
        "EBIT": 344,
        "Net Income": 142
    },
    "2011-06-30": {
        "Diluted EPS": 0.29,
        "Total Revenue": NaN,
        "Gross Profit": 503,
        "Operating Income": 208,
        "EBIT": 308,
        "Net Income": 90
    },
    "2011-03-31": {
        "Diluted EPS": 0.09,
        "Total Revenue": NaN,
        "Gross Profit": 424,
        "Operating Income": 120,
        "EBIT": 215,
        "Net Income": 29
    },
    "2010-12-31": {
        "Diluted EPS": 0.21,
        "Total Revenue": NaN,
        "Gross Profit": 523,
        "Operating Income": 177,
        "EBIT": 288,
        "Net Income": 60
    },
    "2010-09-30": {
        "Diluted EPS": -0.17,
        "Total Revenue": NaN,
        "Gross Profit": 442,
        "Operating Income": 141,
        "EBIT": 236,
        "Net Income": -48
    },
    "2010-06-30": {
        "Diluted EPS": 0.27,
        "Total Revenue": NaN,
        "Gross Profit": 521,
        "Operating Income": 222,
        "EBIT": 319,
        "Net Income": 82
    },
    "2010-03-31": {
        "Diluted EPS": -0.03,
        "Total Revenue": NaN,
        "Gross Profit": 434,
        "Operating Income": 149,
        "EBIT": 239,
        "Net Income": -8
    },
    "2009-12-31": {
        "Diluted EPS": -0.26,
        "Total Revenue": NaN,
        "Gross Profit": 490,
        "Operating Income": 186,
        "EBIT": 298,
        "Net Income": -63
    },
    "2009-09-30": {
        "Diluted EPS": 0.01,
        "Total Revenue": NaN,
        "Gross Profit": 502,
        "Operating Income": 154,
        "EBIT": 254,
        "Net Income": 4
    },
    "2009-06-30": {
        "Diluted EPS": -0.22,
        "Total Revenue": NaN,
        "Gross Profit": 513,
        "Operating Income": 173,
        "EBIT": 274,
        "Net Income": -58
    },
    "2009-03-31": {
        "Diluted EPS": 0.35,
        "Total Revenue": NaN,
        "Gross Profit": 527,
        "Operating Income": 181,
        "EBIT": 277,
        "Net Income": 86
    },
    "2023-09-30": {
        "Tax Effect Of Unusual Items": NaN,
        "Tax Rate For Calcs": NaN,
        "Normalized EBITDA": NaN,
        "Total Unusual Items": NaN,
        "Total Unusual Items Excluding Goodwill": NaN,
        "Net Income From Continuing Operation Net Minority Interest": NaN,
        "Reconciled Depreciation": NaN,
        "Reconciled Cost Of Revenue": NaN,
        "EBITDA": NaN,
        "EBIT": NaN,
        "Net Interest Income": NaN,
        "Interest Expense": NaN,
        "Normalized Income": NaN,
        "Net Income From Continuing And Discontinued Operation": NaN,
        "Total Expenses": NaN,
        "Diluted Average Shares": NaN,
        "Basic Average Shares": NaN,
        "Diluted EPS": NaN,
        "Basic EPS": NaN,
        "Diluted NI Availto Com Stockholders": NaN,
        "Net Income Common Stockholders": NaN,
        "Net Income": NaN,
        "Net Income Including Noncontrolling Interests": NaN,
        "Net Income Discontinuous Operations": 0.0,
        "Net Income Continuous Operations": NaN,
        "Tax Provision": NaN,
        "Pretax Income": NaN,
        "Other Income Expense": NaN,
        "Other Non Operating Income Expenses": NaN,
        "Special Income Charges": NaN,
        "Write Off": NaN,
        "Restructuring And Mergern Acquisition": 0.0,
        "Net Non Operating Interest Income Expense": NaN,
        "Interest Expense Non Operating": NaN,
        "Operating Income": NaN,
        "Operating Expense": NaN,
        "Research And Development": NaN,
        "Selling General And Administration": NaN,
        "General And Administrative Expense": NaN,
        "Other Gand A": NaN,
        "Salaries And Wages": NaN,
        "Gross Profit": NaN,
        "Cost Of Revenue": NaN,
        "Total Revenue": NaN,
        "Operating Revenue": NaN
    },
    "2023-12-31": {
        "Tax Effect Of Unusual Items": NaN,
        "Tax Rate For Calcs": NaN,
        "Normalized EBITDA": NaN,
        "Total Unusual Items": NaN,
        "Total Unusual Items Excluding Goodwill": NaN,
        "Net Income From Continuing Operation Net Minority Interest": NaN,
        "Reconciled Depreciation": NaN,
        "Reconciled Cost Of Revenue": NaN,
        "EBITDA": NaN,
        "EBIT": NaN,
        "Net Interest Income": NaN,
        "Interest Expense": NaN,
        "Normalized Income": NaN,
        "Net Income From Continuing And Discontinued Operation": NaN,
        "Total Expenses": NaN,
        "Diluted Average Shares": NaN,
        "Basic Average Shares": NaN,
        "Diluted EPS": NaN,
        "Basic EPS": NaN,
        "Diluted NI Availto Com Stockholders": NaN,
        "Net Income Common Stockholders": NaN,
        "Net Income": NaN,
        "Net Income Including Noncontrolling Interests": NaN,
        "Net Income Discontinuous Operations": -1000000.0,
        "Net Income Continuous Operations": NaN,
        "Tax Provision": NaN,
        "Pretax Income": NaN,
        "Other Income Expense": NaN,
        "Other Non Operating Income Expenses": NaN,
        "Special Income Charges": NaN,
        "Gain On Sale Of Business": NaN,
        "Write Off": NaN,
        "Restructuring And Mergern Acquisition": NaN,
        "Net Non Operating Interest Income Expense": NaN,
        "Interest Expense Non Operating": NaN,
        "Operating Income": NaN,
        "Operating Expense": NaN,
        "Research And Development": NaN,
        "Selling General And Administration": NaN,
        "General And Administrative Expense": NaN,
        "Other Gand A": NaN,
        "Salaries And Wages": NaN,
        "Gross Profit": NaN,
        "Cost Of Revenue": NaN,
        "Total Revenue": NaN,
        "Operating Revenue": NaN
    },
    "2024-03-31": {
        "Tax Effect Of Unusual Items": NaN,
        "Tax Rate For Calcs": NaN,
        "Normalized EBITDA": NaN,
        "Total Unusual Items": NaN,
        "Total Unusual Items Excluding Goodwill": NaN,
        "Net Income From Continuing Operation Net Minority Interest": NaN,
        "Reconciled Depreciation": NaN,
        "Reconciled Cost Of Revenue": NaN,
        "EBITDA": NaN,
        "EBIT": NaN,
        "Net Interest Income": NaN,
        "Interest Expense": NaN,
        "Normalized Income": NaN,
        "Net Income From Continuing And Discontinued Operation": NaN,
        "Total Expenses": NaN,
        "Diluted Average Shares": NaN,
        "Basic Average Shares": NaN,
        "Diluted EPS": NaN,
        "Basic EPS": NaN,
        "Diluted NI Availto Com Stockholders": NaN,
        "Net Income Common Stockholders": NaN,
        "Net Income": NaN,
        "Net Income Including Noncontrolling Interests": NaN,
        "Net Income Discontinuous Operations": NaN,
        "Net Income Continuous Operations": NaN,
        "Tax Provision": NaN,
        "Pretax Income": NaN,
        "Other Income Expense": NaN,
        "Other Non Operating Income Expenses": NaN,
        "Special Income Charges": NaN,
        "Gain On Sale Of Business": NaN,
        "Write Off": 1000000.0,
        "Restructuring And Mergern Acquisition": NaN,
        "Net Non Operating Interest Income Expense": NaN,
        "Interest Expense Non Operating": NaN,
        "Operating Income": NaN,
        "Operating Expense": NaN,
        "Research And Development": 144000000.0,
        "Selling General And Administration": NaN,
        "General And Administrative Expense": 250000000.0,
        "Other Gand A": 316000000.0,
        "Salaries And Wages": -66000000.0,
        "Gross Profit": NaN,
        "Cost Of Revenue": NaN,
        "Total Revenue": NaN,
        "Operating Revenue": NaN
    },
    "2024-06-30": {
        "Tax Effect Of Unusual Items": NaN,
        "Tax Rate For Calcs": NaN,
        "Normalized EBITDA": NaN,
        "Total Unusual Items": NaN,
        "Total Unusual Items Excluding Goodwill": NaN,
        "Net Income From Continuing Operation Net Minority Interest": NaN,
        "Reconciled Depreciation": NaN,
        "Reconciled Cost Of Revenue": NaN,
        "EBITDA": NaN,
        "EBIT": NaN,
        "Net Interest Income": NaN,
        "Interest Expense": NaN,
        "Normalized Income": NaN,
        "Net Income From Continuing And Discontinued Operation": NaN,
        "Total Expenses": NaN,
        "Diluted Average Shares": NaN,
        "Basic Average Shares": NaN,
        "Diluted EPS": NaN,
        "Basic EPS": NaN,
        "Diluted NI Availto Com Stockholders": NaN,
        "Net Income Common Stockholders": NaN,
        "Net Income": NaN,
        "Net Income Including Noncontrolling Interests": NaN,
        "Net Income Discontinuous Operations": -1000000.0,
        "Net Income Continuous Operations": NaN,
        "Tax Provision": NaN,
        "Pretax Income": NaN,
        "Other Income Expense": NaN,
        "Other Non Operating Income Expenses": NaN,
        "Special Income Charges": NaN,
        "Gain On Sale Of Business": NaN,
        "Restructuring And Mergern Acquisition": 13000000.0,
        "Net Non Operating Interest Income Expense": NaN,
        "Interest Expense Non Operating": NaN,
        "Operating Income": NaN,
        "Operating Expense": NaN,
        "Research And Development": 105000000.0,
        "Selling General And Administration": NaN,
        "General And Administrative Expense": 227000000.0,
        "Other Gand A": 293000000.0,
        "Salaries And Wages": -66000000.0,
        "Gross Profit": NaN,
        "Cost Of Revenue": NaN,
        "Total Revenue": NaN,
        "Operating Revenue": NaN
    },
    "2024-09-30": {
        "Tax Effect Of Unusual Items": 230000.0,
        "Tax Rate For Calcs": 0.115,
        "Normalized EBITDA": 377000000.0,
        "Total Unusual Items": 2000000.0,
        "Total Unusual Items Excluding Goodwill": 2000000.0,
        "Net Income From Continuing Operation Net Minority Interest": 223000000.0,
        "Reconciled Depreciation": 101000000.0,
        "Reconciled Cost Of Revenue": 2809000000.0,
        "EBITDA": 379000000.0,
        "EBIT": 278000000.0,
        "Net Interest Income": -26000000.0,
        "Interest Expense": 26000000.0,
        "Normalized Income": 221230000.0,
        "Net Income From Continuing And Discontinued Operation": 223000000.0,
        "Total Expenses": 3217000000.0,
        "Diluted Average Shares": NaN,
        "Basic Average Shares": NaN,
        "Diluted EPS": NaN,
        "Basic EPS": NaN,
        "Diluted NI Availto Com Stockholders": 223000000.0,
        "Net Income Common Stockholders": 223000000.0,
        "Net Income": 223000000.0,
        "Net Income Including Noncontrolling Interests": 223000000.0,
        "Net Income Discontinuous Operations": 0.0,
        "Net Income Continuous Operations": 223000000.0,
        "Tax Provision": 29000000.0,
        "Pretax Income": 252000000.0,
        "Other Income Expense": 68000000.0,
        "Other Non Operating Income Expenses": 66000000.0,
        "Special Income Charges": 2000000.0,
        "Gain On Sale Of Business": NaN,
        "Restructuring And Mergern Acquisition": -2000000.0,
        "Net Non Operating Interest Income Expense": -26000000.0,
        "Interest Expense Non Operating": 26000000.0,
        "Operating Income": 210000000.0,
        "Operating Expense": 408000000.0,
        "Research And Development": NaN,
        "Selling General And Administration": 282000000.0,
        "General And Administrative Expense": NaN,
        "Other Gand A": NaN,
        "Salaries And Wages": NaN,
        "Gross Profit": 618000000.0,
        "Cost Of Revenue": 2809000000.0,
        "Total Revenue": 3427000000.0,
        "Operating Revenue": 3427000000.0
    },
    "2024-12-31": {
        "Tax Effect Of Unusual Items": -11130000.0,
        "Tax Rate For Calcs": 0.21,
        "Normalized EBITDA": 313000000.0,
        "Total Unusual Items": -53000000.0,
        "Total Unusual Items Excluding Goodwill": -53000000.0,
        "Net Income From Continuing Operation Net Minority Interest": 141000000.0,
        "Reconciled Depreciation": 103000000.0,
        "Reconciled Cost Of Revenue": 2712000000.0,
        "EBITDA": 260000000.0,
        "EBIT": 157000000.0,
        "Net Interest Income": -26000000.0,
        "Interest Expense": 26000000.0,
        "Normalized Income": 182870000.0,
        "Net Income From Continuing And Discontinued Operation": 141000000.0,
        "Total Expenses": 3468000000.0,
        "Diluted Average Shares": 185567000.0,
        "Basic Average Shares": 185526316.0,
        "Diluted EPS": 0.759833,
        "Basic EPS": 0.76,
        "Diluted NI Availto Com Stockholders": 141000000.0,
        "Net Income Common Stockholders": 141000000.0,
        "Net Income": 141000000.0,
        "Net Income Including Noncontrolling Interests": 141000000.0,
        "Net Income Discontinuous Operations": 0.0,
        "Net Income Continuous Operations": 141000000.0,
        "Tax Provision": -10000000.0,
        "Pretax Income": 131000000.0,
        "Other Income Expense": 12000000.0,
        "Other Non Operating Income Expenses": 65000000.0,
        "Special Income Charges": -53000000.0,
        "Gain On Sale Of Business": NaN,
        "Restructuring And Mergern Acquisition": 52000000.0,
        "Net Non Operating Interest Income Expense": -26000000.0,
        "Interest Expense Non Operating": 26000000.0,
        "Operating Income": 145000000.0,
        "Operating Expense": 756000000.0,
        "Research And Development": NaN,
        "Selling General And Administration": 265000000.0,
        "General And Administrative Expense": NaN,
        "Other Gand A": NaN,
        "Salaries And Wages": NaN,
        "Gross Profit": 901000000.0,
        "Cost Of Revenue": 2712000000.0,
        "Total Revenue": 3613000000.0,
        "Operating Revenue": 3613000000.0
    },
    "2025-03-31": {
        "Tax Effect Of Unusual Items": 0.0,
        "Tax Rate For Calcs": 0.141,
        "Normalized EBITDA": 362000000.0,
        "Total Unusual Items": 0.0,
        "Total Unusual Items Excluding Goodwill": 0.0,
        "Net Income From Continuing Operation Net Minority Interest": 207000000.0,
        "Reconciled Depreciation": 92000000.0,
        "Reconciled Cost Of Revenue": 2672000000.0,
        "EBITDA": 362000000.0,
        "EBIT": 270000000.0,
        "Net Interest Income": -29000000.0,
        "Interest Expense": 29000000.0,
        "Normalized Income": 207000000.0,
        "Net Income From Continuing And Discontinued Operation": 207000000.0,
        "Total Expenses": 3102000000.0,
        "Diluted Average Shares": 183668000.0,
        "Basic Average Shares": 183185841.0,
        "Diluted EPS": 1.127034,
        "Basic EPS": 1.13,
        "Diluted NI Availto Com Stockholders": 207000000.0,
        "Net Income Common Stockholders": 207000000.0,
        "Net Income": 207000000.0,
        "Net Income Including Noncontrolling Interests": 207000000.0,
        "Net Income Discontinuous Operations": NaN,
        "Net Income Continuous Operations": 207000000.0,
        "Tax Provision": 34000000.0,
        "Pretax Income": 241000000.0,
        "Other Income Expense": 66000000.0,
        "Other Non Operating Income Expenses": 66000000.0,
        "Special Income Charges": 0.0,
        "Gain On Sale Of Business": NaN,
        "Restructuring And Mergern Acquisition": NaN,
        "Net Non Operating Interest Income Expense": -29000000.0,
        "Interest Expense Non Operating": 29000000.0,
        "Operating Income": 204000000.0,
        "Operating Expense": 430000000.0,
        "Research And Development": 132000000.0,
        "Selling General And Administration": 298000000.0,
        "General And Administrative Expense": NaN,
        "Other Gand A": NaN,
        "Salaries And Wages": NaN,
        "Gross Profit": 634000000.0,
        "Cost Of Revenue": 2672000000.0,
        "Total Revenue": 3306000000.0,
        "Operating Revenue": 3306000000.0
    },
    "2025-06-30": {
        "Tax Effect Of Unusual Items": -744000.0,
        "Tax Rate For Calcs": 0.186,
        "Normalized EBITDA": 436000000.0,
        "Total Unusual Items": -4000000.0,
        "Total Unusual Items Excluding Goodwill": -4000000.0,
        "Net Income From Continuing Operation Net Minority Interest": 245000000.0,
        "Reconciled Depreciation": 100000000.0,
        "Reconciled Cost Of Revenue": 3007000000.0,
        "EBITDA": 432000000.0,
        "EBIT": 332000000.0,
        "Net Interest Income": -31000000.0,
        "Interest Expense": 31000000.0,
        "Normalized Income": 248256000.0,
        "Net Income From Continuing And Discontinued Operation": 245000000.0,
        "Total Expenses": 3447000000.0,
        "Diluted Average Shares": 178156000.0,
        "Basic Average Shares": 178156000.0,
        "Diluted EPS": 1.35,
        "Basic EPS": 1.36,
        "Diluted NI Availto Com Stockholders": 245000000.0,
        "Net Income Common Stockholders": 245000000.0,
        "Net Income": 245000000.0,
        "Net Income Including Noncontrolling Interests": 245000000.0,
        "Net Income Discontinuous Operations": 0.0,
        "Net Income Continuous Operations": 245000000.0,
        "Tax Provision": 56000000.0,
        "Pretax Income": 301000000.0,
        "Other Income Expense": 63000000.0,
        "Other Non Operating Income Expenses": 67000000.0,
        "Special Income Charges": -4000000.0,
        "Gain On Sale Of Business": 4000000.0,
        "Restructuring And Mergern Acquisition": 8000000.0,
        "Net Non Operating Interest Income Expense": -31000000.0,
        "Interest Expense Non Operating": 31000000.0,
        "Operating Income": 269000000.0,
        "Operating Expense": 440000000.0,
        "Research And Development": 137000000.0,
        "Selling General And Administration": 303000000.0,
        "General And Administrative Expense": NaN,
        "Other Gand A": NaN,
        "Salaries And Wages": NaN,
        "Gross Profit": 709000000.0,
        "Cost Of Revenue": 3007000000.0,
        "Total Revenue": 3716000000.0,
        "Operating Revenue": 3716000000.0
    },
    "2025-09-30": {
        "Tax Effect Of Unusual Items": 0.0,
        "Tax Rate For Calcs": 0.256,
        "Normalized EBITDA": 443000000.0,
        "Total Unusual Items": 0.0,
        "Total Unusual Items Excluding Goodwill": 0.0,
        "Net Income From Continuing Operation Net Minority Interest": 235000000.0,
        "Reconciled Depreciation": 97000000.0,
        "Reconciled Cost Of Revenue": 2948000000.0,
        "EBITDA": 443000000.0,
        "EBIT": 346000000.0,
        "Net Interest Income": -30000000.0,
        "Interest Expense": 30000000.0,
        "Normalized Income": 235000000.0,
        "Net Income From Continuing And Discontinued Operation": 234000000.0,
        "Total Expenses": 3323000000.0,
        "Diluted Average Shares": 179150000.0,
        "Basic Average Shares": 178625954.0,
        "Diluted EPS": 1.31,
        "Basic EPS": 1.31,
        "Diluted NI Availto Com Stockholders": 234000000.0,
        "Net Income Common Stockholders": 234000000.0,
        "Net Income": 234000000.0,
        "Net Income Including Noncontrolling Interests": 234000000.0,
        "Net Income Discontinuous Operations": -1000000.0,
        "Net Income Continuous Operations": 235000000.0,
        "Tax Provision": 81000000.0,
        "Pretax Income": 316000000.0,
        "Other Income Expense": 67000000.0,
        "Other Non Operating Income Expenses": 67000000.0,
        "Special Income Charges": 0.0,
        "Gain On Sale Of Business": NaN,
        "Restructuring And Mergern Acquisition": 0.0,
        "Net Non Operating Interest Income Expense": -30000000.0,
        "Interest Expense Non Operating": 30000000.0,
        "Operating Income": 279000000.0,
        "Operating Expense": 375000000.0,
        "Research And Development": 118000000.0,
        "Selling General And Administration": 257000000.0,
        "General And Administrative Expense": NaN,
        "Other Gand A": NaN,
        "Salaries And Wages": NaN,
        "Gross Profit": 654000000.0,
        "Cost Of Revenue": 2948000000.0,
        "Total Revenue": 3602000000.0,
        "Operating Revenue": 3602000000.0
    },
    "2025-12-31": {
        "Tax Effect Of Unusual Items": NaN,
        "Tax Rate For Calcs": NaN,
        "Normalized EBITDA": NaN,
        "Total Unusual Items": NaN,
        "Total Unusual Items Excluding Goodwill": NaN,
        "Net Income From Continuing Operation Net Minority Interest": NaN,
        "Reconciled Depreciation": NaN,
        "Reconciled Cost Of Revenue": NaN,
        "EBITDA": NaN,
        "EBIT": NaN,
        "Net Interest Income": NaN,
        "Interest Expense": NaN,
        "Normalized Income": NaN,
        "Net Income From Continuing And Discontinued Operation": NaN,
        "Total Expenses": NaN,
        "Diluted Average Shares": 177125000.0,
        "Basic Average Shares": 176691729.0,
        "Diluted EPS": 1.326747,
        "Basic EPS": 1.33,
        "Diluted NI Availto Com Stockholders": NaN,
        "Net Income Common Stockholders": NaN,
        "Net Income": NaN,
        "Net Income Including Noncontrolling Interests": NaN,
        "Net Income Discontinuous Operations": NaN,
        "Net Income Continuous Operations": NaN,
        "Tax Provision": NaN,
        "Pretax Income": NaN,
        "Other Income Expense": NaN,
        "Other Non Operating Income Expenses": NaN,
        "Special Income Charges": NaN,
        "Gain On Sale Of Business": NaN,
        "Restructuring And Mergern Acquisition": NaN,
        "Net Non Operating Interest Income Expense": NaN,
        "Interest Expense Non Operating": NaN,
        "Operating Income": NaN,
        "Operating Expense": NaN,
        "Research And Development": NaN,
        "Selling General And Administration": NaN,
        "General And Administrative Expense": NaN,
        "Other Gand A": NaN,
        "Salaries And Wages": NaN,
        "Gross Profit": NaN,
        "Cost Of Revenue": NaN,
        "Total Revenue": NaN,
        "Operating Revenue": NaN
    }
}