{
    "2023-03-31": {
        "Tax Effect Of Unusual Items": 0.0,
        "Tax Rate For Calcs": 0.21,
        "Normalized EBITDA": -131809000.0,
        "Net Income From Continuing Operation Net Minority Interest": -253031000.0,
        "Reconciled Depreciation": 109560000.0,
        "Reconciled Cost Of Revenue": 161964000.0,
        "EBITDA": -131809000.0,
        "EBIT": -241369000.0,
        "Net Interest Income": 7486000.0,
        "Interest Expense": 6129000.0,
        "Interest Income": 13615000.0,
        "Normalized Income": -253031000.0,
        "Net Income From Continuing And Discontinued Operation": -253031000.0,
        "Total Expenses": 755345000.0,
        "Total Operating Income As Reported": -254984000.0,
        "Diluted Average Shares": 375909000.0,
        "Basic Average Shares": 375909000.0,
        "Diluted EPS": -0.67,
        "Basic EPS": -0.67,
        "Diluted NI Availto Com Stockholders": -253031000.0,
        "Net Income Common Stockholders": -253031000.0,
        "Net Income": -253031000.0,
        "Minority Interests": 672000.0,
        "Net Income Including Noncontrolling Interests": -253703000.0,
        "Net Income Continuous Operations": -253703000.0,
        "Tax Provision": 6205000.0,
        "Pretax Income": -247498000.0,
        "Net Non Operating Interest Income Expense": 7486000.0,
        "Interest Expense Non Operating": 6129000.0,
        "Interest Income Non Operating": 13615000.0,
        "Operating Income": -254984000.0,
        "Operating Expense": 593381000.0,
        "Research And Development": 280480000.0,
        "Selling General And Administration": 312901000.0,
        "Selling And Marketing Expense": 216127000.0,
        "General And Administrative Expense": 96774000.0,
        "Other Gand A": 96774000.0,
        "Gross Profit": 338397000.0,
        "Cost Of Revenue": 161964000.0,
        "Total Revenue": 500361000.0,
        "Operating Revenue": 500361000.0
    },
    "2022-12-31": {
        "Tax Effect Of Unusual Items": 0.0,
        "Tax Rate For Calcs": 0.21,
        "Normalized EBITDA": -182681000.0,
        "Net Income From Continuing Operation Net Minority Interest": -289328000.0,
        "Reconciled Depreciation": 83978000.0,
        "Reconciled Cost Of Revenue": 139928000.0,
        "EBITDA": -182681000.0,
        "EBIT": -266659000.0,
        "Net Interest Income": 3066000.0,
        "Interest Expense": 4035000.0,
        "Interest Income": 7101000.0,
        "Normalized Income": -289328000.0,
        "Net Income From Continuing And Discontinued Operation": -289328000.0,
        "Total Expenses": 724734000.0,
        "Total Operating Income As Reported": -273760000.0,
        "Diluted Average Shares": 351264000.0,
        "Basic Average Shares": 351264000.0,
        "Diluted EPS": -0.82,
        "Basic EPS": -0.82,
        "Diluted NI Availto Com Stockholders": -289328000.0,
        "Net Income Common Stockholders": -289328000.0,
        "Net Income": -289328000.0,
        "Minority Interests": NaN,
        "Net Income Including Noncontrolling Interests": -287754000.0,
        "Net Income Continuous Operations": -287754000.0,
        "Tax Provision": 17060000.0,
        "Pretax Income": -270694000.0,
        "Net Non Operating Interest Income Expense": 3066000.0,
        "Interest Expense Non Operating": 4035000.0,
        "Interest Income Non Operating": 7101000.0,
        "Operating Income": -273760000.0,
        "Operating Expense": 584806000.0,
        "Research And Development": 274111000.0,
        "Selling General And Administration": 310695000.0,
        "Selling And Marketing Expense": 183470000.0,
        "General And Administrative Expense": 127225000.0,
        "Other Gand A": 127225000.0,
        "Gross Profit": 311046000.0,
        "Cost Of Revenue": 139928000.0,
        "Total Revenue": 450974000.0,
        "Operating Revenue": 450974000.0
    },
    "2022-09-30": {
        "Tax Effect Of Unusual Items": 0.0,
        "Tax Rate For Calcs": 0.21,
        "Normalized EBITDA": -193928000.0,
        "Net Income From Continuing Operation Net Minority Interest": -250021000.0,
        "Reconciled Depreciation": 43490000.0,
        "Reconciled Cost Of Revenue": 111903000.0,
        "EBITDA": -193928000.0,
        "EBIT": -237418000.0,
        "Net Interest Income": 1073000.0,
        "Interest Expense": 1135000.0,
        "Interest Income": 2208000.0,
        "Normalized Income": -250021000.0,
        "Net Income From Continuing And Discontinued Operation": -250021000.0,
        "Total Expenses": 562507000.0,
        "Total Operating Income As Reported": -239626000.0,
        "Diluted Average Shares": 299062000.0,
        "Basic Average Shares": 299062000.0,
        "Diluted EPS": -0.84,
        "Basic EPS": -0.84,
        "Diluted NI Availto Com Stockholders": -250021000.0,
        "Net Income Common Stockholders": -250021000.0,
        "Net Income": -250021000.0,
        "Minority Interests": NaN,
        "Net Income Including Noncontrolling Interests": -250021000.0,
        "Net Income Continuous Operations": -250021000.0,
        "Tax Provision": 11468000.0,
        "Pretax Income": -238553000.0,
        "Net Non Operating Interest Income Expense": 1073000.0,
        "Interest Expense Non Operating": 1135000.0,
        "Interest Income Non Operating": 2208000.0,
        "Operating Income": -239626000.0,
        "Operating Expense": 450604000.0,
        "Research And Development": 248380000.0,
        "Selling General And Administration": 202224000.0,
        "Selling And Marketing Expense": 109639000.0,
        "General And Administrative Expense": 92585000.0,
        "Other Gand A": 92585000.0,
        "Gross Profit": 210978000.0,
        "Cost Of Revenue": 111903000.0,
        "Total Revenue": 322881000.0,
        "Operating Revenue": 322881000.0
    },
    "2022-06-30": {
        "Tax Effect Of Unusual Items": 0.0,
        "Tax Rate For Calcs": 0.4,
        "Normalized EBITDA": -155030000.0,
        "Net Income From Continuing Operation Net Minority Interest": -204158000.0,
        "Reconciled Depreciation": 42636000.0,
        "Reconciled Cost Of Revenue": 96836000.0,
        "EBITDA": -155030000.0,
        "EBIT": -197666000.0,
        "Net Interest Income": -4181000.0,
        "Interest Expense": 4181000.0,
        "Interest Income": NaN,
        "Normalized Income": -204158000.0,
        "Net Income From Continuing And Discontinued Operation": -204158000.0,
        "Total Expenses": 494709000.0,
        "Total Operating Income As Reported": -197666000.0,
        "Diluted Average Shares": 296849000.0,
        "Basic Average Shares": 296849000.0,
        "Diluted EPS": -0.69,
        "Basic EPS": -0.69,
        "Diluted NI Availto Com Stockholders": -204158000.0,
        "Net Income Common Stockholders": -204158000.0,
        "Net Income": -204158000.0,
        "Minority Interests": NaN,
        "Net Income Including Noncontrolling Interests": -204158000.0,
        "Net Income Continuous Operations": -204158000.0,
        "Tax Provision": 2311000.0,
        "Pretax Income": -201847000.0,
        "Net Non Operating Interest Income Expense": -4181000.0,
        "Interest Expense Non Operating": 4181000.0,
        "Interest Income Non Operating": NaN,
        "Operating Income": -197666000.0,
        "Operating Expense": 397873000.0,
        "Research And Development": 215960000.0,
        "Selling General And Administration": 181913000.0,
        "Selling And Marketing Expense": 100908000.0,
        "General And Administrative Expense": 81005000.0,
        "Other Gand A": 81005000.0,
        "Gross Profit": 200207000.0,
        "Cost Of Revenue": 96836000.0,
        "Total Revenue": 297043000.0,
        "Operating Revenue": 297043000.0
    },
    "2023-06-30": {
        "Tax Effect Of Unusual Items": 0.0,
        "Tax Rate For Calcs": 0.21,
        "Normalized EBITDA": -71312000.0,
        "Net Income From Continuing Operation Net Minority Interest": -192160000.0,
        "Reconciled Depreciation": 111079000.0,
        "Reconciled Cost Of Revenue": 158827000.0,
        "EBITDA": -71312000.0,
        "EBIT": -182391000.0,
        "Net Interest Income": 2919000.0,
        "Interest Expense": 6142000.0,
        "Interest Income": 9061000.0,
        "Normalized Income": -192160000.0,
        "Net Income From Continuing And Discontinued Operation": -192160000.0,
        "Total Expenses": 724930000.0,
        "Total Operating Income As Reported": -191452000.0,
        "Diluted Average Shares": 380355000.0,
        "Basic Average Shares": 380355000.0,
        "Diluted EPS": -0.51,
        "Basic EPS": -0.51,
        "Diluted NI Availto Com Stockholders": -192160000.0,
        "Net Income Common Stockholders": -192160000.0,
        "Net Income": -192160000.0,
        "Minority Interests": 1164000.0,
        "Net Income Including Noncontrolling Interests": -193324000.0,
        "Net Income Continuous Operations": -193324000.0,
        "Tax Provision": 4791000.0,
        "Pretax Income": -188533000.0,
        "Net Non Operating Interest Income Expense": 2919000.0,
        "Interest Expense Non Operating": 6142000.0,
        "Interest Income Non Operating": 9061000.0,
        "Operating Income": -191452000.0,
        "Operating Expense": 566103000.0,
        "Research And Development": 267955000.0,
        "Selling General And Administration": 298148000.0,
        "Selling And Marketing Expense": 209131000.0,
        "General And Administrative Expense": 89017000.0,
        "Other Gand A": 89017000.0,
        "Gross Profit": 374651000.0,
        "Cost Of Revenue": 158827000.0,
        "Total Revenue": 533478000.0,
        "Operating Revenue": 533478000.0
    },
    "2023-09-30": {
        "Tax Effect Of Unusual Items": 0.0,
        "Tax Rate For Calcs": 0.21,
        "Normalized EBITDA": -362000.0,
        "Net Income From Continuing Operation Net Minority Interest": -124071000.0,
        "Reconciled Depreciation": 111023000.0,
        "Reconciled Cost Of Revenue": 151349000.0,
        "EBITDA": -362000.0,
        "EBIT": -111385000.0,
        "Net Interest Income": 9859000.0,
        "Interest Expense": 6154000.0,
        "Interest Income": 16013000.0,
        "Normalized Income": -124071000.0,
        "Net Income From Continuing And Discontinued Operation": -124071000.0,
        "Total Expenses": 671608000.0,
        "Total Operating Income As Reported": -127398000.0,
        "Diluted Average Shares": 383674000.0,
        "Basic Average Shares": 383674000.0,
        "Diluted EPS": -0.32,
        "Basic EPS": -0.32,
        "Diluted NI Availto Com Stockholders": -124071000.0,
        "Net Income Common Stockholders": -124071000.0,
        "Net Income": -124071000.0,
        "Minority Interests": 1239000.0,
        "Net Income Including Noncontrolling Interests": -125310000.0,
        "Net Income Continuous Operations": -125310000.0,
        "Tax Provision": 7771000.0,
        "Pretax Income": -117539000.0,
        "Net Non Operating Interest Income Expense": 9859000.0,
        "Interest Expense Non Operating": 6154000.0,
        "Interest Income Non Operating": 16013000.0,
        "Operating Income": -127398000.0,
        "Operating Expense": 520259000.0,
        "Research And Development": 240003000.0,
        "Selling General And Administration": 280256000.0,
        "Selling And Marketing Expense": 194000000.0,
        "General And Administrative Expense": 86256000.0,
        "Other Gand A": 86256000.0,
        "Gross Profit": 392861000.0,
        "Cost Of Revenue": 151349000.0,
        "Total Revenue": 544210000.0,
        "Operating Revenue": 544210000.0
    },
    "2023-12-31": {
        "Tax Effect Of Unusual Items": 0.0,
        "Tax Rate For Calcs": 0.21,
        "Normalized EBITDA": -5866000.0,
        "Net Income From Continuing Operation Net Minority Interest": -252749000.0,
        "Reconciled Depreciation": 232254000.0,
        "Reconciled Cost Of Revenue": 261582000.0,
        "EBITDA": -5866000.0,
        "EBIT": -238120000.0,
        "Net Interest Income": 14685000.0,
        "Interest Expense": 6155000.0,
        "Interest Income": 20840000.0,
        "Normalized Income": -252749000.0,
        "Net Income From Continuing And Discontinued Operation": -252749000.0,
        "Total Expenses": 868228000.0,
        "Total Operating Income As Reported": -258960000.0,
        "Diluted Average Shares": 381788000.0,
        "Basic Average Shares": 381788000.0,
        "Diluted EPS": -0.66,
        "Basic EPS": -0.66,
        "Diluted NI Availto Com Stockholders": -252749000.0,
        "Net Income Common Stockholders": -252749000.0,
        "Net Income": -252749000.0,
        "Minority Interests": 1236000.0,
        "Net Income Including Noncontrolling Interests": -253985000.0,
        "Net Income Continuous Operations": -253985000.0,
        "Tax Provision": 9710000.0,
        "Pretax Income": -244275000.0,
        "Net Non Operating Interest Income Expense": 14685000.0,
        "Interest Expense Non Operating": 6155000.0,
        "Interest Income Non Operating": 20840000.0,
        "Operating Income": -258960000.0,
        "Operating Expense": 606646000.0,
        "Research And Development": 265150000.0,
        "Selling General And Administration": 341496000.0,
        "Selling And Marketing Expense": 215367000.0,
        "General And Administrative Expense": 126129000.0,
        "Other Gand A": 126129000.0,
        "Gross Profit": 347686000.0,
        "Cost Of Revenue": 261582000.0,
        "Total Revenue": 609268000.0,
        "Operating Revenue": 609268000.0
    },
    "2024-03-31": {
        "Tax Effect Of Unusual Items": 0.0,
        "Tax Rate For Calcs": 0.042202,
        "Normalized EBITDA": -196476000.0,
        "Net Income From Continuing Operation Net Minority Interest": -291074000.0,
        "Reconciled Depreciation": 101810000.0,
        "Reconciled Cost Of Revenue": 144387000.0,
        "EBITDA": -196476000.0,
        "EBIT": -298286000.0,
        "Net Interest Income": 70608000.0,
        "Interest Expense": 6035000.0,
        "Interest Income": 76643000.0,
        "Normalized Income": -291074000.0,
        "Net Income From Continuing And Discontinued Operation": -291074000.0,
        "Total Expenses": 835309000.0,
        "Total Operating Income As Reported": -374929000.0,
        "Diluted Average Shares": 387151000.0,
        "Basic Average Shares": 387151000.0,
        "Diluted EPS": -0.75,
        "Basic EPS": -0.75,
        "Diluted NI Availto Com Stockholders": -291074000.0,
        "Net Income Common Stockholders": -291074000.0,
        "Net Income": -291074000.0,
        "Minority Interests": 404000.0,
        "Net Income Including Noncontrolling Interests": -291478000.0,
        "Net Income Continuous Operations": -291478000.0,
        "Tax Provision": -12843000.0,
        "Pretax Income": -304321000.0,
        "Net Non Operating Interest Income Expense": 70608000.0,
        "Interest Expense Non Operating": 6035000.0,
        "Interest Income Non Operating": 76643000.0,
        "Operating Income": -374929000.0,
        "Operating Expense": 690922000.0,
        "Research And Development": 282728000.0,
        "Selling General And Administration": 408194000.0,
        "Selling And Marketing Expense": 230625000.0,
        "General And Administrative Expense": 177569000.0,
        "Other Gand A": 177569000.0,
        "Gross Profit": 315993000.0,
        "Cost Of Revenue": 144387000.0,
        "Total Revenue": 460380000.0,
        "Operating Revenue": 460380000.0
    },
    "2024-06-30": {
        "Tax Effect Of Unusual Items": 0.0,
        "Tax Rate For Calcs": 0.21,
        "Normalized EBITDA": -17554000.0,
        "Net Income From Continuing Operation Net Minority Interest": -125574000.0,
        "Reconciled Depreciation": 101409000.0,
        "Reconciled Cost Of Revenue": 108875000.0,
        "EBITDA": -17554000.0,
        "EBIT": -118963000.0,
        "Net Interest Income": 4628000.0,
        "Interest Expense": 5829000.0,
        "Interest Income": 10457000.0,
        "Normalized Income": -125574000.0,
        "Net Income From Continuing And Discontinued Operation": -125574000.0,
        "Total Expenses": 578679000.0,
        "Total Operating Income As Reported": -129420000.0,
        "Diluted Average Shares": 392537000.0,
        "Basic Average Shares": 392537000.0,
        "Diluted EPS": -0.32,
        "Basic EPS": -0.32,
        "Diluted NI Availto Com Stockholders": -125574000.0,
        "Net Income Common Stockholders": -125574000.0,
        "Net Income": -125574000.0,
        "Minority Interests": 164000.0,
        "Net Income Including Noncontrolling Interests": -125738000.0,
        "Net Income Continuous Operations": -125738000.0,
        "Tax Provision": 946000.0,
        "Pretax Income": -124792000.0,
        "Net Non Operating Interest Income Expense": 4628000.0,
        "Interest Expense Non Operating": 5829000.0,
        "Interest Income Non Operating": 10457000.0,
        "Operating Income": -129420000.0,
        "Operating Expense": 469804000.0,
        "Research And Development": 208935000.0,
        "Selling General And Administration": 260869000.0,
        "Selling And Marketing Expense": 169854000.0,
        "General And Administrative Expense": 91015000.0,
        "Other Gand A": 91015000.0,
        "Gross Profit": 340384000.0,
        "Cost Of Revenue": 108875000.0,
        "Total Revenue": 449259000.0,
        "Operating Revenue": 449259000.0
    },
    "2024-09-30": {
        "Tax Effect Of Unusual Items": 0.0,
        "Tax Rate For Calcs": 0.21,
        "Normalized EBITDA": -9196000.0,
        "Net Income From Continuing Operation Net Minority Interest": -124739000.0,
        "Reconciled Depreciation": 102600000.0,
        "Reconciled Cost Of Revenue": 112054000.0,
        "EBITDA": -9196000.0,
        "EBIT": -111796000.0,
        "Net Interest Income": 9511000.0,
        "Interest Expense": 5839000.0,
        "Interest Income": 15350000.0,
        "Normalized Income": -124739000.0,
        "Net Income From Continuing And Discontinued Operation": -124739000.0,
        "Total Expenses": 573663000.0,
        "Total Operating Income As Reported": -127146000.0,
        "Diluted Average Shares": 398810000.0,
        "Basic Average Shares": 398810000.0,
        "Diluted EPS": -0.31,
        "Basic EPS": -0.31,
        "Diluted NI Availto Com Stockholders": -124739000.0,
        "Net Income Common Stockholders": -124739000.0,
        "Net Income": -124739000.0,
        "Minority Interests": -191000.0,
        "Net Income Including Noncontrolling Interests": -124548000.0,
        "Net Income Continuous Operations": -124548000.0,
        "Tax Provision": 6913000.0,
        "Pretax Income": -117635000.0,
        "Net Non Operating Interest Income Expense": 9511000.0,
        "Interest Expense Non Operating": 5839000.0,
        "Interest Income Non Operating": 15350000.0,
        "Operating Income": -127146000.0,
        "Operating Expense": 461609000.0,
        "Research And Development": 215197000.0,
        "Selling General And Administration": 246412000.0,
        "Selling And Marketing Expense": 176423000.0,
        "General And Administrative Expense": 69989000.0,
        "Other Gand A": 69989000.0,
        "Gross Profit": 334463000.0,
        "Cost Of Revenue": 112054000.0,
        "Total Revenue": 446517000.0,
        "Operating Revenue": 446517000.0
    }
}