{
    "2023-03-31": {
        "Tax Effect Of Unusual Items": NaN,
        "Tax Rate For Calcs": NaN,
        "Normalized EBITDA": NaN,
        "Total Unusual Items": 0.0,
        "Total Unusual Items Excluding Goodwill": 0.0,
        "Net Income From Continuing Operation Net Minority Interest": NaN,
        "Reconciled Depreciation": NaN,
        "Reconciled Cost Of Revenue": NaN,
        "EBITDA": NaN,
        "EBIT": NaN,
        "Net Interest Income": NaN,
        "Normalized Income": NaN,
        "Net Income From Continuing And Discontinued Operation": NaN,
        "Total Expenses": NaN,
        "Total Operating Income As Reported": NaN,
        "Diluted Average Shares": NaN,
        "Basic Average Shares": NaN,
        "Diluted EPS": NaN,
        "Basic EPS": NaN,
        "Diluted NI Availto Com Stockholders": NaN,
        "Average Dilution Earnings": NaN,
        "Net Income Common Stockholders": NaN,
        "Net Income": NaN,
        "Net Income Including Noncontrolling Interests": NaN,
        "Net Income Continuous Operations": NaN,
        "Earnings From Equity Interest Net Of Tax": NaN,
        "Tax Provision": NaN,
        "Pretax Income": NaN,
        "Other Income Expense": NaN,
        "Other Non Operating Income Expenses": NaN,
        "Special Income Charges": 0.0,
        "Restructuring And Mergern Acquisition": 0.0,
        "Net Non Operating Interest Income Expense": NaN,
        "Total Other Finance Cost": NaN,
        "Operating Income": NaN,
        "Operating Expense": NaN,
        "Selling General And Administration": NaN,
        "Gross Profit": NaN,
        "Cost Of Revenue": NaN,
        "Total Revenue": NaN,
        "Operating Revenue": NaN
    },
    "2022-12-31": {
        "Tax Effect Of Unusual Items": NaN,
        "Tax Rate For Calcs": NaN,
        "Normalized EBITDA": NaN,
        "Total Unusual Items": 0.0,
        "Total Unusual Items Excluding Goodwill": 0.0,
        "Net Income From Continuing Operation Net Minority Interest": NaN,
        "Reconciled Depreciation": NaN,
        "Reconciled Cost Of Revenue": NaN,
        "EBITDA": NaN,
        "EBIT": NaN,
        "Net Interest Income": NaN,
        "Interest Expense": 1615000.0,
        "Normalized Income": NaN,
        "Net Income From Continuing And Discontinued Operation": NaN,
        "Total Expenses": NaN,
        "Total Operating Income As Reported": NaN,
        "Diluted Average Shares": NaN,
        "Basic Average Shares": NaN,
        "Diluted EPS": NaN,
        "Basic EPS": NaN,
        "Diluted NI Availto Com Stockholders": NaN,
        "Average Dilution Earnings": NaN,
        "Net Income Common Stockholders": NaN,
        "Net Income": NaN,
        "Net Income Including Noncontrolling Interests": NaN,
        "Net Income Continuous Operations": NaN,
        "Earnings From Equity Interest Net Of Tax": NaN,
        "Tax Provision": NaN,
        "Pretax Income": NaN,
        "Other Income Expense": NaN,
        "Other Non Operating Income Expenses": NaN,
        "Special Income Charges": 0.0,
        "Restructuring And Mergern Acquisition": 0.0,
        "Net Non Operating Interest Income Expense": NaN,
        "Total Other Finance Cost": NaN,
        "Interest Expense Non Operating": 1615000.0,
        "Operating Income": NaN,
        "Operating Expense": NaN,
        "Selling General And Administration": NaN,
        "Gross Profit": NaN,
        "Cost Of Revenue": NaN,
        "Total Revenue": NaN,
        "Operating Revenue": NaN
    },
    "2022-09-30": {
        "Tax Effect Of Unusual Items": NaN,
        "Tax Rate For Calcs": NaN,
        "Normalized EBITDA": NaN,
        "Total Unusual Items": 0.0,
        "Total Unusual Items Excluding Goodwill": 0.0,
        "Net Income From Continuing Operation Net Minority Interest": NaN,
        "Reconciled Depreciation": NaN,
        "Reconciled Cost Of Revenue": NaN,
        "EBITDA": NaN,
        "EBIT": NaN,
        "Net Interest Income": NaN,
        "Interest Expense": NaN,
        "Normalized Income": NaN,
        "Net Income From Continuing And Discontinued Operation": NaN,
        "Total Expenses": NaN,
        "Total Operating Income As Reported": NaN,
        "Diluted Average Shares": NaN,
        "Basic Average Shares": NaN,
        "Diluted EPS": NaN,
        "Basic EPS": NaN,
        "Diluted NI Availto Com Stockholders": NaN,
        "Average Dilution Earnings": 225000.0,
        "Net Income Common Stockholders": NaN,
        "Net Income": NaN,
        "Net Income Including Noncontrolling Interests": NaN,
        "Net Income Continuous Operations": NaN,
        "Earnings From Equity Interest Net Of Tax": NaN,
        "Tax Provision": NaN,
        "Pretax Income": NaN,
        "Other Income Expense": NaN,
        "Other Non Operating Income Expenses": NaN,
        "Special Income Charges": 0.0,
        "Restructuring And Mergern Acquisition": 0.0,
        "Net Non Operating Interest Income Expense": NaN,
        "Total Other Finance Cost": 3555000.0,
        "Interest Expense Non Operating": NaN,
        "Operating Income": NaN,
        "Operating Expense": NaN,
        "Selling General And Administration": NaN,
        "Gross Profit": NaN,
        "Cost Of Revenue": NaN,
        "Total Revenue": NaN,
        "Operating Revenue": NaN
    },
    "2022-06-30": {
        "Tax Effect Of Unusual Items": 0.0,
        "Tax Rate For Calcs": 0.397345,
        "Normalized EBITDA": 68804000.0,
        "Total Unusual Items": 0.0,
        "Total Unusual Items Excluding Goodwill": 0.0,
        "Net Income From Continuing Operation Net Minority Interest": 7682000.0,
        "Reconciled Depreciation": 34321000.0,
        "Reconciled Cost Of Revenue": 718860000.0,
        "EBITDA": 68804000.0,
        "EBIT": 34483000.0,
        "Net Interest Income": -6005000.0,
        "Interest Expense": NaN,
        "Normalized Income": 7682000.0,
        "Net Income From Continuing And Discontinued Operation": 7682000.0,
        "Total Expenses": 1314574000.0,
        "Total Operating Income As Reported": 34483000.0,
        "Diluted Average Shares": 468167000.0,
        "Basic Average Shares": 458415000.0,
        "Diluted EPS": 0.02,
        "Basic EPS": 0.02,
        "Diluted NI Availto Com Stockholders": 7682000.0,
        "Average Dilution Earnings": 225000.0,
        "Net Income Common Stockholders": 7682000.0,
        "Net Income": 7682000.0,
        "Net Income Including Noncontrolling Interests": 7682000.0,
        "Net Income Continuous Operations": 7682000.0,
        "Earnings From Equity Interest Net Of Tax": -898000.0,
        "Tax Provision": 5657000.0,
        "Pretax Income": 14237000.0,
        "Other Income Expense": -14241000.0,
        "Other Non Operating Income Expenses": -14241000.0,
        "Special Income Charges": 0.0,
        "Restructuring And Mergern Acquisition": 0.0,
        "Net Non Operating Interest Income Expense": -6005000.0,
        "Total Other Finance Cost": 6005000.0,
        "Interest Expense Non Operating": NaN,
        "Operating Income": 34483000.0,
        "Operating Expense": 595714000.0,
        "Selling General And Administration": 595714000.0,
        "Gross Profit": 630197000.0,
        "Cost Of Revenue": 718860000.0,
        "Total Revenue": 1349057000.0,
        "Operating Revenue": 1349057000.0
    },
    "2023-06-30": {
        "Tax Effect Of Unusual Items": NaN,
        "Tax Rate For Calcs": NaN,
        "Normalized EBITDA": NaN,
        "Total Unusual Items": 0.0,
        "Total Unusual Items Excluding Goodwill": 0.0,
        "Net Income From Continuing Operation Net Minority Interest": NaN,
        "Reconciled Depreciation": NaN,
        "Reconciled Cost Of Revenue": NaN,
        "EBITDA": NaN,
        "EBIT": NaN,
        "Net Interest Income": NaN,
        "Normalized Income": NaN,
        "Net Income From Continuing And Discontinued Operation": NaN,
        "Total Expenses": NaN,
        "Total Operating Income As Reported": NaN,
        "Diluted Average Shares": 454506000.0,
        "Basic Average Shares": 444872000.0,
        "Diluted EPS": 0.02,
        "Basic EPS": 0.02,
        "Diluted NI Availto Com Stockholders": NaN,
        "Average Dilution Earnings": NaN,
        "Net Income Common Stockholders": NaN,
        "Net Income": NaN,
        "Net Income Including Noncontrolling Interests": NaN,
        "Net Income Continuous Operations": NaN,
        "Earnings From Equity Interest Net Of Tax": NaN,
        "Tax Provision": NaN,
        "Pretax Income": NaN,
        "Other Income Expense": NaN,
        "Other Non Operating Income Expenses": NaN,
        "Special Income Charges": 0.0,
        "Restructuring And Mergern Acquisition": 0.0,
        "Net Non Operating Interest Income Expense": NaN,
        "Total Other Finance Cost": NaN,
        "Operating Income": NaN,
        "Operating Expense": NaN,
        "Selling General And Administration": NaN,
        "Gross Profit": NaN,
        "Cost Of Revenue": NaN,
        "Total Revenue": NaN,
        "Operating Revenue": NaN
    },
    "2023-09-30": {
        "Tax Effect Of Unusual Items": NaN,
        "Tax Rate For Calcs": NaN,
        "Normalized EBITDA": NaN,
        "Total Unusual Items": 0.0,
        "Total Unusual Items Excluding Goodwill": 0.0,
        "Net Income From Continuing Operation Net Minority Interest": NaN,
        "Reconciled Depreciation": NaN,
        "Reconciled Cost Of Revenue": NaN,
        "EBITDA": NaN,
        "EBIT": NaN,
        "Net Interest Income": NaN,
        "Normalized Income": NaN,
        "Net Income From Continuing And Discontinued Operation": NaN,
        "Total Expenses": NaN,
        "Total Operating Income As Reported": NaN,
        "Diluted Average Shares": 453715000.0,
        "Basic Average Shares": 443525000.0,
        "Diluted EPS": 0.23,
        "Basic EPS": 0.24,
        "Diluted NI Availto Com Stockholders": NaN,
        "Average Dilution Earnings": NaN,
        "Net Income Common Stockholders": NaN,
        "Net Income": NaN,
        "Net Income Including Noncontrolling Interests": NaN,
        "Net Income Continuous Operations": NaN,
        "Earnings From Equity Interest Net Of Tax": NaN,
        "Tax Provision": NaN,
        "Pretax Income": NaN,
        "Other Income Expense": NaN,
        "Other Non Operating Income Expenses": NaN,
        "Special Income Charges": 0.0,
        "Restructuring And Mergern Acquisition": 0.0,
        "Net Non Operating Interest Income Expense": NaN,
        "Total Other Finance Cost": NaN,
        "Operating Income": NaN,
        "Operating Expense": NaN,
        "Selling General And Administration": NaN,
        "Gross Profit": NaN,
        "Cost Of Revenue": NaN,
        "Total Revenue": NaN,
        "Operating Revenue": NaN
    },
    "2023-12-31": {
        "Tax Effect Of Unusual Items": NaN,
        "Tax Rate For Calcs": NaN,
        "Normalized EBITDA": NaN,
        "Total Unusual Items": 0.0,
        "Total Unusual Items Excluding Goodwill": 0.0,
        "Net Income From Continuing Operation Net Minority Interest": NaN,
        "Reconciled Depreciation": NaN,
        "Reconciled Cost Of Revenue": NaN,
        "EBITDA": NaN,
        "EBIT": NaN,
        "Net Interest Income": NaN,
        "Normalized Income": NaN,
        "Net Income From Continuing And Discontinued Operation": NaN,
        "Total Expenses": NaN,
        "Total Operating Income As Reported": NaN,
        "Diluted Average Shares": 448435000.0,
        "Basic Average Shares": 437314000.0,
        "Diluted EPS": 0.26,
        "Basic EPS": 0.26,
        "Diluted NI Availto Com Stockholders": NaN,
        "Average Dilution Earnings": NaN,
        "Net Income Common Stockholders": NaN,
        "Net Income": NaN,
        "Net Income Including Noncontrolling Interests": NaN,
        "Net Income Continuous Operations": NaN,
        "Earnings From Equity Interest Net Of Tax": NaN,
        "Tax Provision": NaN,
        "Pretax Income": NaN,
        "Other Income Expense": NaN,
        "Other Non Operating Income Expenses": NaN,
        "Special Income Charges": 0.0,
        "Restructuring And Mergern Acquisition": 0.0,
        "Net Non Operating Interest Income Expense": NaN,
        "Total Other Finance Cost": NaN,
        "Operating Income": NaN,
        "Operating Expense": NaN,
        "Selling General And Administration": NaN,
        "Gross Profit": NaN,
        "Cost Of Revenue": NaN,
        "Total Revenue": NaN,
        "Operating Revenue": NaN
    },
    "2024-03-31": {
        "Tax Effect Of Unusual Items": NaN,
        "Tax Rate For Calcs": NaN,
        "Normalized EBITDA": NaN,
        "Total Unusual Items": NaN,
        "Total Unusual Items Excluding Goodwill": NaN,
        "Net Income From Continuing Operation Net Minority Interest": NaN,
        "Reconciled Depreciation": NaN,
        "Reconciled Cost Of Revenue": NaN,
        "EBITDA": NaN,
        "EBIT": NaN,
        "Net Interest Income": NaN,
        "Normalized Income": NaN,
        "Net Income From Continuing And Discontinued Operation": NaN,
        "Total Expenses": NaN,
        "Total Operating Income As Reported": NaN,
        "Diluted Average Shares": NaN,
        "Basic Average Shares": NaN,
        "Diluted EPS": NaN,
        "Basic EPS": NaN,
        "Diluted NI Availto Com Stockholders": NaN,
        "Average Dilution Earnings": 226000.0,
        "Net Income Common Stockholders": NaN,
        "Net Income": NaN,
        "Net Income Including Noncontrolling Interests": NaN,
        "Net Income Continuous Operations": NaN,
        "Earnings From Equity Interest Net Of Tax": NaN,
        "Tax Provision": NaN,
        "Pretax Income": NaN,
        "Other Income Expense": NaN,
        "Other Non Operating Income Expenses": NaN,
        "Special Income Charges": NaN,
        "Restructuring And Mergern Acquisition": NaN,
        "Net Non Operating Interest Income Expense": NaN,
        "Total Other Finance Cost": NaN,
        "Operating Income": NaN,
        "Operating Expense": NaN,
        "Selling General And Administration": NaN,
        "Gross Profit": NaN,
        "Cost Of Revenue": NaN,
        "Total Revenue": NaN,
        "Operating Revenue": NaN
    },
    "2024-06-30": {
        "Tax Effect Of Unusual Items": -5268060.0,
        "Tax Rate For Calcs": 0.21,
        "Normalized EBITDA": -216726000.0,
        "Total Unusual Items": -25086000.0,
        "Total Unusual Items Excluding Goodwill": -25086000.0,
        "Net Income From Continuing Operation Net Minority Interest": -305426000.0,
        "Reconciled Depreciation": 32830000.0,
        "Reconciled Cost Of Revenue": 620990000.0,
        "EBITDA": -241812000.0,
        "EBIT": -274642000.0,
        "Net Interest Income": 2344000.0,
        "Normalized Income": -285608060.0,
        "Net Income From Continuing And Discontinued Operation": -305426000.0,
        "Total Expenses": 1458307000.0,
        "Total Operating Income As Reported": -299728000.0,
        "Diluted Average Shares": 435693000.0,
        "Basic Average Shares": 435693000.0,
        "Diluted EPS": -0.7,
        "Basic EPS": -0.7,
        "Diluted NI Availto Com Stockholders": -305426000.0,
        "Average Dilution Earnings": 0.0,
        "Net Income Common Stockholders": -305426000.0,
        "Net Income": -305426000.0,
        "Net Income Including Noncontrolling Interests": -305426000.0,
        "Net Income Continuous Operations": -305426000.0,
        "Earnings From Equity Interest Net Of Tax": -163000.0,
        "Tax Provision": 5149000.0,
        "Pretax Income": -300114000.0,
        "Other Income Expense": -27816000.0,
        "Other Non Operating Income Expenses": -2730000.0,
        "Special Income Charges": -25086000.0,
        "Restructuring And Mergern Acquisition": 25086000.0,
        "Net Non Operating Interest Income Expense": 2344000.0,
        "Total Other Finance Cost": -2344000.0,
        "Operating Income": -274642000.0,
        "Operating Expense": 837317000.0,
        "Selling General And Administration": 837317000.0,
        "Gross Profit": 562675000.0,
        "Cost Of Revenue": 620990000.0,
        "Total Revenue": 1183665000.0,
        "Operating Revenue": 1183665000.0
    },
    "2024-09-30": {
        "Tax Effect Of Unusual Items": -674520.0,
        "Tax Rate For Calcs": 0.21,
        "Normalized EBITDA": 212239000.0,
        "Total Unusual Items": -3212000.0,
        "Total Unusual Items Excluding Goodwill": -3212000.0,
        "Net Income From Continuing Operation Net Minority Interest": 170382000.0,
        "Reconciled Depreciation": 32735000.0,
        "Reconciled Cost Of Revenue": 702891000.0,
        "EBITDA": 209027000.0,
        "EBIT": 176292000.0,
        "Net Interest Income": -1747000.0,
        "Normalized Income": 172919480.0,
        "Net Income From Continuing And Discontinued Operation": 170382000.0,
        "Total Expenses": 1222731000.0,
        "Total Operating Income As Reported": 173080000.0,
        "Diluted Average Shares": 435685000.0,
        "Basic Average Shares": 432225000.0,
        "Diluted EPS": 0.39,
        "Basic EPS": 0.39,
        "Diluted NI Availto Com Stockholders": 170382000.0,
        "Average Dilution Earnings": 0.0,
        "Net Income Common Stockholders": 170382000.0,
        "Net Income": 170382000.0,
        "Net Income Including Noncontrolling Interests": 170382000.0,
        "Net Income Continuous Operations": 170382000.0,
        "Earnings From Equity Interest Net Of Tax": 333000.0,
        "Tax Provision": -2136000.0,
        "Pretax Income": 167913000.0,
        "Other Income Expense": -6632000.0,
        "Other Non Operating Income Expenses": -3420000.0,
        "Special Income Charges": -3212000.0,
        "Restructuring And Mergern Acquisition": 3212000.0,
        "Net Non Operating Interest Income Expense": -1747000.0,
        "Total Other Finance Cost": 1747000.0,
        "Operating Income": 176292000.0,
        "Operating Expense": 519840000.0,
        "Selling General And Administration": 519840000.0,
        "Gross Profit": 696132000.0,
        "Cost Of Revenue": 702891000.0,
        "Total Revenue": 1399023000.0,
        "Operating Revenue": 1399023000.0
    },
    "2024-12-31": {
        "Tax Effect Of Unusual Items": -2928450.0,
        "Tax Rate For Calcs": 0.21,
        "Normalized EBITDA": 72620000.0,
        "Total Unusual Items": -13945000.0,
        "Total Unusual Items Excluding Goodwill": -13945000.0,
        "Net Income From Continuing Operation Net Minority Interest": 1234000.0,
        "Reconciled Depreciation": 31221000.0,
        "Reconciled Cost Of Revenue": 735884000.0,
        "EBITDA": 58675000.0,
        "EBIT": 27454000.0,
        "Net Interest Income": -3391000.0,
        "Normalized Income": 12250550.0,
        "Net Income From Continuing And Discontinued Operation": 1234000.0,
        "Total Expenses": 1373585000.0,
        "Total Operating Income As Reported": 13509000.0,
        "Diluted Average Shares": 437297000.0,
        "Basic Average Shares": 431744000.0,
        "Diluted EPS": 0.0,
        "Basic EPS": 0.0,
        "Diluted NI Availto Com Stockholders": 1234000.0,
        "Average Dilution Earnings": 0.0,
        "Net Income Common Stockholders": 1234000.0,
        "Net Income": 1234000.0,
        "Net Income Including Noncontrolling Interests": 1234000.0,
        "Net Income Continuous Operations": 1234000.0,
        "Earnings From Equity Interest Net Of Tax": -26000.0,
        "Tax Provision": 6295000.0,
        "Pretax Income": 7555000.0,
        "Other Income Expense": -16508000.0,
        "Other Non Operating Income Expenses": -2563000.0,
        "Special Income Charges": -13945000.0,
        "Restructuring And Mergern Acquisition": 13945000.0,
        "Net Non Operating Interest Income Expense": -3391000.0,
        "Total Other Finance Cost": 3391000.0,
        "Operating Income": 27454000.0,
        "Operating Expense": 637701000.0,
        "Selling General And Administration": 637701000.0,
        "Gross Profit": 665155000.0,
        "Cost Of Revenue": 735884000.0,
        "Total Revenue": 1401039000.0,
        "Operating Revenue": 1401039000.0
    },
    "2025-03-31": {
        "Tax Effect Of Unusual Items": -2394350.042438,
        "Tax Rate For Calcs": 0.152254,
        "Normalized EBITDA": -1607000.0,
        "Total Unusual Items": -15726000.0,
        "Total Unusual Items Excluding Goodwill": -15726000.0,
        "Net Income From Continuing Operation Net Minority Interest": -67457000.0,
        "Reconciled Depreciation": 39018000.0,
        "Reconciled Cost Of Revenue": 629801000.0,
        "EBITDA": -17333000.0,
        "EBIT": -56351000.0,
        "Net Interest Income": -3321000.0,
        "Normalized Income": -54125350.042438,
        "Net Income From Continuing And Discontinued Operation": -67457000.0,
        "Total Expenses": 1236934000.0,
        "Total Operating Income As Reported": -72077000.0,
        "Diluted Average Shares": 429292000.0,
        "Basic Average Shares": 429292000.0,
        "Diluted EPS": -0.16,
        "Basic EPS": -0.16,
        "Diluted NI Availto Com Stockholders": -67457000.0,
        "Average Dilution Earnings": 0.0,
        "Net Income Common Stockholders": -67457000.0,
        "Net Income": -67457000.0,
        "Net Income Including Noncontrolling Interests": -67457000.0,
        "Net Income Continuous Operations": -67457000.0,
        "Earnings From Equity Interest Net Of Tax": 461000.0,
        "Tax Provision": -12198000.0,
        "Pretax Income": -80116000.0,
        "Other Income Expense": -20444000.0,
        "Other Non Operating Income Expenses": -4718000.0,
        "Special Income Charges": -15726000.0,
        "Restructuring And Mergern Acquisition": 15726000.0,
        "Net Non Operating Interest Income Expense": -3321000.0,
        "Total Other Finance Cost": 3321000.0,
        "Operating Income": -56351000.0,
        "Operating Expense": 607133000.0,
        "Selling General And Administration": 607133000.0,
        "Gross Profit": 550782000.0,
        "Cost Of Revenue": 629801000.0,
        "Total Revenue": 1180583000.0,
        "Operating Revenue": 1180583000.0
    },
    "2025-06-30": {
        "Tax Effect Of Unusual Items": -2693880.0,
        "Tax Rate For Calcs": 0.21,
        "Normalized EBITDA": 57960000.0,
        "Total Unusual Items": -12828000.0,
        "Total Unusual Items Excluding Goodwill": -12828000.0,
        "Net Income From Continuing Operation Net Minority Interest": -2612000.0,
        "Reconciled Depreciation": 28981000.0,
        "Reconciled Cost Of Revenue": 587572000.0,
        "EBITDA": 45132000.0,
        "EBIT": 16151000.0,
        "Net Interest Income": -4051000.0,
        "Normalized Income": 7522120.0,
        "Net Income From Continuing And Discontinued Operation": -2612000.0,
        "Total Expenses": 1117917000.0,
        "Total Operating Income As Reported": 3323000.0,
        "Diluted Average Shares": 427116000.0,
        "Basic Average Shares": 427116000.0,
        "Diluted EPS": -0.01,
        "Basic EPS": -0.01,
        "Diluted NI Availto Com Stockholders": -2612000.0,
        "Average Dilution Earnings": NaN,
        "Net Income Common Stockholders": -2612000.0,
        "Net Income": -2612000.0,
        "Net Income Including Noncontrolling Interests": -2612000.0,
        "Net Income Continuous Operations": -2612000.0,
        "Earnings From Equity Interest Net Of Tax": 153000.0,
        "Tax Provision": -2658000.0,
        "Pretax Income": -5423000.0,
        "Other Income Expense": -17523000.0,
        "Other Non Operating Income Expenses": -4695000.0,
        "Special Income Charges": -12828000.0,
        "Restructuring And Mergern Acquisition": 12828000.0,
        "Net Non Operating Interest Income Expense": -4051000.0,
        "Total Other Finance Cost": 4051000.0,
        "Operating Income": 16151000.0,
        "Operating Expense": 530345000.0,
        "Selling General And Administration": 530345000.0,
        "Gross Profit": 546496000.0,
        "Cost Of Revenue": 587572000.0,
        "Total Revenue": 1134068000.0,
        "Operating Revenue": 1134068000.0
    }
}