{
    "2023-03-31": {
        "Tax Effect Of Unusual Items": NaN,
        "Tax Rate For Calcs": NaN,
        "Normalized EBITDA": NaN,
        "Total Unusual Items": NaN,
        "Total Unusual Items Excluding Goodwill": NaN,
        "Net Income From Continuing Operation Net Minority Interest": NaN,
        "Reconciled Depreciation": NaN,
        "Reconciled Cost Of Revenue": NaN,
        "EBITDA": NaN,
        "EBIT": NaN,
        "Net Interest Income": NaN,
        "Interest Expense": NaN,
        "Interest Income": NaN,
        "Normalized Income": NaN,
        "Net Income From Continuing And Discontinued Operation": NaN,
        "Total Expenses": NaN,
        "Total Operating Income As Reported": NaN,
        "Diluted Average Shares": NaN,
        "Basic Average Shares": NaN,
        "Diluted EPS": NaN,
        "Basic EPS": NaN,
        "Diluted NI Availto Com Stockholders": NaN,
        "Average Dilution Earnings": NaN,
        "Net Income Common Stockholders": NaN,
        "Net Income": NaN,
        "Minority Interests": NaN,
        "Net Income Including Noncontrolling Interests": NaN,
        "Net Income Continuous Operations": NaN,
        "Earnings From Equity Interest Net Of Tax": NaN,
        "Tax Provision": NaN,
        "Pretax Income": NaN,
        "Other Income Expense": NaN,
        "Other Non Operating Income Expenses": NaN,
        "Special Income Charges": 0.0,
        "Gain On Sale Of Business": NaN,
        "Write Off": 0.0,
        "Gain On Sale Of Security": NaN,
        "Net Non Operating Interest Income Expense": NaN,
        "Interest Expense Non Operating": NaN,
        "Interest Income Non Operating": NaN,
        "Operating Income": NaN,
        "Operating Expense": NaN,
        "Other Operating Expenses": NaN,
        "Depreciation Amortization Depletion Income Statement": NaN,
        "Depreciation And Amortization In Income Statement": NaN,
        "Research And Development": NaN,
        "Selling General And Administration": NaN,
        "Selling And Marketing Expense": NaN,
        "General And Administrative Expense": NaN,
        "Other Gand A": NaN,
        "Gross Profit": NaN,
        "Cost Of Revenue": NaN,
        "Total Revenue": NaN,
        "Operating Revenue": NaN
    },
    "2022-12-31": {
        "Tax Effect Of Unusual Items": NaN,
        "Tax Rate For Calcs": NaN,
        "Normalized EBITDA": NaN,
        "Total Unusual Items": NaN,
        "Total Unusual Items Excluding Goodwill": NaN,
        "Net Income From Continuing Operation Net Minority Interest": NaN,
        "Reconciled Depreciation": NaN,
        "Reconciled Cost Of Revenue": NaN,
        "EBITDA": NaN,
        "EBIT": NaN,
        "Net Interest Income": NaN,
        "Interest Expense": NaN,
        "Interest Income": NaN,
        "Normalized Income": NaN,
        "Net Income From Continuing And Discontinued Operation": NaN,
        "Total Expenses": NaN,
        "Total Operating Income As Reported": NaN,
        "Diluted Average Shares": NaN,
        "Basic Average Shares": NaN,
        "Diluted EPS": NaN,
        "Basic EPS": NaN,
        "Diluted NI Availto Com Stockholders": NaN,
        "Average Dilution Earnings": NaN,
        "Net Income Common Stockholders": NaN,
        "Net Income": NaN,
        "Minority Interests": NaN,
        "Net Income Including Noncontrolling Interests": NaN,
        "Net Income Continuous Operations": NaN,
        "Earnings From Equity Interest Net Of Tax": NaN,
        "Tax Provision": NaN,
        "Pretax Income": NaN,
        "Other Income Expense": NaN,
        "Other Non Operating Income Expenses": NaN,
        "Special Income Charges": 0.0,
        "Gain On Sale Of Business": 0.0,
        "Write Off": 0.0,
        "Gain On Sale Of Security": NaN,
        "Net Non Operating Interest Income Expense": NaN,
        "Interest Expense Non Operating": NaN,
        "Interest Income Non Operating": NaN,
        "Operating Income": NaN,
        "Operating Expense": NaN,
        "Other Operating Expenses": NaN,
        "Depreciation Amortization Depletion Income Statement": NaN,
        "Depreciation And Amortization In Income Statement": NaN,
        "Research And Development": NaN,
        "Selling General And Administration": NaN,
        "Selling And Marketing Expense": NaN,
        "General And Administrative Expense": NaN,
        "Other Gand A": NaN,
        "Gross Profit": NaN,
        "Cost Of Revenue": NaN,
        "Total Revenue": NaN,
        "Operating Revenue": NaN
    },
    "2022-09-30": {
        "Tax Effect Of Unusual Items": NaN,
        "Tax Rate For Calcs": NaN,
        "Normalized EBITDA": NaN,
        "Total Unusual Items": NaN,
        "Total Unusual Items Excluding Goodwill": NaN,
        "Net Income From Continuing Operation Net Minority Interest": NaN,
        "Reconciled Depreciation": NaN,
        "Reconciled Cost Of Revenue": NaN,
        "EBITDA": NaN,
        "EBIT": NaN,
        "Net Interest Income": NaN,
        "Interest Expense": NaN,
        "Interest Income": NaN,
        "Normalized Income": NaN,
        "Net Income From Continuing And Discontinued Operation": NaN,
        "Total Expenses": NaN,
        "Total Operating Income As Reported": NaN,
        "Diluted Average Shares": NaN,
        "Basic Average Shares": NaN,
        "Diluted EPS": NaN,
        "Basic EPS": NaN,
        "Diluted NI Availto Com Stockholders": NaN,
        "Average Dilution Earnings": NaN,
        "Net Income Common Stockholders": NaN,
        "Net Income": NaN,
        "Minority Interests": NaN,
        "Net Income Including Noncontrolling Interests": NaN,
        "Net Income Continuous Operations": NaN,
        "Earnings From Equity Interest Net Of Tax": NaN,
        "Tax Provision": NaN,
        "Pretax Income": NaN,
        "Other Income Expense": NaN,
        "Other Non Operating Income Expenses": NaN,
        "Special Income Charges": NaN,
        "Gain On Sale Of Business": 14000000.0,
        "Write Off": NaN,
        "Gain On Sale Of Security": NaN,
        "Net Non Operating Interest Income Expense": NaN,
        "Interest Expense Non Operating": NaN,
        "Interest Income Non Operating": NaN,
        "Operating Income": NaN,
        "Operating Expense": NaN,
        "Other Operating Expenses": NaN,
        "Depreciation Amortization Depletion Income Statement": NaN,
        "Depreciation And Amortization In Income Statement": NaN,
        "Research And Development": NaN,
        "Selling General And Administration": NaN,
        "Selling And Marketing Expense": NaN,
        "General And Administrative Expense": NaN,
        "Other Gand A": NaN,
        "Gross Profit": NaN,
        "Cost Of Revenue": NaN,
        "Total Revenue": NaN,
        "Operating Revenue": NaN
    },
    "2022-06-30": {
        "Tax Effect Of Unusual Items": -690400000.0,
        "Tax Rate For Calcs": 0.4,
        "Normalized EBITDA": -448000000.0,
        "Total Unusual Items": -1726000000.0,
        "Total Unusual Items Excluding Goodwill": -1726000000.0,
        "Net Income From Continuing Operation Net Minority Interest": -2601000000.0,
        "Reconciled Depreciation": 243000000.0,
        "Reconciled Cost Of Revenue": 5153000000.0,
        "EBITDA": -2174000000.0,
        "EBIT": -2417000000.0,
        "Net Interest Income": -122000000.0,
        "Interest Expense": 139000000.0,
        "Interest Income": 17000000.0,
        "Normalized Income": -1565400000.0,
        "Net Income From Continuing And Discontinued Operation": -2601000000.0,
        "Total Expenses": 8786000000.0,
        "Total Operating Income As Reported": -713000000.0,
        "Diluted Average Shares": 1968882000.0,
        "Basic Average Shares": 1964304000.0,
        "Diluted EPS": -1.33,
        "Basic EPS": -1.32,
        "Diluted NI Availto Com Stockholders": -2601000000.0,
        "Average Dilution Earnings": -12000000.0,
        "Net Income Common Stockholders": -2601000000.0,
        "Net Income": -2601000000.0,
        "Minority Interests": 15000000.0,
        "Net Income Including Noncontrolling Interests": -2616000000.0,
        "Net Income Continuous Operations": -2616000000.0,
        "Earnings From Equity Interest Net Of Tax": 17000000.0,
        "Tax Provision": 77000000.0,
        "Pretax Income": -2556000000.0,
        "Other Income Expense": -1721000000.0,
        "Other Non Operating Income Expenses": 5000000.0,
        "Special Income Charges": 0.0,
        "Gain On Sale Of Business": 0.0,
        "Write Off": 0.0,
        "Gain On Sale Of Security": -1726000000.0,
        "Net Non Operating Interest Income Expense": -122000000.0,
        "Interest Expense Non Operating": 139000000.0,
        "Interest Income Non Operating": 17000000.0,
        "Operating Income": -713000000.0,
        "Operating Expense": 3633000000.0,
        "Other Operating Expenses": 617000000.0,
        "Depreciation Amortization Depletion Income Statement": 243000000.0,
        "Depreciation And Amortization In Income Statement": 243000000.0,
        "Research And Development": 704000000.0,
        "Selling General And Administration": 2069000000.0,
        "Selling And Marketing Expense": 1218000000.0,
        "General And Administrative Expense": 851000000.0,
        "Other Gand A": 851000000.0,
        "Gross Profit": 2920000000.0,
        "Cost Of Revenue": 5153000000.0,
        "Total Revenue": 8073000000.0,
        "Operating Revenue": 8073000000.0
    },
    "2023-06-30": {
        "Tax Effect Of Unusual Items": NaN,
        "Tax Rate For Calcs": NaN,
        "Normalized EBITDA": NaN,
        "Total Unusual Items": NaN,
        "Total Unusual Items Excluding Goodwill": NaN,
        "Net Income From Continuing Operation Net Minority Interest": NaN,
        "Reconciled Depreciation": NaN,
        "Reconciled Cost Of Revenue": NaN,
        "EBITDA": NaN,
        "EBIT": NaN,
        "Net Interest Income": NaN,
        "Interest Expense": NaN,
        "Interest Income": NaN,
        "Normalized Income": NaN,
        "Net Income From Continuing And Discontinued Operation": NaN,
        "Total Expenses": NaN,
        "Total Operating Income As Reported": NaN,
        "Diluted Average Shares": NaN,
        "Basic Average Shares": NaN,
        "Diluted EPS": NaN,
        "Basic EPS": NaN,
        "Diluted NI Availto Com Stockholders": NaN,
        "Average Dilution Earnings": NaN,
        "Net Income Common Stockholders": NaN,
        "Net Income": NaN,
        "Minority Interests": NaN,
        "Net Income Including Noncontrolling Interests": NaN,
        "Net Income Continuous Operations": NaN,
        "Earnings From Equity Interest Net Of Tax": NaN,
        "Tax Provision": NaN,
        "Pretax Income": NaN,
        "Other Income Expense": NaN,
        "Other Non Operating Income Expenses": NaN,
        "Special Income Charges": 0.0,
        "Gain On Sale Of Business": NaN,
        "Write Off": 0.0,
        "Gain On Sale Of Security": NaN,
        "Net Non Operating Interest Income Expense": NaN,
        "Interest Expense Non Operating": NaN,
        "Interest Income Non Operating": NaN,
        "Operating Income": NaN,
        "Operating Expense": NaN,
        "Other Operating Expenses": NaN,
        "Depreciation Amortization Depletion Income Statement": NaN,
        "Depreciation And Amortization In Income Statement": NaN,
        "Research And Development": NaN,
        "Selling General And Administration": NaN,
        "Selling And Marketing Expense": NaN,
        "General And Administrative Expense": NaN,
        "Other Gand A": NaN,
        "Gross Profit": NaN,
        "Cost Of Revenue": NaN,
        "Total Revenue": NaN,
        "Operating Revenue": NaN
    },
    "2022-03-31": {
        "Diluted EPS": -3.04,
        "Total Revenue": NaN,
        "Gross Profit": NaN,
        "Operating Income": -482,
        "EBIT": -228,
        "Net Income": NaN
    },
    "2021-12-31": {
        "Diluted EPS": 0.47,
        "Total Revenue": NaN,
        "Gross Profit": NaN,
        "Operating Income": -550,
        "EBIT": -188,
        "Net Income": 892
    },
    "2021-09-30": {
        "Diluted EPS": -1.28,
        "Total Revenue": NaN,
        "Gross Profit": NaN,
        "Operating Income": -572,
        "EBIT": -370,
        "Net Income": NaN
    },
    "2021-06-30": {
        "Diluted EPS": 0.58,
        "Total Revenue": NaN,
        "Gross Profit": NaN,
        "Operating Income": NaN,
        "EBIT": -962,
        "Net Income": NaN
    },
    "2021-03-31": {
        "Diluted EPS": -0.06,
        "Total Revenue": NaN,
        "Gross Profit": NaN,
        "Operating Income": NaN,
        "EBIT": NaN,
        "Net Income": -108
    },
    "2020-12-31": {
        "Diluted EPS": -0.52,
        "Total Revenue": NaN,
        "Gross Profit": NaN,
        "Operating Income": -877,
        "EBIT": -293,
        "Net Income": -968
    },
    "2020-09-30": {
        "Diluted EPS": -0.62,
        "Total Revenue": NaN,
        "Gross Profit": NaN,
        "Operating Income": NaN,
        "EBIT": -978,
        "Net Income": NaN
    },
    "2020-06-30": {
        "Diluted EPS": -1.02,
        "Total Revenue": NaN,
        "Gross Profit": 989,
        "Operating Income": NaN,
        "EBIT": NaN,
        "Net Income": NaN
    },
    "2020-03-31": {
        "Diluted EPS": -1.7,
        "Total Revenue": NaN,
        "Gross Profit": NaN,
        "Operating Income": NaN,
        "EBIT": NaN,
        "Net Income": NaN
    },
    "2019-12-31": {
        "Diluted EPS": 0.85,
        "Total Revenue": NaN,
        "Gross Profit": NaN,
        "Operating Income": -971,
        "EBIT": -870,
        "Net Income": NaN
    },
    "2019-09-30": {
        "Diluted EPS": -0.68,
        "Total Revenue": NaN,
        "Gross Profit": NaN,
        "Operating Income": NaN,
        "EBIT": NaN,
        "Net Income": NaN
    },
    "2019-06-30": {
        "Diluted EPS": -4.72,
        "Total Revenue": NaN,
        "Gross Profit": NaN,
        "Operating Income": NaN,
        "EBIT": NaN,
        "Net Income": NaN
    },
    "2019-03-31": {
        "Diluted EPS": -2.26,
        "Total Revenue": NaN,
        "Gross Profit": NaN,
        "Operating Income": NaN,
        "EBIT": -888,
        "Net Income": NaN
    },
    "2018-12-31": {
        "Diluted EPS": 4.46,
        "Total Revenue": NaN,
        "Gross Profit": NaN,
        "Operating Income": NaN,
        "EBIT": NaN,
        "Net Income": -887
    },
    "2018-09-30": {
        "Diluted EPS": -2.21,
        "Total Revenue": NaN,
        "Gross Profit": NaN,
        "Operating Income": -763,
        "EBIT": -632,
        "Net Income": -986
    },
    "2018-06-30": {
        "Diluted EPS": -2.01,
        "Total Revenue": NaN,
        "Gross Profit": NaN,
        "Operating Income": -739,
        "EBIT": -641,
        "Net Income": -878
    },
    "2018-03-31": {
        "Diluted EPS": 1.84,
        "Total Revenue": NaN,
        "Gross Profit": NaN,
        "Operating Income": -478,
        "EBIT": -390,
        "Net Income": 876
    },
    "2017-12-31": {
        "Diluted EPS": 0.0,
        "Total Revenue": NaN,
        "Gross Profit": NaN,
        "Operating Income": NaN,
        "EBIT": NaN,
        "Net Income": NaN
    },
    "2016-12-31": {
        "Diluted EPS": 0.0,
        "Total Revenue": NaN,
        "Gross Profit": NaN,
        "Operating Income": NaN,
        "EBIT": NaN,
        "Net Income": NaN
    },
    "2023-09-30": {
        "Tax Effect Of Unusual Items": NaN,
        "Tax Rate For Calcs": NaN,
        "Normalized EBITDA": NaN,
        "Total Unusual Items": NaN,
        "Total Unusual Items Excluding Goodwill": NaN,
        "Net Income From Continuing Operation Net Minority Interest": NaN,
        "Reconciled Depreciation": NaN,
        "Reconciled Cost Of Revenue": NaN,
        "EBITDA": NaN,
        "EBIT": NaN,
        "Net Interest Income": NaN,
        "Interest Expense": NaN,
        "Interest Income": NaN,
        "Normalized Income": NaN,
        "Net Income From Continuing And Discontinued Operation": NaN,
        "Total Expenses": NaN,
        "Total Operating Income As Reported": NaN,
        "Diluted Average Shares": NaN,
        "Basic Average Shares": NaN,
        "Diluted EPS": NaN,
        "Basic EPS": NaN,
        "Diluted NI Availto Com Stockholders": NaN,
        "Average Dilution Earnings": NaN,
        "Net Income Common Stockholders": NaN,
        "Net Income": NaN,
        "Minority Interests": NaN,
        "Net Income Including Noncontrolling Interests": NaN,
        "Net Income Continuous Operations": NaN,
        "Earnings From Equity Interest Net Of Tax": NaN,
        "Tax Provision": NaN,
        "Pretax Income": NaN,
        "Other Income Expense": NaN,
        "Other Non Operating Income Expenses": NaN,
        "Special Income Charges": 0.0,
        "Gain On Sale Of Business": 0.0,
        "Write Off": 0.0,
        "Gain On Sale Of Security": NaN,
        "Net Non Operating Interest Income Expense": NaN,
        "Interest Expense Non Operating": NaN,
        "Interest Income Non Operating": NaN,
        "Operating Income": NaN,
        "Operating Expense": NaN,
        "Other Operating Expenses": NaN,
        "Depreciation Amortization Depletion Income Statement": NaN,
        "Depreciation And Amortization In Income Statement": NaN,
        "Research And Development": NaN,
        "Selling General And Administration": NaN,
        "Selling And Marketing Expense": NaN,
        "General And Administrative Expense": NaN,
        "Other Gand A": NaN,
        "Gross Profit": NaN,
        "Cost Of Revenue": NaN,
        "Total Revenue": NaN,
        "Operating Revenue": NaN
    },
    "2023-12-31": {
        "Tax Effect Of Unusual Items": NaN,
        "Tax Rate For Calcs": NaN,
        "Normalized EBITDA": NaN,
        "Total Unusual Items": NaN,
        "Total Unusual Items Excluding Goodwill": NaN,
        "Net Income From Continuing Operation Net Minority Interest": NaN,
        "Reconciled Depreciation": NaN,
        "Reconciled Cost Of Revenue": NaN,
        "EBITDA": NaN,
        "EBIT": NaN,
        "Net Interest Income": NaN,
        "Interest Expense": NaN,
        "Interest Income": NaN,
        "Normalized Income": NaN,
        "Net Income From Continuing And Discontinued Operation": NaN,
        "Total Expenses": NaN,
        "Total Operating Income As Reported": NaN,
        "Diluted Average Shares": NaN,
        "Basic Average Shares": NaN,
        "Diluted EPS": NaN,
        "Basic EPS": NaN,
        "Diluted NI Availto Com Stockholders": NaN,
        "Average Dilution Earnings": NaN,
        "Net Income Common Stockholders": NaN,
        "Net Income": NaN,
        "Minority Interests": NaN,
        "Net Income Including Noncontrolling Interests": NaN,
        "Net Income Continuous Operations": NaN,
        "Earnings From Equity Interest Net Of Tax": NaN,
        "Tax Provision": NaN,
        "Pretax Income": NaN,
        "Other Income Expense": NaN,
        "Other Non Operating Income Expenses": NaN,
        "Special Income Charges": 204000000.0,
        "Gain On Sale Of Business": 204000000.0,
        "Write Off": 0.0,
        "Gain On Sale Of Security": NaN,
        "Net Non Operating Interest Income Expense": NaN,
        "Interest Expense Non Operating": NaN,
        "Interest Income Non Operating": NaN,
        "Operating Income": NaN,
        "Operating Expense": NaN,
        "Other Operating Expenses": NaN,
        "Depreciation Amortization Depletion Income Statement": NaN,
        "Depreciation And Amortization In Income Statement": NaN,
        "Research And Development": NaN,
        "Selling General And Administration": NaN,
        "Selling And Marketing Expense": NaN,
        "General And Administrative Expense": NaN,
        "Other Gand A": NaN,
        "Gross Profit": NaN,
        "Cost Of Revenue": NaN,
        "Total Revenue": NaN,
        "Operating Revenue": NaN
    },
    "2024-03-31": {
        "Tax Effect Of Unusual Items": NaN,
        "Tax Rate For Calcs": NaN,
        "Normalized EBITDA": NaN,
        "Total Unusual Items": NaN,
        "Total Unusual Items Excluding Goodwill": NaN,
        "Net Income From Continuing Operation Net Minority Interest": NaN,
        "Reconciled Depreciation": NaN,
        "Reconciled Cost Of Revenue": NaN,
        "EBITDA": NaN,
        "EBIT": NaN,
        "Net Interest Income": NaN,
        "Interest Expense": NaN,
        "Interest Income": NaN,
        "Normalized Income": NaN,
        "Net Income From Continuing And Discontinued Operation": NaN,
        "Total Expenses": NaN,
        "Total Operating Income As Reported": NaN,
        "Diluted Average Shares": NaN,
        "Basic Average Shares": NaN,
        "Diluted EPS": NaN,
        "Basic EPS": NaN,
        "Diluted NI Availto Com Stockholders": NaN,
        "Average Dilution Earnings": -16000000.0,
        "Net Income Common Stockholders": NaN,
        "Net Income": NaN,
        "Minority Interests": NaN,
        "Net Income Including Noncontrolling Interests": NaN,
        "Net Income Continuous Operations": NaN,
        "Earnings From Equity Interest Net Of Tax": NaN,
        "Tax Provision": NaN,
        "Pretax Income": NaN,
        "Other Income Expense": NaN,
        "Other Non Operating Income Expenses": NaN,
        "Gain On Sale Of Security": NaN,
        "Net Non Operating Interest Income Expense": NaN,
        "Interest Expense Non Operating": NaN,
        "Interest Income Non Operating": NaN,
        "Operating Income": NaN,
        "Operating Expense": NaN,
        "Other Operating Expenses": NaN,
        "Depreciation Amortization Depletion Income Statement": NaN,
        "Depreciation And Amortization In Income Statement": NaN,
        "Research And Development": NaN,
        "Selling General And Administration": NaN,
        "Selling And Marketing Expense": NaN,
        "General And Administrative Expense": NaN,
        "Other Gand A": NaN,
        "Gross Profit": NaN,
        "Cost Of Revenue": NaN,
        "Total Revenue": NaN,
        "Operating Revenue": NaN
    },
    "2024-06-30": {
        "Tax Effect Of Unusual Items": NaN,
        "Tax Rate For Calcs": NaN,
        "Normalized EBITDA": NaN,
        "Total Unusual Items": NaN,
        "Total Unusual Items Excluding Goodwill": NaN,
        "Net Income From Continuing Operation Net Minority Interest": NaN,
        "Reconciled Depreciation": NaN,
        "Reconciled Cost Of Revenue": NaN,
        "EBITDA": NaN,
        "EBIT": NaN,
        "Net Interest Income": NaN,
        "Interest Expense": NaN,
        "Interest Income": NaN,
        "Normalized Income": NaN,
        "Net Income From Continuing And Discontinued Operation": NaN,
        "Total Expenses": NaN,
        "Total Operating Income As Reported": NaN,
        "Diluted Average Shares": NaN,
        "Basic Average Shares": NaN,
        "Diluted EPS": NaN,
        "Basic EPS": NaN,
        "Diluted NI Availto Com Stockholders": NaN,
        "Average Dilution Earnings": -14000000.0,
        "Net Income Common Stockholders": NaN,
        "Net Income": NaN,
        "Minority Interests": NaN,
        "Net Income Including Noncontrolling Interests": NaN,
        "Net Income Continuous Operations": NaN,
        "Earnings From Equity Interest Net Of Tax": NaN,
        "Tax Provision": NaN,
        "Pretax Income": NaN,
        "Other Income Expense": NaN,
        "Other Non Operating Income Expenses": NaN,
        "Gain On Sale Of Security": NaN,
        "Net Non Operating Interest Income Expense": NaN,
        "Interest Expense Non Operating": NaN,
        "Interest Income Non Operating": NaN,
        "Operating Income": NaN,
        "Operating Expense": NaN,
        "Other Operating Expenses": NaN,
        "Depreciation Amortization Depletion Income Statement": NaN,
        "Depreciation And Amortization In Income Statement": NaN,
        "Research And Development": NaN,
        "Selling General And Administration": NaN,
        "Selling And Marketing Expense": NaN,
        "General And Administrative Expense": NaN,
        "Other Gand A": NaN,
        "Gross Profit": NaN,
        "Cost Of Revenue": NaN,
        "Total Revenue": NaN,
        "Operating Revenue": NaN
    },
    "2024-09-30": {
        "Tax Effect Of Unusual Items": 101340000.0,
        "Tax Rate For Calcs": 0.06,
        "Normalized EBITDA": 1409000000.0,
        "Total Unusual Items": 1689000000.0,
        "Total Unusual Items Excluding Goodwill": 1689000000.0,
        "Net Income From Continuing Operation Net Minority Interest": 2612000000.0,
        "Reconciled Depreciation": 186000000.0,
        "Reconciled Cost Of Revenue": 6754000000.0,
        "EBITDA": 3098000000.0,
        "EBIT": 2912000000.0,
        "Net Interest Income": 52000000.0,
        "Interest Expense": 143000000.0,
        "Interest Income": 195000000.0,
        "Normalized Income": 1024340000.0,
        "Net Income From Continuing And Discontinued Operation": 2612000000.0,
        "Total Expenses": 10127000000.0,
        "Total Operating Income As Reported": 1061000000.0,
        "Diluted Average Shares": 2044822036.0,
        "Basic Average Shares": 1994703412.0,
        "Diluted EPS": 1.264344,
        "Basic EPS": 1.306489,
        "Diluted NI Availto Com Stockholders": 2594000000.0,
        "Average Dilution Earnings": -18000000.0,
        "Net Income Common Stockholders": 2612000000.0,
        "Net Income": 2612000000.0,
        "Minority Interests": 13000000.0,
        "Net Income Including Noncontrolling Interests": 2599000000.0,
        "Net Income Continuous Operations": 2599000000.0,
        "Earnings From Equity Interest Net Of Tax": -12000000.0,
        "Tax Provision": 158000000.0,
        "Pretax Income": 2769000000.0,
        "Other Income Expense": 1656000000.0,
        "Other Non Operating Income Expenses": -33000000.0,
        "Gain On Sale Of Security": 1689000000.0,
        "Net Non Operating Interest Income Expense": 52000000.0,
        "Interest Expense Non Operating": 143000000.0,
        "Interest Income Non Operating": 195000000.0,
        "Operating Income": 1061000000.0,
        "Operating Expense": 3366000000.0,
        "Other Operating Expenses": 687000000.0,
        "Depreciation Amortization Depletion Income Statement": 179000000.0,
        "Depreciation And Amortization In Income Statement": 179000000.0,
        "Research And Development": 774000000.0,
        "Selling General And Administration": 1726000000.0,
        "Selling And Marketing Expense": 1096000000.0,
        "General And Administrative Expense": 630000000.0,
        "Other Gand A": 630000000.0,
        "Gross Profit": 4427000000.0,
        "Cost Of Revenue": 6761000000.0,
        "Total Revenue": 11188000000.0,
        "Operating Revenue": 11188000000.0
    },
    "2024-12-31": {
        "Tax Effect Of Unusual Items": 31710000.0,
        "Tax Rate For Calcs": 0.21,
        "Normalized EBITDA": 1051000000.0,
        "Total Unusual Items": 151000000.0,
        "Total Unusual Items Excluding Goodwill": 151000000.0,
        "Net Income From Continuing Operation Net Minority Interest": 6883000000.0,
        "Reconciled Depreciation": 176000000.0,
        "Reconciled Cost Of Revenue": 7227000000.0,
        "EBITDA": 1202000000.0,
        "EBIT": 1026000000.0,
        "Net Interest Income": 74000000.0,
        "Interest Expense": 117000000.0,
        "Interest Income": 191000000.0,
        "Normalized Income": 6763710000.0,
        "Net Income From Continuing And Discontinued Operation": 6883000000.0,
        "Total Expenses": 11189000000.0,
        "Total Operating Income As Reported": 770000000.0,
        "Diluted Average Shares": 2032445661.0,
        "Basic Average Shares": 1998726683.0,
        "Diluted EPS": 3.382121,
        "Basic EPS": 3.445338,
        "Diluted NI Availto Com Stockholders": 6882000000.0,
        "Average Dilution Earnings": -1000000.0,
        "Net Income Common Stockholders": 6883000000.0,
        "Net Income": 6883000000.0,
        "Minority Interests": -18000000.0,
        "Net Income Including Noncontrolling Interests": 6901000000.0,
        "Net Income Continuous Operations": 6901000000.0,
        "Earnings From Equity Interest Net Of Tax": -10000000.0,
        "Tax Provision": -6002000000.0,
        "Pretax Income": 909000000.0,
        "Other Income Expense": 65000000.0,
        "Other Non Operating Income Expenses": -86000000.0,
        "Gain On Sale Of Security": 387000000.0,
        "Net Non Operating Interest Income Expense": 74000000.0,
        "Interest Expense Non Operating": 117000000.0,
        "Interest Income Non Operating": 191000000.0,
        "Operating Income": 770000000.0,
        "Operating Expense": 3955000000.0,
        "Other Operating Expenses": 678000000.0,
        "Depreciation Amortization Depletion Income Statement": 169000000.0,
        "Depreciation And Amortization In Income Statement": 169000000.0,
        "Research And Development": 785000000.0,
        "Selling General And Administration": 2323000000.0,
        "Selling And Marketing Expense": 1209000000.0,
        "General And Administrative Expense": 1114000000.0,
        "Other Gand A": 1114000000.0,
        "Gross Profit": 4725000000.0,
        "Cost Of Revenue": 7234000000.0,
        "Total Revenue": 11959000000.0,
        "Operating Revenue": 11959000000.0
    },
    "2025-03-31": {
        "Tax Effect Of Unusual Items": 21210000.0,
        "Tax Rate For Calcs": 0.21,
        "Normalized EBITDA": 1567000000.0,
        "Total Unusual Items": 101000000.0,
        "Total Unusual Items Excluding Goodwill": 101000000.0,
        "Net Income From Continuing Operation Net Minority Interest": 1776000000.0,
        "Reconciled Depreciation": 178000000.0,
        "Reconciled Cost Of Revenue": 6930000000.0,
        "EBITDA": 1668000000.0,
        "EBIT": 1490000000.0,
        "Net Interest Income": 64000000.0,
        "Interest Expense": 105000000.0,
        "Interest Income": 169000000.0,
        "Normalized Income": 1696210000.0,
        "Net Income From Continuing And Discontinued Operation": 1776000000.0,
        "Total Expenses": 10305000000.0,
        "Total Operating Income As Reported": 1228000000.0,
        "Diluted Average Shares": 2014594828.0,
        "Basic Average Shares": 1985975410.0,
        "Diluted EPS": 0.874505,
        "Basic EPS": 0.895577,
        "Diluted NI Availto Com Stockholders": 1763000000.0,
        "Average Dilution Earnings": -13000000.0,
        "Net Income Common Stockholders": 1776000000.0,
        "Net Income": 1776000000.0,
        "Minority Interests": 2000000.0,
        "Net Income Including Noncontrolling Interests": 1774000000.0,
        "Net Income Continuous Operations": 1774000000.0,
        "Earnings From Equity Interest Net Of Tax": -13000000.0,
        "Tax Provision": -402000000.0,
        "Pretax Income": 1385000000.0,
        "Other Income Expense": 93000000.0,
        "Other Non Operating Income Expenses": -8000000.0,
        "Gain On Sale Of Security": 101000000.0,
        "Net Non Operating Interest Income Expense": 64000000.0,
        "Interest Expense Non Operating": 105000000.0,
        "Interest Income Non Operating": 169000000.0,
        "Operating Income": 1228000000.0,
        "Operating Expense": 3368000000.0,
        "Other Operating Expenses": 668000000.0,
        "Depreciation Amortization Depletion Income Statement": 171000000.0,
        "Depreciation And Amortization In Income Statement": 171000000.0,
        "Research And Development": 815000000.0,
        "Selling General And Administration": 1714000000.0,
        "Selling And Marketing Expense": 1057000000.0,
        "General And Administrative Expense": 657000000.0,
        "Other Gand A": 657000000.0,
        "Gross Profit": 4596000000.0,
        "Cost Of Revenue": 6937000000.0,
        "Total Revenue": 11533000000.0,
        "Operating Revenue": 11533000000.0
    },
    "2025-06-30": {
        "Tax Effect Of Unusual Items": 7200000.0,
        "Tax Rate For Calcs": 0.09,
        "Normalized EBITDA": 1713000000.0,
        "Total Unusual Items": 80000000.0,
        "Total Unusual Items Excluding Goodwill": 80000000.0,
        "Net Income From Continuing Operation Net Minority Interest": 1355000000.0,
        "Reconciled Depreciation": 181000000.0,
        "Reconciled Cost Of Revenue": 7605000000.0,
        "EBITDA": 1793000000.0,
        "EBIT": 1612000000.0,
        "Net Interest Income": 73000000.0,
        "Interest Expense": 108000000.0,
        "Interest Income": 181000000.0,
        "Normalized Income": 1282200000.0,
        "Net Income From Continuing And Discontinued Operation": 1355000000.0,
        "Total Expenses": 11201000000.0,
        "Total Operating Income As Reported": 1450000000.0,
        "Diluted Average Shares": 2017451645.0,
        "Basic Average Shares": 1984686521.0,
        "Diluted EPS": 0.663781,
        "Basic EPS": 0.684853,
        "Diluted NI Availto Com Stockholders": 1355000000.0,
        "Average Dilution Earnings": NaN,
        "Net Income Common Stockholders": 1355000000.0,
        "Net Income": 1355000000.0,
        "Minority Interests": 5000000.0,
        "Net Income Including Noncontrolling Interests": 1350000000.0,
        "Net Income Continuous Operations": 1350000000.0,
        "Earnings From Equity Interest Net Of Tax": -12000000.0,
        "Tax Provision": 142000000.0,
        "Pretax Income": 1504000000.0,
        "Other Income Expense": -19000000.0,
        "Other Non Operating Income Expenses": -99000000.0,
        "Gain On Sale Of Security": 80000000.0,
        "Net Non Operating Interest Income Expense": 73000000.0,
        "Interest Expense Non Operating": 108000000.0,
        "Interest Income Non Operating": 181000000.0,
        "Operating Income": 1450000000.0,
        "Operating Expense": 3590000000.0,
        "Other Operating Expenses": 696000000.0,
        "Depreciation Amortization Depletion Income Statement": 175000000.0,
        "Depreciation And Amortization In Income Statement": 175000000.0,
        "Research And Development": 840000000.0,
        "Selling General And Administration": 1879000000.0,
        "Selling And Marketing Expense": 1210000000.0,
        "General And Administrative Expense": 669000000.0,
        "Other Gand A": 669000000.0,
        "Gross Profit": 5040000000.0,
        "Cost Of Revenue": 7611000000.0,
        "Total Revenue": 12651000000.0,
        "Operating Revenue": 12651000000.0
    },
    "2025-09-30": {
        "Tax Effect Of Unusual Items": 301560000.0,
        "Tax Rate For Calcs": 0.21,
        "Normalized EBITDA": 1491000000.0,
        "Total Unusual Items": 1436000000.0,
        "Total Unusual Items Excluding Goodwill": 1436000000.0,
        "Net Income From Continuing Operation Net Minority Interest": 6626000000.0,
        "Reconciled Depreciation": 195000000.0,
        "Reconciled Cost Of Revenue": 8102000000.0,
        "EBITDA": 2927000000.0,
        "EBIT": 2732000000.0,
        "Net Interest Income": 81000000.0,
        "Interest Expense": 112000000.0,
        "Interest Income": 193000000.0,
        "Normalized Income": 5491560000.0,
        "Net Income From Continuing And Discontinued Operation": 6626000000.0,
        "Total Expenses": 12354000000.0,
        "Total Operating Income As Reported": 1113000000.0,
        "Diluted Average Shares": 2016277598.0,
        "Basic Average Shares": 1978112995.0,
        "Diluted EPS": 3.276759,
        "Basic EPS": 3.350513,
        "Diluted NI Availto Com Stockholders": 6613000000.0,
        "Average Dilution Earnings": -13000000.0,
        "Net Income Common Stockholders": 6626000000.0,
        "Net Income": 6626000000.0,
        "Minority Interests": -26000000.0,
        "Net Income Including Noncontrolling Interests": 6652000000.0,
        "Net Income Continuous Operations": 6652000000.0,
        "Earnings From Equity Interest Net Of Tax": -14000000.0,
        "Tax Provision": -4046000000.0,
        "Pretax Income": 2620000000.0,
        "Other Income Expense": 1426000000.0,
        "Other Non Operating Income Expenses": -10000000.0,
        "Gain On Sale Of Security": 1436000000.0,
        "Net Non Operating Interest Income Expense": 81000000.0,
        "Interest Expense Non Operating": 112000000.0,
        "Interest Income Non Operating": 193000000.0,
        "Operating Income": 1113000000.0,
        "Operating Expense": 4245000000.0,
        "Other Operating Expenses": 735000000.0,
        "Depreciation Amortization Depletion Income Statement": 188000000.0,
        "Depreciation And Amortization In Income Statement": 188000000.0,
        "Research And Development": 862000000.0,
        "Selling General And Administration": 2460000000.0,
        "Selling And Marketing Expense": 1277000000.0,
        "General And Administrative Expense": 1183000000.0,
        "Other Gand A": 1183000000.0,
        "Gross Profit": 5358000000.0,
        "Cost Of Revenue": 8109000000.0,
        "Total Revenue": 13467000000.0,
        "Operating Revenue": 13467000000.0
    }
}