{
    "2023-03-31": {
        "Tax Effect Of Unusual Items": NaN,
        "Tax Rate For Calcs": NaN,
        "Total Unusual Items": NaN,
        "Total Unusual Items Excluding Goodwill": NaN,
        "Net Income From Continuing Operation Net Minority Interest": NaN,
        "Reconciled Depreciation": NaN,
        "Net Interest Income": NaN,
        "Interest Expense": NaN,
        "Interest Income": NaN,
        "Normalized Income": NaN,
        "Net Income From Continuing And Discontinued Operation": NaN,
        "Diluted Average Shares": NaN,
        "Basic Average Shares": NaN,
        "Diluted EPS": NaN,
        "Basic EPS": NaN,
        "Diluted NI Availto Com Stockholders": NaN,
        "Average Dilution Earnings": NaN,
        "Net Income Common Stockholders": NaN,
        "Otherunder Preferred Stock Dividend": NaN,
        "Net Income": NaN,
        "Minority Interests": NaN,
        "Net Income Including Noncontrolling Interests": NaN,
        "Net Income Continuous Operations": NaN,
        "Tax Provision": NaN,
        "Pretax Income": NaN,
        "Special Income Charges": NaN,
        "Gain On Sale Of Business": 2000000.0,
        "Other Special Charges": NaN,
        "Write Off": NaN,
        "Restructuring And Mergern Acquisition": 70000000.0,
        "Gain On Sale Of Security": NaN,
        "Depreciation Amortization Depletion Income Statement": NaN,
        "Depreciation And Amortization In Income Statement": NaN,
        "Selling General And Administration": NaN,
        "Selling And Marketing Expense": 52000000.0,
        "General And Administrative Expense": NaN,
        "Other Gand A": NaN,
        "Salaries And Wages": NaN,
        "Total Revenue": NaN,
        "Operating Revenue": NaN,
        "Occupancy And Equipment": 142000000.0,
        "Professional Expense And Contract Services Expense": 181000000.0,
        "Other Non Interest Expense": NaN
    },
    "2022-12-31": {
        "Tax Effect Of Unusual Items": NaN,
        "Tax Rate For Calcs": NaN,
        "Total Unusual Items": NaN,
        "Total Unusual Items Excluding Goodwill": NaN,
        "Net Income From Continuing Operation Net Minority Interest": NaN,
        "Reconciled Depreciation": NaN,
        "Net Interest Income": NaN,
        "Interest Expense": NaN,
        "Interest Income": NaN,
        "Normalized Income": NaN,
        "Net Income From Continuing And Discontinued Operation": NaN,
        "Diluted Average Shares": NaN,
        "Basic Average Shares": NaN,
        "Diluted EPS": NaN,
        "Basic EPS": NaN,
        "Diluted NI Availto Com Stockholders": NaN,
        "Average Dilution Earnings": NaN,
        "Net Income Common Stockholders": NaN,
        "Otherunder Preferred Stock Dividend": NaN,
        "Net Income": NaN,
        "Minority Interests": NaN,
        "Net Income Including Noncontrolling Interests": NaN,
        "Net Income Continuous Operations": NaN,
        "Tax Provision": NaN,
        "Pretax Income": NaN,
        "Special Income Charges": NaN,
        "Gain On Sale Of Business": 41000000.0,
        "Other Special Charges": NaN,
        "Write Off": NaN,
        "Restructuring And Mergern Acquisition": NaN,
        "Gain On Sale Of Security": NaN,
        "Depreciation Amortization Depletion Income Statement": NaN,
        "Depreciation And Amortization In Income Statement": NaN,
        "Selling General And Administration": NaN,
        "Selling And Marketing Expense": NaN,
        "General And Administrative Expense": NaN,
        "Other Gand A": NaN,
        "Salaries And Wages": NaN,
        "Total Revenue": NaN,
        "Operating Revenue": NaN,
        "Occupancy And Equipment": NaN,
        "Professional Expense And Contract Services Expense": NaN,
        "Other Non Interest Expense": -69000000.0
    },
    "2022-09-30": {
        "Tax Effect Of Unusual Items": NaN,
        "Tax Rate For Calcs": NaN,
        "Total Unusual Items": NaN,
        "Total Unusual Items Excluding Goodwill": NaN,
        "Net Income From Continuing Operation Net Minority Interest": NaN,
        "Reconciled Depreciation": NaN,
        "Net Interest Income": NaN,
        "Interest Expense": NaN,
        "Interest Income": NaN,
        "Normalized Income": NaN,
        "Net Income From Continuing And Discontinued Operation": NaN,
        "Diluted Average Shares": NaN,
        "Basic Average Shares": NaN,
        "Diluted EPS": NaN,
        "Basic EPS": NaN,
        "Diluted NI Availto Com Stockholders": NaN,
        "Average Dilution Earnings": NaN,
        "Net Income Common Stockholders": NaN,
        "Net Income": NaN,
        "Minority Interests": NaN,
        "Net Income Including Noncontrolling Interests": NaN,
        "Net Income Continuous Operations": NaN,
        "Tax Provision": NaN,
        "Pretax Income": NaN,
        "Special Income Charges": NaN,
        "Gain On Sale Of Business": 219000000.0,
        "Other Special Charges": NaN,
        "Write Off": NaN,
        "Restructuring And Mergern Acquisition": NaN,
        "Gain On Sale Of Security": NaN,
        "Depreciation Amortization Depletion Income Statement": NaN,
        "Depreciation And Amortization In Income Statement": NaN,
        "Selling General And Administration": NaN,
        "Selling And Marketing Expense": 64000000.0,
        "General And Administrative Expense": NaN,
        "Other Gand A": NaN,
        "Salaries And Wages": NaN,
        "Total Revenue": NaN,
        "Operating Revenue": NaN
    },
    "2022-06-30": {
        "Tax Effect Of Unusual Items": -41990000.0,
        "Tax Rate For Calcs": 0.19,
        "Total Unusual Items": -221000000.0,
        "Total Unusual Items Excluding Goodwill": -221000000.0,
        "Net Income From Continuing Operation Net Minority Interest": 2108000000.0,
        "Reconciled Depreciation": 503000000.0,
        "Net Interest Income": 1664000000.0,
        "Interest Expense": 1070000000.0,
        "Interest Income": 2734000000.0,
        "Normalized Income": 2287010000.0,
        "Net Income From Continuing And Discontinued Operation": 2108000000.0,
        "Diluted Average Shares": 3433323586.0,
        "Basic Average Shares": 3304598259.0,
        "Diluted EPS": 0.61,
        "Basic EPS": 0.64,
        "Diluted NI Availto Com Stockholders": 2103000000.0,
        "Average Dilution Earnings": -5000000.0,
        "Net Income Common Stockholders": 2108000000.0,
        "Net Income": 2108000000.0,
        "Minority Interests": -10000000.0,
        "Net Income Including Noncontrolling Interests": 2118000000.0,
        "Net Income Continuous Operations": 2118000000.0,
        "Tax Provision": 497000000.0,
        "Pretax Income": 2615000000.0,
        "Special Income Charges": -221000000.0,
        "Gain On Sale Of Business": 848000000.0,
        "Other Special Charges": 221000000.0,
        "Restructuring And Mergern Acquisition": 60000000.0,
        "Gain On Sale Of Security": 1619000000.0,
        "Depreciation Amortization Depletion Income Statement": 503000000.0,
        "Depreciation And Amortization In Income Statement": 503000000.0,
        "Depreciation Income Statement": 503000000.0,
        "Selling General And Administration": 5276000000.0,
        "Selling And Marketing Expense": 61000000.0,
        "General And Administrative Expense": 5215000000.0,
        "Other Gand A": 793000000.0,
        "Salaries And Wages": 4422000000.0,
        "Total Revenue": 8915000000.0,
        "Operating Revenue": 8915000000.0
    },
    "2022-03-31": {
        "Diluted EPS": 0.61,
        "Total Revenue": NaN,
        "Gross Profit": NaN,
        "Operating Income": NaN,
        "EBIT": NaN,
        "Net Income": NaN
    },
    "2021-12-31": {
        "Diluted EPS": 0.39,
        "Total Revenue": NaN,
        "Gross Profit": NaN,
        "Operating Income": NaN,
        "EBIT": NaN,
        "Net Income": NaN
    },
    "2021-09-30": {
        "Diluted EPS": 0.63,
        "Total Revenue": NaN,
        "Gross Profit": NaN,
        "Operating Income": NaN,
        "EBIT": NaN,
        "Net Income": NaN
    },
    "2021-06-30": {
        "Diluted EPS": 0.55,
        "Total Revenue": NaN,
        "Gross Profit": NaN,
        "Operating Income": NaN,
        "EBIT": NaN,
        "Net Income": NaN
    },
    "2021-03-31": {
        "Diluted EPS": 0.49,
        "Total Revenue": NaN,
        "Gross Profit": NaN,
        "Operating Income": NaN,
        "EBIT": NaN,
        "Net Income": NaN
    },
    "2020-12-31": {
        "Diluted EPS": 0.45,
        "Total Revenue": NaN,
        "Gross Profit": NaN,
        "Operating Income": NaN,
        "EBIT": NaN,
        "Net Income": NaN
    },
    "2020-09-30": {
        "Diluted EPS": 0.56,
        "Total Revenue": NaN,
        "Gross Profit": NaN,
        "Operating Income": NaN,
        "EBIT": NaN,
        "Net Income": NaN
    },
    "2020-06-30": {
        "Diluted EPS": 0.33,
        "Total Revenue": NaN,
        "Gross Profit": NaN,
        "Operating Income": NaN,
        "EBIT": NaN,
        "Net Income": NaN
    },
    "2020-03-31": {
        "Diluted EPS": 0.43,
        "Total Revenue": NaN,
        "Gross Profit": NaN,
        "Operating Income": NaN,
        "EBIT": NaN,
        "Net Income": NaN
    },
    "2019-12-31": {
        "Diluted EPS": 0.19,
        "Total Revenue": NaN,
        "Gross Profit": NaN,
        "Operating Income": 929,
        "EBIT": NaN,
        "Net Income": 722
    },
    "2019-09-30": {
        "Diluted EPS": 0.28,
        "Total Revenue": NaN,
        "Gross Profit": NaN,
        "Operating Income": NaN,
        "EBIT": NaN,
        "Net Income": NaN
    },
    "2019-06-30": {
        "Diluted EPS": 0.37,
        "Total Revenue": NaN,
        "Gross Profit": NaN,
        "Operating Income": NaN,
        "EBIT": NaN,
        "Net Income": NaN
    },
    "2019-03-31": {
        "Diluted EPS": 0.3,
        "Total Revenue": NaN,
        "Gross Profit": NaN,
        "Operating Income": NaN,
        "EBIT": NaN,
        "Net Income": NaN
    },
    "2018-12-31": {
        "Diluted EPS": 0.41,
        "Total Revenue": NaN,
        "Gross Profit": NaN,
        "Operating Income": NaN,
        "EBIT": NaN,
        "Net Income": NaN
    },
    "2018-09-30": {
        "Diluted EPS": 0.33,
        "Total Revenue": NaN,
        "Gross Profit": NaN,
        "Operating Income": NaN,
        "EBIT": NaN,
        "Net Income": NaN
    },
    "2018-06-30": {
        "Diluted EPS": 0.36,
        "Total Revenue": NaN,
        "Gross Profit": NaN,
        "Operating Income": NaN,
        "EBIT": NaN,
        "Net Income": NaN
    },
    "2018-03-31": {
        "Diluted EPS": 0.08,
        "Total Revenue": NaN,
        "Gross Profit": NaN,
        "Operating Income": 480,
        "EBIT": NaN,
        "Net Income": 315
    },
    "2017-12-31": {
        "Diluted EPS": -0.65,
        "Total Revenue": NaN,
        "Gross Profit": NaN,
        "Operating Income": 875,
        "EBIT": NaN,
        "Net Income": NaN
    },
    "2017-09-30": {
        "Diluted EPS": 0.26,
        "Total Revenue": NaN,
        "Gross Profit": NaN,
        "Operating Income": NaN,
        "EBIT": NaN,
        "Net Income": 983
    },
    "2017-06-30": {
        "Diluted EPS": 0.32,
        "Total Revenue": NaN,
        "Gross Profit": NaN,
        "Operating Income": NaN,
        "EBIT": NaN,
        "Net Income": NaN
    },
    "2017-03-31": {
        "Diluted EPS": 0.33,
        "Total Revenue": NaN,
        "Gross Profit": NaN,
        "Operating Income": NaN,
        "EBIT": NaN,
        "Net Income": NaN
    },
    "2016-12-31": {
        "Diluted EPS": 0.17,
        "Total Revenue": NaN,
        "Gross Profit": NaN,
        "Operating Income": 735,
        "EBIT": NaN,
        "Net Income": 628
    },
    "2016-09-30": {
        "Diluted EPS": 0.23,
        "Total Revenue": NaN,
        "Gross Profit": NaN,
        "Operating Income": 899,
        "EBIT": NaN,
        "Net Income": 848
    },
    "2016-06-30": {
        "Diluted EPS": 0.28,
        "Total Revenue": NaN,
        "Gross Profit": NaN,
        "Operating Income": NaN,
        "EBIT": NaN,
        "Net Income": NaN
    },
    "2016-03-31": {
        "Diluted EPS": 0.18,
        "Total Revenue": NaN,
        "Gross Profit": NaN,
        "Operating Income": 985,
        "EBIT": NaN,
        "Net Income": 712
    },
    "2015-12-31": {
        "Diluted EPS": 0.24,
        "Total Revenue": NaN,
        "Gross Profit": NaN,
        "Operating Income": 230,
        "EBIT": NaN,
        "Net Income": 957
    },
    "2015-09-30": {
        "Diluted EPS": 0.56,
        "Total Revenue": NaN,
        "Gross Profit": NaN,
        "Operating Income": NaN,
        "EBIT": NaN,
        "Net Income": NaN
    },
    "2015-06-30": {
        "Diluted EPS": 0.34,
        "Total Revenue": NaN,
        "Gross Profit": NaN,
        "Operating Income": NaN,
        "EBIT": NaN,
        "Net Income": NaN
    },
    "2015-03-31": {
        "Diluted EPS": 0.57,
        "Total Revenue": NaN,
        "Gross Profit": NaN,
        "Operating Income": NaN,
        "EBIT": NaN,
        "Net Income": NaN
    },
    "2014-12-31": {
        "Diluted EPS": 0.28,
        "Total Revenue": NaN,
        "Gross Profit": NaN,
        "Operating Income": NaN,
        "EBIT": NaN,
        "Net Income": NaN
    },
    "2014-09-30": {
        "Diluted EPS": 0.21,
        "Total Revenue": NaN,
        "Gross Profit": NaN,
        "Operating Income": NaN,
        "EBIT": NaN,
        "Net Income": 790
    },
    "2014-03-31": {
        "Diluted EPS": 0.3,
        "Total Revenue": NaN,
        "Gross Profit": NaN,
        "Operating Income": NaN,
        "EBIT": NaN,
        "Net Income": NaN
    },
    "2023-06-30": {
        "Tax Effect Of Unusual Items": NaN,
        "Tax Rate For Calcs": NaN,
        "Total Unusual Items": NaN,
        "Total Unusual Items Excluding Goodwill": NaN,
        "Net Income From Continuing Operation Net Minority Interest": NaN,
        "Reconciled Depreciation": NaN,
        "Net Interest Income": NaN,
        "Interest Expense": NaN,
        "Interest Income": NaN,
        "Normalized Income": NaN,
        "Net Income From Continuing And Discontinued Operation": NaN,
        "Diluted Average Shares": NaN,
        "Basic Average Shares": NaN,
        "Diluted EPS": NaN,
        "Basic EPS": NaN,
        "Diluted NI Availto Com Stockholders": NaN,
        "Average Dilution Earnings": NaN,
        "Net Income Common Stockholders": NaN,
        "Otherunder Preferred Stock Dividend": NaN,
        "Net Income": NaN,
        "Minority Interests": NaN,
        "Net Income Including Noncontrolling Interests": NaN,
        "Net Income Continuous Operations": NaN,
        "Tax Provision": NaN,
        "Pretax Income": NaN,
        "Special Income Charges": NaN,
        "Gain On Sale Of Business": 4000000.0,
        "Other Special Charges": NaN,
        "Write Off": NaN,
        "Restructuring And Mergern Acquisition": NaN,
        "Gain On Sale Of Security": NaN,
        "Depreciation Amortization Depletion Income Statement": NaN,
        "Depreciation And Amortization In Income Statement": NaN,
        "Selling General And Administration": NaN,
        "Selling And Marketing Expense": 89000000.0,
        "General And Administrative Expense": NaN,
        "Other Gand A": NaN,
        "Salaries And Wages": NaN,
        "Total Revenue": NaN,
        "Operating Revenue": NaN,
        "Occupancy And Equipment": 207000000.0,
        "Professional Expense And Contract Services Expense": 351000000.0,
        "Other Non Interest Expense": NaN
    },
    "2023-09-30": {
        "Tax Effect Of Unusual Items": NaN,
        "Tax Rate For Calcs": NaN,
        "Total Unusual Items": NaN,
        "Total Unusual Items Excluding Goodwill": NaN,
        "Net Income From Continuing Operation Net Minority Interest": NaN,
        "Reconciled Depreciation": NaN,
        "Net Interest Income": NaN,
        "Interest Expense": NaN,
        "Interest Income": NaN,
        "Normalized Income": NaN,
        "Net Income From Continuing And Discontinued Operation": NaN,
        "Diluted Average Shares": NaN,
        "Basic Average Shares": NaN,
        "Diluted EPS": NaN,
        "Basic EPS": NaN,
        "Diluted NI Availto Com Stockholders": NaN,
        "Average Dilution Earnings": NaN,
        "Net Income Common Stockholders": NaN,
        "Otherunder Preferred Stock Dividend": NaN,
        "Net Income": NaN,
        "Minority Interests": NaN,
        "Net Income Including Noncontrolling Interests": NaN,
        "Net Income Continuous Operations": NaN,
        "Tax Provision": NaN,
        "Pretax Income": NaN,
        "Special Income Charges": NaN,
        "Gain On Sale Of Business": -2000000.0,
        "Other Special Charges": NaN,
        "Write Off": NaN,
        "Restructuring And Mergern Acquisition": NaN,
        "Gain On Sale Of Security": NaN,
        "Depreciation Amortization Depletion Income Statement": NaN,
        "Depreciation And Amortization In Income Statement": NaN,
        "Selling General And Administration": NaN,
        "Selling And Marketing Expense": 108000000.0,
        "General And Administrative Expense": NaN,
        "Other Gand A": NaN,
        "Salaries And Wages": NaN,
        "Total Revenue": NaN,
        "Operating Revenue": NaN,
        "Occupancy And Equipment": 593000000.0,
        "Professional Expense And Contract Services Expense": 521000000.0,
        "Other Non Interest Expense": NaN
    },
    "2023-12-31": {
        "Tax Effect Of Unusual Items": NaN,
        "Tax Rate For Calcs": NaN,
        "Total Unusual Items": NaN,
        "Total Unusual Items Excluding Goodwill": NaN,
        "Net Income From Continuing Operation Net Minority Interest": NaN,
        "Reconciled Depreciation": NaN,
        "Net Interest Income": NaN,
        "Interest Expense": NaN,
        "Interest Income": NaN,
        "Normalized Income": NaN,
        "Net Income From Continuing And Discontinued Operation": NaN,
        "Diluted Average Shares": NaN,
        "Basic Average Shares": NaN,
        "Diluted EPS": NaN,
        "Basic EPS": NaN,
        "Diluted NI Availto Com Stockholders": NaN,
        "Average Dilution Earnings": NaN,
        "Net Income Common Stockholders": NaN,
        "Otherunder Preferred Stock Dividend": NaN,
        "Net Income": NaN,
        "Minority Interests": NaN,
        "Net Income Including Noncontrolling Interests": NaN,
        "Net Income Continuous Operations": NaN,
        "Tax Provision": NaN,
        "Pretax Income": NaN,
        "Special Income Charges": NaN,
        "Gain On Sale Of Business": NaN,
        "Other Special Charges": NaN,
        "Write Off": 508000000.0,
        "Restructuring And Mergern Acquisition": NaN,
        "Gain On Sale Of Security": NaN,
        "Depreciation Amortization Depletion Income Statement": NaN,
        "Depreciation And Amortization In Income Statement": NaN,
        "Selling General And Administration": NaN,
        "Selling And Marketing Expense": NaN,
        "General And Administrative Expense": NaN,
        "Other Gand A": NaN,
        "Salaries And Wages": NaN,
        "Total Revenue": NaN,
        "Operating Revenue": NaN,
        "Occupancy And Equipment": NaN,
        "Professional Expense And Contract Services Expense": NaN,
        "Other Non Interest Expense": -279000000.0
    },
    "2024-03-31": {
        "Tax Effect Of Unusual Items": NaN,
        "Tax Rate For Calcs": NaN,
        "Total Unusual Items": NaN,
        "Total Unusual Items Excluding Goodwill": NaN,
        "Net Income From Continuing Operation Net Minority Interest": NaN,
        "Reconciled Depreciation": NaN,
        "Net Interest Income": NaN,
        "Interest Expense": NaN,
        "Interest Income": NaN,
        "Normalized Income": NaN,
        "Net Income From Continuing And Discontinued Operation": NaN,
        "Diluted Average Shares": NaN,
        "Basic Average Shares": NaN,
        "Diluted EPS": NaN,
        "Basic EPS": NaN,
        "Diluted NI Availto Com Stockholders": NaN,
        "Average Dilution Earnings": NaN,
        "Net Income Common Stockholders": NaN,
        "Otherunder Preferred Stock Dividend": NaN,
        "Net Income": NaN,
        "Minority Interests": NaN,
        "Net Income Including Noncontrolling Interests": NaN,
        "Net Income Continuous Operations": NaN,
        "Tax Provision": NaN,
        "Pretax Income": NaN,
        "Special Income Charges": NaN,
        "Gain On Sale Of Business": -3000000.0,
        "Other Special Charges": NaN,
        "Write Off": NaN,
        "Restructuring And Mergern Acquisition": NaN,
        "Gain On Sale Of Security": NaN,
        "Depreciation Amortization Depletion Income Statement": NaN,
        "Depreciation And Amortization In Income Statement": NaN,
        "Selling General And Administration": NaN,
        "Selling And Marketing Expense": 115000000.0,
        "General And Administrative Expense": NaN,
        "Other Gand A": NaN,
        "Salaries And Wages": NaN,
        "Total Revenue": NaN,
        "Operating Revenue": NaN,
        "Occupancy And Equipment": 289000000.0,
        "Professional Expense And Contract Services Expense": 403000000.0,
        "Other Non Interest Expense": NaN
    },
    "2024-06-30": {
        "Tax Effect Of Unusual Items": -87959836.623553,
        "Tax Rate For Calcs": 0.199455,
        "Total Unusual Items": -441000000.0,
        "Total Unusual Items Excluding Goodwill": -441000000.0,
        "Net Income From Continuing Operation Net Minority Interest": 1135000000.0,
        "Reconciled Depreciation": 903000000.0,
        "Net Interest Income": 1533000000.0,
        "Interest Expense": 9319000000.0,
        "Interest Income": 10852000000.0,
        "Normalized Income": 1488040163.376447,
        "Net Income From Continuing And Discontinued Operation": 1135000000.0,
        "Diluted Average Shares": 3359293918.0,
        "Basic Average Shares": 3212672606.0,
        "Diluted EPS": 0.34,
        "Basic EPS": 0.35,
        "Diluted NI Availto Com Stockholders": 1136000000.0,
        "Average Dilution Earnings": 0.0,
        "Net Income Common Stockholders": 1136000000.0,
        "Otherunder Preferred Stock Dividend": -1000000.0,
        "Net Income": 1135000000.0,
        "Minority Interests": -40000000.0,
        "Net Income Including Noncontrolling Interests": 1175000000.0,
        "Net Income Continuous Operations": 1176000000.0,
        "Tax Provision": 293000000.0,
        "Pretax Income": 1469000000.0,
        "Special Income Charges": -441000000.0,
        "Gain On Sale Of Business": 0.0,
        "Other Special Charges": -151000000.0,
        "Write Off": NaN,
        "Restructuring And Mergern Acquisition": 592000000.0,
        "Gain On Sale Of Security": 3684000000.0,
        "Depreciation Amortization Depletion Income Statement": 810000000.0,
        "Depreciation And Amortization In Income Statement": 810000000.0,
        "Selling General And Administration": 7616000000.0,
        "Selling And Marketing Expense": 137000000.0,
        "General And Administrative Expense": 7479000000.0,
        "Other Gand A": 1185000000.0,
        "Salaries And Wages": 6294000000.0,
        "Total Revenue": 11073000000.0,
        "Operating Revenue": 11073000000.0,
        "Occupancy And Equipment": 302000000.0,
        "Professional Expense And Contract Services Expense": 394000000.0,
        "Other Non Interest Expense": NaN
    },
    "2024-09-30": {
        "Tax Effect Of Unusual Items": -401027475.375842,
        "Tax Rate For Calcs": 0.260238,
        "Total Unusual Items": -1541000000.0,
        "Total Unusual Items Excluding Goodwill": -1541000000.0,
        "Net Income From Continuing Operation Net Minority Interest": 1425000000.0,
        "Reconciled Depreciation": 1006000000.0,
        "Net Interest Income": 1793000000.0,
        "Interest Expense": 9022000000.0,
        "Interest Income": 10815000000.0,
        "Normalized Income": 2564972524.624158,
        "Net Income From Continuing And Discontinued Operation": 1425000000.0,
        "Diluted Average Shares": 3344054479.0,
        "Basic Average Shares": 3196573895.0,
        "Diluted EPS": 0.43,
        "Basic EPS": 0.45,
        "Diluted NI Availto Com Stockholders": 1424000000.0,
        "Average Dilution Earnings": 0.0,
        "Net Income Common Stockholders": 1425000000.0,
        "Otherunder Preferred Stock Dividend": NaN,
        "Net Income": 1425000000.0,
        "Minority Interests": -3000000.0,
        "Net Income Including Noncontrolling Interests": 1428000000.0,
        "Net Income Continuous Operations": 1427000000.0,
        "Tax Provision": 502000000.0,
        "Pretax Income": 1929000000.0,
        "Special Income Charges": -1541000000.0,
        "Gain On Sale Of Business": 190000000.0,
        "Other Special Charges": -55000000.0,
        "Write Off": NaN,
        "Restructuring And Mergern Acquisition": 1786000000.0,
        "Gain On Sale Of Security": 3681000000.0,
        "Depreciation Amortization Depletion Income Statement": 893000000.0,
        "Depreciation And Amortization In Income Statement": 893000000.0,
        "Selling General And Administration": 6385000000.0,
        "Selling And Marketing Expense": 130000000.0,
        "General And Administrative Expense": 6255000000.0,
        "Other Gand A": 132000000.0,
        "Salaries And Wages": 6123000000.0,
        "Total Revenue": 11464000000.0,
        "Operating Revenue": 11464000000.0,
        "Occupancy And Equipment": 311000000.0,
        "Professional Expense And Contract Services Expense": 349000000.0,
        "Other Non Interest Expense": NaN
    },
    "2024-12-31": {
        "Tax Effect Of Unusual Items": -259328000.0,
        "Tax Rate For Calcs": 0.256,
        "Total Unusual Items": -1013000000.0,
        "Total Unusual Items Excluding Goodwill": -1013000000.0,
        "Net Income From Continuing Operation Net Minority Interest": 770000000.0,
        "Reconciled Depreciation": 994000000.0,
        "Net Interest Income": 1838000000.0,
        "Interest Expense": 7884000000.0,
        "Interest Income": 9722000000.0,
        "Normalized Income": 1523672000.0,
        "Net Income From Continuing And Discontinued Operation": 770000000.0,
        "Diluted Average Shares": 3336038623.0,
        "Basic Average Shares": 3179446604.0,
        "Diluted EPS": 0.23,
        "Basic EPS": 0.24,
        "Diluted NI Availto Com Stockholders": 770000000.0,
        "Average Dilution Earnings": 0.0,
        "Net Income Common Stockholders": 770000000.0,
        "Otherunder Preferred Stock Dividend": NaN,
        "Net Income": 770000000.0,
        "Minority Interests": -9000000.0,
        "Net Income Including Noncontrolling Interests": 779000000.0,
        "Net Income Continuous Operations": 779000000.0,
        "Tax Provision": 268000000.0,
        "Pretax Income": 1047000000.0,
        "Special Income Charges": -1013000000.0,
        "Gain On Sale Of Business": NaN,
        "Other Special Charges": 140000000.0,
        "Write Off": 80000000.0,
        "Restructuring And Mergern Acquisition": 793000000.0,
        "Gain On Sale Of Security": 3144000000.0,
        "Depreciation Amortization Depletion Income Statement": 850000000.0,
        "Depreciation And Amortization In Income Statement": 850000000.0,
        "Selling General And Administration": 8114000000.0,
        "Selling And Marketing Expense": NaN,
        "General And Administrative Expense": 8114000000.0,
        "Other Gand A": 2352000000.0,
        "Salaries And Wages": 5762000000.0,
        "Total Revenue": 11060000000.0,
        "Operating Revenue": 11060000000.0,
        "Occupancy And Equipment": NaN,
        "Professional Expense And Contract Services Expense": NaN,
        "Other Non Interest Expense": -194000000.0
    },
    "2025-03-31": {
        "Tax Effect Of Unusual Items": -189476000.0,
        "Tax Rate For Calcs": 0.202,
        "Total Unusual Items": -938000000.0,
        "Total Unusual Items Excluding Goodwill": -938000000.0,
        "Net Income From Continuing Operation Net Minority Interest": 1692000000.0,
        "Reconciled Depreciation": 861000000.0,
        "Net Interest Income": 1629000000.0,
        "Interest Expense": 6948000000.0,
        "Interest Income": 8577000000.0,
        "Normalized Income": 2440524000.0,
        "Net Income From Continuing And Discontinued Operation": 1692000000.0,
        "Diluted Average Shares": 3331939858.0,
        "Basic Average Shares": 3177005662.0,
        "Diluted EPS": 0.51,
        "Basic EPS": 0.53,
        "Diluted NI Availto Com Stockholders": 1691000000.0,
        "Average Dilution Earnings": 0.0,
        "Net Income Common Stockholders": 1692000000.0,
        "Otherunder Preferred Stock Dividend": NaN,
        "Net Income": 1692000000.0,
        "Minority Interests": -10000000.0,
        "Net Income Including Noncontrolling Interests": 1702000000.0,
        "Net Income Continuous Operations": 1702000000.0,
        "Tax Provision": 430000000.0,
        "Pretax Income": 2132000000.0,
        "Special Income Charges": -938000000.0,
        "Gain On Sale Of Business": 97000000.0,
        "Other Special Charges": 147000000.0,
        "Write Off": NaN,
        "Restructuring And Mergern Acquisition": 888000000.0,
        "Gain On Sale Of Security": 3937000000.0,
        "Depreciation Amortization Depletion Income Statement": 801000000.0,
        "Depreciation And Amortization In Income Statement": 801000000.0,
        "Selling General And Administration": 7023000000.0,
        "Selling And Marketing Expense": 123000000.0,
        "General And Administrative Expense": 6900000000.0,
        "Other Gand A": 1348000000.0,
        "Salaries And Wages": 5552000000.0,
        "Total Revenue": 11383000000.0,
        "Operating Revenue": 11383000000.0,
        "Occupancy And Equipment": 239000000.0,
        "Professional Expense And Contract Services Expense": 287000000.0,
        "Other Non Interest Expense": NaN
    },
    "2025-06-30": {
        "Tax Effect Of Unusual Items": -20400000.0,
        "Tax Rate For Calcs": 0.085,
        "Total Unusual Items": -240000000.0,
        "Total Unusual Items Excluding Goodwill": -240000000.0,
        "Net Income From Continuing Operation Net Minority Interest": 2395000000.0,
        "Reconciled Depreciation": 898000000.0,
        "Net Interest Income": 1967000000.0,
        "Interest Expense": 6816000000.0,
        "Interest Income": 8783000000.0,
        "Normalized Income": 2614600000.0,
        "Net Income From Continuing And Discontinued Operation": 2395000000.0,
        "Diluted Average Shares": 3306544764.0,
        "Basic Average Shares": 3179288753.0,
        "Diluted EPS": 0.72,
        "Basic EPS": 0.75,
        "Diluted NI Availto Com Stockholders": 2394000000.0,
        "Average Dilution Earnings": -1000000.0,
        "Net Income Common Stockholders": 2395000000.0,
        "Otherunder Preferred Stock Dividend": NaN,
        "Net Income": 2395000000.0,
        "Minority Interests": -7000000.0,
        "Net Income Including Noncontrolling Interests": 2402000000.0,
        "Net Income Continuous Operations": 2402000000.0,
        "Tax Provision": -209000000.0,
        "Pretax Income": 2193000000.0,
        "Special Income Charges": -240000000.0,
        "Gain On Sale Of Business": 4000000.0,
        "Other Special Charges": -407000000.0,
        "Write Off": NaN,
        "Restructuring And Mergern Acquisition": 651000000.0,
        "Gain On Sale Of Security": 3408000000.0,
        "Depreciation Amortization Depletion Income Statement": 805000000.0,
        "Depreciation And Amortization In Income Statement": 805000000.0,
        "Selling General And Administration": 7705000000.0,
        "Selling And Marketing Expense": 145000000.0,
        "General And Administrative Expense": 7560000000.0,
        "Other Gand A": 1203000000.0,
        "Salaries And Wages": 6357000000.0,
        "Total Revenue": 11499000000.0,
        "Operating Revenue": 11499000000.0,
        "Occupancy And Equipment": 284000000.0,
        "Professional Expense And Contract Services Expense": 317000000.0,
        "Other Non Interest Expense": -192000000.0
    }
}