{
    "2024-01-31": {
        "Tax Effect Of Unusual Items": NaN,
        "Tax Rate For Calcs": NaN,
        "Normalized EBITDA": NaN,
        "Total Unusual Items": NaN,
        "Total Unusual Items Excluding Goodwill": NaN,
        "Net Income From Continuing Operation Net Minority Interest": NaN,
        "Reconciled Depreciation": NaN,
        "Reconciled Cost Of Revenue": NaN,
        "EBITDA": NaN,
        "EBIT": NaN,
        "Net Interest Income": NaN,
        "Interest Expense": NaN,
        "Interest Income": 352000.0,
        "Normalized Income": NaN,
        "Net Income From Continuing And Discontinued Operation": NaN,
        "Total Expenses": NaN,
        "Total Operating Income As Reported": NaN,
        "Diluted Average Shares": 403179679.0,
        "Basic Average Shares": 394024127.0,
        "Diluted EPS": 0.01,
        "Basic EPS": 0.01,
        "Diluted NI Availto Com Stockholders": NaN,
        "Net Income Common Stockholders": NaN,
        "Net Income": NaN,
        "Net Income Including Noncontrolling Interests": NaN,
        "Net Income Continuous Operations": NaN,
        "Tax Provision": NaN,
        "Pretax Income": NaN,
        "Other Income Expense": NaN,
        "Other Non Operating Income Expenses": NaN,
        "Special Income Charges": NaN,
        "Gain On Sale Of Ppe": 12000.0,
        "Gain On Sale Of Business": 10000.0,
        "Restructuring And Mergern Acquisition": NaN,
        "Earnings From Equity Interest": NaN,
        "Gain On Sale Of Security": NaN,
        "Net Non Operating Interest Income Expense": NaN,
        "Interest Expense Non Operating": NaN,
        "Interest Income Non Operating": 352000.0,
        "Operating Income": NaN,
        "Operating Expense": NaN,
        "Other Operating Expenses": NaN,
        "Depreciation Amortization Depletion Income Statement": NaN,
        "Depreciation And Amortization In Income Statement": NaN,
        "Selling General And Administration": NaN,
        "General And Administrative Expense": NaN,
        "Other Gand A": NaN,
        "Salaries And Wages": NaN,
        "Gross Profit": NaN,
        "Cost Of Revenue": NaN,
        "Total Revenue": NaN,
        "Operating Revenue": NaN
    },
    "2023-10-31": {
        "Tax Effect Of Unusual Items": NaN,
        "Tax Rate For Calcs": NaN,
        "Normalized EBITDA": NaN,
        "Total Unusual Items": NaN,
        "Total Unusual Items Excluding Goodwill": NaN,
        "Net Income From Continuing Operation Net Minority Interest": NaN,
        "Reconciled Depreciation": NaN,
        "Reconciled Cost Of Revenue": NaN,
        "EBITDA": NaN,
        "EBIT": NaN,
        "Net Interest Income": NaN,
        "Interest Expense": NaN,
        "Interest Income": NaN,
        "Normalized Income": NaN,
        "Net Income From Continuing And Discontinued Operation": NaN,
        "Total Expenses": NaN,
        "Total Operating Income As Reported": NaN,
        "Diluted Average Shares": NaN,
        "Basic Average Shares": NaN,
        "Diluted EPS": NaN,
        "Basic EPS": NaN,
        "Diluted NI Availto Com Stockholders": NaN,
        "Net Income Common Stockholders": NaN,
        "Net Income": NaN,
        "Net Income Including Noncontrolling Interests": NaN,
        "Net Income Continuous Operations": NaN,
        "Tax Provision": NaN,
        "Pretax Income": NaN,
        "Other Income Expense": NaN,
        "Other Non Operating Income Expenses": NaN,
        "Special Income Charges": NaN,
        "Gain On Sale Of Ppe": 1000.0,
        "Gain On Sale Of Business": NaN,
        "Restructuring And Mergern Acquisition": NaN,
        "Earnings From Equity Interest": NaN,
        "Gain On Sale Of Security": NaN,
        "Net Non Operating Interest Income Expense": NaN,
        "Interest Expense Non Operating": NaN,
        "Interest Income Non Operating": NaN,
        "Operating Income": NaN,
        "Operating Expense": NaN,
        "Other Operating Expenses": NaN,
        "Depreciation Amortization Depletion Income Statement": NaN,
        "Depreciation And Amortization In Income Statement": NaN,
        "Selling General And Administration": NaN,
        "General And Administrative Expense": NaN,
        "Other Gand A": NaN,
        "Salaries And Wages": NaN,
        "Gross Profit": NaN,
        "Cost Of Revenue": NaN,
        "Total Revenue": NaN,
        "Operating Revenue": NaN
    },
    "2023-07-31": {
        "Tax Effect Of Unusual Items": NaN,
        "Tax Rate For Calcs": NaN,
        "Normalized EBITDA": NaN,
        "Total Unusual Items": NaN,
        "Total Unusual Items Excluding Goodwill": NaN,
        "Net Income From Continuing Operation Net Minority Interest": NaN,
        "Reconciled Depreciation": NaN,
        "Reconciled Cost Of Revenue": NaN,
        "EBITDA": NaN,
        "EBIT": NaN,
        "Net Interest Income": NaN,
        "Interest Expense": NaN,
        "Interest Income": NaN,
        "Normalized Income": NaN,
        "Net Income From Continuing And Discontinued Operation": NaN,
        "Total Expenses": NaN,
        "Total Operating Income As Reported": NaN,
        "Diluted Average Shares": NaN,
        "Basic Average Shares": NaN,
        "Diluted EPS": NaN,
        "Basic EPS": NaN,
        "Diluted NI Availto Com Stockholders": NaN,
        "Net Income Common Stockholders": NaN,
        "Net Income": NaN,
        "Net Income Including Noncontrolling Interests": NaN,
        "Net Income Continuous Operations": NaN,
        "Tax Provision": NaN,
        "Pretax Income": NaN,
        "Other Income Expense": NaN,
        "Other Non Operating Income Expenses": NaN,
        "Special Income Charges": NaN,
        "Gain On Sale Of Ppe": NaN,
        "Gain On Sale Of Business": NaN,
        "Write Off": 0.0,
        "Restructuring And Mergern Acquisition": 0.0,
        "Earnings From Equity Interest": NaN,
        "Gain On Sale Of Security": NaN,
        "Net Non Operating Interest Income Expense": NaN,
        "Interest Expense Non Operating": NaN,
        "Interest Income Non Operating": NaN,
        "Operating Income": NaN,
        "Operating Expense": NaN,
        "Other Operating Expenses": NaN,
        "Depreciation Amortization Depletion Income Statement": NaN,
        "Depreciation And Amortization In Income Statement": NaN,
        "Selling General And Administration": NaN,
        "General And Administrative Expense": NaN,
        "Other Gand A": NaN,
        "Salaries And Wages": NaN,
        "Gross Profit": NaN,
        "Cost Of Revenue": NaN,
        "Total Revenue": NaN,
        "Operating Revenue": NaN
    },
    "2023-04-30": {
        "Tax Effect Of Unusual Items": NaN,
        "Tax Rate For Calcs": NaN,
        "Normalized EBITDA": NaN,
        "Total Unusual Items": NaN,
        "Total Unusual Items Excluding Goodwill": NaN,
        "Net Income From Continuing Operation Net Minority Interest": NaN,
        "Reconciled Depreciation": NaN,
        "Reconciled Cost Of Revenue": NaN,
        "EBITDA": NaN,
        "EBIT": NaN,
        "Net Interest Income": NaN,
        "Interest Expense": NaN,
        "Interest Income": NaN,
        "Normalized Income": NaN,
        "Net Income From Continuing And Discontinued Operation": NaN,
        "Total Expenses": NaN,
        "Total Operating Income As Reported": NaN,
        "Diluted Average Shares": 375759521.0,
        "Basic Average Shares": 375759521.0,
        "Diluted EPS": -0.03,
        "Basic EPS": -0.03,
        "Diluted NI Availto Com Stockholders": NaN,
        "Net Income Common Stockholders": NaN,
        "Net Income": NaN,
        "Net Income Including Noncontrolling Interests": NaN,
        "Net Income Continuous Operations": NaN,
        "Tax Provision": NaN,
        "Pretax Income": NaN,
        "Other Income Expense": NaN,
        "Other Non Operating Income Expenses": NaN,
        "Special Income Charges": NaN,
        "Gain On Sale Of Ppe": NaN,
        "Gain On Sale Of Business": 8000.0,
        "Write Off": 0.0,
        "Restructuring And Mergern Acquisition": -235000.0,
        "Earnings From Equity Interest": NaN,
        "Gain On Sale Of Security": NaN,
        "Net Non Operating Interest Income Expense": NaN,
        "Interest Expense Non Operating": NaN,
        "Interest Income Non Operating": NaN,
        "Operating Income": NaN,
        "Operating Expense": NaN,
        "Other Operating Expenses": NaN,
        "Depreciation Amortization Depletion Income Statement": NaN,
        "Depreciation And Amortization In Income Statement": NaN,
        "Selling General And Administration": NaN,
        "General And Administrative Expense": NaN,
        "Other Gand A": NaN,
        "Salaries And Wages": NaN,
        "Gross Profit": NaN,
        "Cost Of Revenue": NaN,
        "Total Revenue": NaN,
        "Operating Revenue": NaN
    },
    "2023-01-31": {
        "Tax Effect Of Unusual Items": NaN,
        "Tax Rate For Calcs": NaN,
        "Normalized EBITDA": NaN,
        "Total Unusual Items": NaN,
        "Total Unusual Items Excluding Goodwill": NaN,
        "Net Income From Continuing Operation Net Minority Interest": NaN,
        "Reconciled Depreciation": NaN,
        "Reconciled Cost Of Revenue": NaN,
        "EBITDA": NaN,
        "EBIT": NaN,
        "Net Interest Income": NaN,
        "Interest Expense": NaN,
        "Normalized Income": NaN,
        "Net Income From Continuing And Discontinued Operation": NaN,
        "Total Expenses": NaN,
        "Total Operating Income As Reported": NaN,
        "Diluted Average Shares": 377825545.0,
        "Basic Average Shares": 369608851.0,
        "Diluted EPS": 0.03,
        "Basic EPS": 0.03,
        "Diluted NI Availto Com Stockholders": NaN,
        "Net Income Common Stockholders": NaN,
        "Net Income": NaN,
        "Net Income Including Noncontrolling Interests": NaN,
        "Net Income Continuous Operations": NaN,
        "Tax Provision": NaN,
        "Pretax Income": NaN,
        "Other Income Expense": NaN,
        "Other Non Operating Income Expenses": NaN,
        "Special Income Charges": NaN,
        "Gain On Sale Of Ppe": NaN,
        "Gain On Sale Of Business": 390000.0,
        "Other Special Charges": -1726000.0,
        "Write Off": NaN,
        "Restructuring And Mergern Acquisition": 0.0,
        "Earnings From Equity Interest": NaN,
        "Gain On Sale Of Security": NaN,
        "Net Non Operating Interest Income Expense": NaN,
        "Interest Expense Non Operating": NaN,
        "Operating Income": NaN,
        "Operating Expense": NaN,
        "Other Operating Expenses": NaN,
        "Depreciation Amortization Depletion Income Statement": NaN,
        "Depreciation And Amortization In Income Statement": NaN,
        "Selling General And Administration": NaN,
        "General And Administrative Expense": NaN,
        "Other Gand A": NaN,
        "Salaries And Wages": NaN,
        "Gross Profit": NaN,
        "Cost Of Revenue": NaN,
        "Total Revenue": NaN,
        "Operating Revenue": NaN
    },
    "2022-10-31": {
        "Tax Effect Of Unusual Items": NaN,
        "Tax Rate For Calcs": NaN,
        "Normalized EBITDA": NaN,
        "Total Unusual Items": NaN,
        "Total Unusual Items Excluding Goodwill": NaN,
        "Net Income From Continuing Operation Net Minority Interest": NaN,
        "Reconciled Depreciation": NaN,
        "Reconciled Cost Of Revenue": NaN,
        "EBITDA": NaN,
        "EBIT": NaN,
        "Net Interest Income": NaN,
        "Interest Expense": NaN,
        "Normalized Income": NaN,
        "Net Income From Continuing And Discontinued Operation": NaN,
        "Total Expenses": NaN,
        "Total Operating Income As Reported": NaN,
        "Diluted Average Shares": NaN,
        "Basic Average Shares": NaN,
        "Diluted EPS": NaN,
        "Basic EPS": NaN,
        "Diluted NI Availto Com Stockholders": NaN,
        "Net Income Common Stockholders": NaN,
        "Net Income": NaN,
        "Net Income Including Noncontrolling Interests": NaN,
        "Net Income Continuous Operations": NaN,
        "Tax Provision": NaN,
        "Pretax Income": NaN,
        "Other Income Expense": NaN,
        "Other Non Operating Income Expenses": NaN,
        "Special Income Charges": NaN,
        "Gain On Sale Of Ppe": 0.0,
        "Gain On Sale Of Business": NaN,
        "Other Special Charges": NaN,
        "Write Off": NaN,
        "Restructuring And Mergern Acquisition": NaN,
        "Earnings From Equity Interest": NaN,
        "Gain On Sale Of Security": NaN,
        "Net Non Operating Interest Income Expense": NaN,
        "Interest Expense Non Operating": NaN,
        "Operating Income": NaN,
        "Operating Expense": NaN,
        "Other Operating Expenses": NaN,
        "Depreciation Amortization Depletion Income Statement": NaN,
        "Depreciation And Amortization In Income Statement": NaN,
        "Selling General And Administration": NaN,
        "General And Administrative Expense": NaN,
        "Other Gand A": NaN,
        "Salaries And Wages": 2916000.0,
        "Gross Profit": NaN,
        "Cost Of Revenue": NaN,
        "Total Revenue": NaN,
        "Operating Revenue": NaN
    },
    "2024-04-30": {
        "Tax Effect Of Unusual Items": -723614.469035,
        "Tax Rate For Calcs": 0.085131,
        "Normalized EBITDA": -12252000.0,
        "Total Unusual Items": -8500000.0,
        "Total Unusual Items Excluding Goodwill": -8500000.0,
        "Net Income From Continuing Operation Net Minority Interest": -19677000.0,
        "Reconciled Depreciation": 551000.0,
        "Reconciled Cost Of Revenue": 0.0,
        "EBITDA": -20752000.0,
        "EBIT": -21303000.0,
        "Net Interest Income": 788000.0,
        "Interest Expense": 205000.0,
        "Interest Income": 993000.0,
        "Normalized Income": -11900614.469035,
        "Net Income From Continuing And Discontinued Operation": -19677000.0,
        "Total Expenses": 13872000.0,
        "Total Operating Income As Reported": -13841000.0,
        "Diluted Average Shares": 404104490.0,
        "Basic Average Shares": 404104490.0,
        "Diluted EPS": -0.05,
        "Basic EPS": -0.05,
        "Diluted NI Availto Com Stockholders": -19677000.0,
        "Net Income Common Stockholders": -19677000.0,
        "Net Income": -19677000.0,
        "Net Income Including Noncontrolling Interests": -19677000.0,
        "Net Income Continuous Operations": -19677000.0,
        "Tax Provision": -1831000.0,
        "Pretax Income": -21508000.0,
        "Other Income Expense": -8424000.0,
        "Other Non Operating Income Expenses": -28000.0,
        "Special Income Charges": 3202000.0,
        "Gain On Sale Of Ppe": -46000.0,
        "Gain On Sale Of Business": 3202000.0,
        "Restructuring And Mergern Acquisition": 0.0,
        "Earnings From Equity Interest": 104000.0,
        "Gain On Sale Of Security": -11702000.0,
        "Net Non Operating Interest Income Expense": 788000.0,
        "Interest Expense Non Operating": 205000.0,
        "Interest Income Non Operating": 993000.0,
        "Operating Income": -13872000.0,
        "Operating Expense": 13872000.0,
        "Other Operating Expenses": 9071000.0,
        "Depreciation Amortization Depletion Income Statement": 551000.0,
        "Depreciation And Amortization In Income Statement": 551000.0,
        "Selling General And Administration": 4250000.0,
        "General And Administrative Expense": 4250000.0,
        "Other Gand A": 1706000.0,
        "Salaries And Wages": 2544000.0,
        "Gross Profit": 0.0,
        "Cost Of Revenue": 0.0,
        "Total Revenue": 0.0,
        "Operating Revenue": 0.0
    },
    "2024-07-31": {
        "Tax Effect Of Unusual Items": 179493.581981,
        "Tax Rate For Calcs": 0.084827,
        "Normalized EBITDA": -17862000.0,
        "Total Unusual Items": 2116000.0,
        "Total Unusual Items Excluding Goodwill": 2116000.0,
        "Net Income From Continuing Operation Net Minority Interest": -15115000.0,
        "Reconciled Depreciation": 563000.0,
        "Reconciled Cost Of Revenue": 0.0,
        "EBITDA": -15746000.0,
        "EBIT": -16309000.0,
        "Net Interest Income": 2422000.0,
        "Interest Expense": 207000.0,
        "Interest Income": NaN,
        "Normalized Income": -17051506.418019,
        "Net Income From Continuing And Discontinued Operation": -15115000.0,
        "Total Expenses": 19214000.0,
        "Total Operating Income As Reported": -19057000.0,
        "Diluted Average Shares": NaN,
        "Basic Average Shares": NaN,
        "Diluted EPS": NaN,
        "Basic EPS": NaN,
        "Diluted NI Availto Com Stockholders": -15115000.0,
        "Net Income Common Stockholders": -15115000.0,
        "Net Income": -15115000.0,
        "Net Income Including Noncontrolling Interests": -15115000.0,
        "Net Income Continuous Operations": -15115000.0,
        "Tax Provision": -1401000.0,
        "Pretax Income": -16516000.0,
        "Other Income Expense": 276000.0,
        "Other Non Operating Income Expenses": -1532000.0,
        "Special Income Charges": -3627000.0,
        "Gain On Sale Of Ppe": 6000.0,
        "Gain On Sale Of Business": NaN,
        "Restructuring And Mergern Acquisition": NaN,
        "Earnings From Equity Interest": -308000.0,
        "Gain On Sale Of Security": 5743000.0,
        "Net Non Operating Interest Income Expense": 2422000.0,
        "Interest Expense Non Operating": 207000.0,
        "Interest Income Non Operating": NaN,
        "Operating Income": -19214000.0,
        "Operating Expense": 19214000.0,
        "Other Operating Expenses": 10935000.0,
        "Depreciation Amortization Depletion Income Statement": 563000.0,
        "Depreciation And Amortization In Income Statement": 563000.0,
        "Selling General And Administration": 7716000.0,
        "General And Administrative Expense": 7716000.0,
        "Other Gand A": 3063000.0,
        "Salaries And Wages": 4653000.0,
        "Gross Profit": 0.0,
        "Cost Of Revenue": 0.0,
        "Total Revenue": 0.0,
        "Operating Revenue": 0.0
    },
    "2024-10-31": {
        "Tax Effect Of Unusual Items": -512221.214236,
        "Tax Rate For Calcs": 0.062201,
        "Normalized EBITDA": -12321000.0,
        "Total Unusual Items": -8235000.0,
        "Total Unusual Items Excluding Goodwill": -8235000.0,
        "Net Income From Continuing Operation Net Minority Interest": -20158000.0,
        "Reconciled Depreciation": 598000.0,
        "Reconciled Cost Of Revenue": 10836000.0,
        "EBITDA": -20556000.0,
        "EBIT": -21154000.0,
        "Net Interest Income": 783000.0,
        "Interest Expense": 341000.0,
        "Interest Income": 1124000.0,
        "Normalized Income": -12435221.214236,
        "Net Income From Continuing And Discontinued Operation": -20158000.0,
        "Total Expenses": 30685000.0,
        "Total Operating Income As Reported": -13203000.0,
        "Diluted Average Shares": 412138998.0,
        "Basic Average Shares": 412138998.0,
        "Diluted EPS": -0.05,
        "Basic EPS": -0.05,
        "Diluted NI Availto Com Stockholders": -20158000.0,
        "Net Income Common Stockholders": -20158000.0,
        "Net Income": -20158000.0,
        "Net Income Including Noncontrolling Interests": -20158000.0,
        "Net Income Continuous Operations": -20158000.0,
        "Tax Provision": -1337000.0,
        "Pretax Income": -21495000.0,
        "Other Income Expense": -8680000.0,
        "Other Non Operating Income Expenses": 36000.0,
        "Special Income Charges": 13000.0,
        "Gain On Sale Of Ppe": 8000.0,
        "Gain On Sale Of Business": 5000.0,
        "Restructuring And Mergern Acquisition": NaN,
        "Earnings From Equity Interest": -481000.0,
        "Gain On Sale Of Security": -8248000.0,
        "Net Non Operating Interest Income Expense": 783000.0,
        "Interest Expense Non Operating": 341000.0,
        "Interest Income Non Operating": 1124000.0,
        "Operating Income": -13598000.0,
        "Operating Expense": 19849000.0,
        "Other Operating Expenses": 13514000.0,
        "Depreciation Amortization Depletion Income Statement": 598000.0,
        "Depreciation And Amortization In Income Statement": 598000.0,
        "Selling General And Administration": 5737000.0,
        "General And Administrative Expense": 5737000.0,
        "Other Gand A": 2134000.0,
        "Salaries And Wages": 3603000.0,
        "Gross Profit": 6251000.0,
        "Cost Of Revenue": 10836000.0,
        "Total Revenue": 17087000.0,
        "Operating Revenue": 17087000.0
    },
    "2025-01-31": {
        "Tax Effect Of Unusual Items": -969673.469388,
        "Tax Rate For Calcs": 0.122449,
        "Normalized EBITDA": -2404000.0,
        "Total Unusual Items": -7919000.0,
        "Total Unusual Items Excluding Goodwill": -7919000.0,
        "Net Income From Continuing Operation Net Minority Interest": -10234000.0,
        "Reconciled Depreciation": 1050000.0,
        "Reconciled Cost Of Revenue": 31519000.0,
        "EBITDA": -10323000.0,
        "EBIT": -11373000.0,
        "Net Interest Income": 912000.0,
        "Interest Expense": 289000.0,
        "Interest Income": 1201000.0,
        "Normalized Income": -3284673.469388,
        "Net Income From Continuing And Discontinued Operation": -10234000.0,
        "Total Expenses": 53410000.0,
        "Total Operating Income As Reported": -3634000.0,
        "Diluted Average Shares": 423199789.0,
        "Basic Average Shares": 423199789.0,
        "Diluted EPS": -0.02,
        "Basic EPS": -0.02,
        "Diluted NI Availto Com Stockholders": -10234000.0,
        "Net Income Common Stockholders": -10234000.0,
        "Net Income": -10234000.0,
        "Net Income Including Noncontrolling Interests": -10234000.0,
        "Net Income Continuous Operations": -10234000.0,
        "Tax Provision": -1428000.0,
        "Pretax Income": -11662000.0,
        "Other Income Expense": -8914000.0,
        "Other Non Operating Income Expenses": 18000.0,
        "Special Income Charges": 22000.0,
        "Gain On Sale Of Ppe": NaN,
        "Gain On Sale Of Business": 22000.0,
        "Restructuring And Mergern Acquisition": NaN,
        "Earnings From Equity Interest": -1013000.0,
        "Gain On Sale Of Security": -7941000.0,
        "Net Non Operating Interest Income Expense": 912000.0,
        "Interest Expense Non Operating": 289000.0,
        "Interest Income Non Operating": 1201000.0,
        "Operating Income": -3660000.0,
        "Operating Expense": 21886000.0,
        "Other Operating Expenses": 14243000.0,
        "Depreciation Amortization Depletion Income Statement": 1045000.0,
        "Depreciation And Amortization In Income Statement": 1045000.0,
        "Selling General And Administration": 6598000.0,
        "General And Administrative Expense": 6598000.0,
        "Other Gand A": 3179000.0,
        "Salaries And Wages": 3419000.0,
        "Gross Profit": 18226000.0,
        "Cost Of Revenue": 31524000.0,
        "Total Revenue": 49750000.0,
        "Operating Revenue": 49750000.0
    },
    "2025-04-30": {
        "Tax Effect Of Unusual Items": -948570.0,
        "Tax Rate For Calcs": 0.21,
        "Normalized EBITDA": -23449000.0,
        "Total Unusual Items": -4517000.0,
        "Total Unusual Items Excluding Goodwill": -4517000.0,
        "Net Income From Continuing Operation Net Minority Interest": -30212000.0,
        "Reconciled Depreciation": 1408000.0,
        "Reconciled Cost Of Revenue": 0.0,
        "EBITDA": -27966000.0,
        "EBIT": -29374000.0,
        "Net Interest Income": 167000.0,
        "Interest Expense": 404000.0,
        "Interest Income": 571000.0,
        "Normalized Income": -26643570.0,
        "Net Income From Continuing And Discontinued Operation": -30212000.0,
        "Total Expenses": 23211000.0,
        "Total Operating Income As Reported": -23463000.0,
        "Diluted Average Shares": 429941797.0,
        "Basic Average Shares": 429941797.0,
        "Diluted EPS": -0.07,
        "Basic EPS": -0.07,
        "Diluted NI Availto Com Stockholders": -30212000.0,
        "Net Income Common Stockholders": -30212000.0,
        "Net Income": -30212000.0,
        "Net Income Including Noncontrolling Interests": -30212000.0,
        "Net Income Continuous Operations": -30212000.0,
        "Tax Provision": 434000.0,
        "Pretax Income": -29778000.0,
        "Other Income Expense": -6734000.0,
        "Other Non Operating Income Expenses": 39000.0,
        "Special Income Charges": 1000.0,
        "Gain On Sale Of Ppe": NaN,
        "Gain On Sale Of Business": 1000.0,
        "Restructuring And Mergern Acquisition": NaN,
        "Earnings From Equity Interest": -2256000.0,
        "Gain On Sale Of Security": -4518000.0,
        "Net Non Operating Interest Income Expense": 167000.0,
        "Interest Expense Non Operating": 404000.0,
        "Interest Income Non Operating": 571000.0,
        "Operating Income": -23211000.0,
        "Operating Expense": 23211000.0,
        "Other Operating Expenses": 15680000.0,
        "Depreciation Amortization Depletion Income Statement": 1405000.0,
        "Depreciation And Amortization In Income Statement": 1405000.0,
        "Selling General And Administration": 6126000.0,
        "General And Administrative Expense": 6126000.0,
        "Other Gand A": 2788000.0,
        "Salaries And Wages": 3338000.0,
        "Gross Profit": 0.0,
        "Cost Of Revenue": 0.0,
        "Total Revenue": 0.0,
        "Operating Revenue": 0.0
    }
}