{
    "2023-03-31": {
        "Tax Effect Of Unusual Items": NaN,
        "Tax Rate For Calcs": NaN,
        "Normalized EBITDA": NaN,
        "Total Unusual Items": NaN,
        "Total Unusual Items Excluding Goodwill": NaN,
        "Net Income From Continuing Operation Net Minority Interest": NaN,
        "Reconciled Depreciation": NaN,
        "Reconciled Cost Of Revenue": NaN,
        "EBITDA": NaN,
        "EBIT": NaN,
        "Net Interest Income": NaN,
        "Interest Expense": NaN,
        "Normalized Income": NaN,
        "Net Income From Continuing And Discontinued Operation": NaN,
        "Total Expenses": NaN,
        "Total Operating Income As Reported": 255000000.0,
        "Diluted Average Shares": NaN,
        "Basic Average Shares": NaN,
        "Diluted EPS": NaN,
        "Basic EPS": NaN,
        "Diluted NI Availto Com Stockholders": NaN,
        "Net Income Common Stockholders": NaN,
        "Net Income": NaN,
        "Minority Interests": 0.0,
        "Net Income Including Noncontrolling Interests": NaN,
        "Net Income Continuous Operations": NaN,
        "Tax Provision": NaN,
        "Pretax Income": NaN,
        "Other Income Expense": NaN,
        "Other Non Operating Income Expenses": NaN,
        "Special Income Charges": NaN,
        "Gain On Sale Of Business": NaN,
        "Other Special Charges": NaN,
        "Write Off": NaN,
        "Impairment Of Capital Assets": NaN,
        "Earnings From Equity Interest": NaN,
        "Net Non Operating Interest Income Expense": NaN,
        "Interest Expense Non Operating": NaN,
        "Operating Income": NaN,
        "Operating Expense": NaN,
        "Other Operating Expenses": NaN,
        "Depreciation Amortization Depletion Income Statement": NaN,
        "Depreciation And Amortization In Income Statement": NaN,
        "Selling General And Administration": 587000000.0,
        "General And Administrative Expense": 587000000.0,
        "Other Gand A": 587000000.0,
        "Gross Profit": NaN,
        "Cost Of Revenue": NaN,
        "Total Revenue": NaN,
        "Operating Revenue": NaN
    },
    "2022-12-31": {
        "Tax Effect Of Unusual Items": NaN,
        "Tax Rate For Calcs": NaN,
        "Normalized EBITDA": NaN,
        "Total Unusual Items": NaN,
        "Total Unusual Items Excluding Goodwill": NaN,
        "Net Income From Continuing Operation Net Minority Interest": NaN,
        "Reconciled Depreciation": NaN,
        "Reconciled Cost Of Revenue": NaN,
        "EBITDA": NaN,
        "EBIT": NaN,
        "Net Interest Income": NaN,
        "Interest Expense": NaN,
        "Normalized Income": NaN,
        "Net Income From Continuing And Discontinued Operation": NaN,
        "Total Expenses": NaN,
        "Total Operating Income As Reported": NaN,
        "Diluted Average Shares": NaN,
        "Basic Average Shares": NaN,
        "Diluted EPS": NaN,
        "Basic EPS": NaN,
        "Diluted NI Availto Com Stockholders": NaN,
        "Net Income Common Stockholders": NaN,
        "Net Income": NaN,
        "Minority Interests": 0.0,
        "Net Income Including Noncontrolling Interests": NaN,
        "Net Income Continuous Operations": NaN,
        "Tax Provision": NaN,
        "Pretax Income": NaN,
        "Other Income Expense": NaN,
        "Other Non Operating Income Expenses": NaN,
        "Special Income Charges": NaN,
        "Gain On Sale Of Business": NaN,
        "Other Special Charges": NaN,
        "Write Off": NaN,
        "Impairment Of Capital Assets": NaN,
        "Earnings From Equity Interest": NaN,
        "Net Non Operating Interest Income Expense": NaN,
        "Interest Expense Non Operating": NaN,
        "Operating Income": NaN,
        "Operating Expense": NaN,
        "Other Operating Expenses": NaN,
        "Depreciation Amortization Depletion Income Statement": NaN,
        "Depreciation And Amortization In Income Statement": NaN,
        "Selling General And Administration": NaN,
        "General And Administrative Expense": NaN,
        "Other Gand A": NaN,
        "Gross Profit": NaN,
        "Cost Of Revenue": NaN,
        "Total Revenue": NaN,
        "Operating Revenue": NaN
    },
    "2022-09-30": {
        "Tax Effect Of Unusual Items": NaN,
        "Tax Rate For Calcs": NaN,
        "Normalized EBITDA": NaN,
        "Total Unusual Items": 103000000.0,
        "Total Unusual Items Excluding Goodwill": 103000000.0,
        "Net Income From Continuing Operation Net Minority Interest": NaN,
        "Reconciled Depreciation": NaN,
        "Reconciled Cost Of Revenue": 1022000000.0,
        "EBITDA": NaN,
        "EBIT": NaN,
        "Net Interest Income": -65000000.0,
        "Interest Expense": NaN,
        "Normalized Income": NaN,
        "Net Income From Continuing And Discontinued Operation": NaN,
        "Total Expenses": 1683000000.0,
        "Total Operating Income As Reported": NaN,
        "Diluted Average Shares": NaN,
        "Basic Average Shares": NaN,
        "Diluted EPS": NaN,
        "Basic EPS": NaN,
        "Diluted NI Availto Com Stockholders": NaN,
        "Net Income Common Stockholders": NaN,
        "Net Income": NaN,
        "Minority Interests": 1000000.0,
        "Net Income Including Noncontrolling Interests": NaN,
        "Net Income Continuous Operations": NaN,
        "Tax Provision": NaN,
        "Pretax Income": NaN,
        "Other Income Expense": 85000000.0,
        "Other Non Operating Income Expenses": -36000000.0,
        "Special Income Charges": 33000000.0,
        "Gain On Sale Of Business": NaN,
        "Other Special Charges": 0.0,
        "Impairment Of Capital Assets": NaN,
        "Earnings From Equity Interest": NaN,
        "Net Non Operating Interest Income Expense": -65000000.0,
        "Interest Expense Non Operating": NaN,
        "Operating Income": NaN,
        "Operating Expense": 661000000.0,
        "Other Operating Expenses": 34000000.0,
        "Depreciation Amortization Depletion Income Statement": 131000000.0,
        "Depreciation And Amortization In Income Statement": NaN,
        "Selling General And Administration": 496000000.0,
        "General And Administrative Expense": 496000000.0,
        "Other Gand A": 496000000.0,
        "Gross Profit": 912000000.0,
        "Cost Of Revenue": 1022000000.0,
        "Total Revenue": NaN,
        "Operating Revenue": NaN
    },
    "2022-06-30": {
        "Tax Effect Of Unusual Items": 0.0,
        "Tax Rate For Calcs": 0.125,
        "Normalized EBITDA": 204000000.0,
        "Total Unusual Items": 0.0,
        "Total Unusual Items Excluding Goodwill": 0.0,
        "Net Income From Continuing Operation Net Minority Interest": -7000000.0,
        "Reconciled Depreciation": 130000000.0,
        "Reconciled Cost Of Revenue": 1361000000.0,
        "EBITDA": 204000000.0,
        "EBIT": 74000000.0,
        "Net Interest Income": -82000000.0,
        "Interest Expense": 82000000.0,
        "Normalized Income": -7000000.0,
        "Net Income From Continuing And Discontinued Operation": -7000000.0,
        "Total Expenses": 1934000000.0,
        "Total Operating Income As Reported": 99000000.0,
        "Diluted Average Shares": 210190000.0,
        "Basic Average Shares": 210190000.0,
        "Diluted EPS": -0.03,
        "Basic EPS": -0.03,
        "Diluted NI Availto Com Stockholders": -7000000.0,
        "Net Income Common Stockholders": -7000000.0,
        "Net Income": -7000000.0,
        "Minority Interests": 0.0,
        "Net Income Including Noncontrolling Interests": -7000000.0,
        "Net Income Continuous Operations": -7000000.0,
        "Tax Provision": -1000000.0,
        "Pretax Income": -8000000.0,
        "Other Income Expense": -25000000.0,
        "Other Non Operating Income Expenses": 20000000.0,
        "Special Income Charges": 0.0,
        "Gain On Sale Of Business": NaN,
        "Other Special Charges": NaN,
        "Impairment Of Capital Assets": NaN,
        "Earnings From Equity Interest": -45000000.0,
        "Net Non Operating Interest Income Expense": -82000000.0,
        "Interest Expense Non Operating": 82000000.0,
        "Operating Income": 99000000.0,
        "Operating Expense": 573000000.0,
        "Other Operating Expenses": -22000000.0,
        "Depreciation Amortization Depletion Income Statement": 130000000.0,
        "Depreciation And Amortization In Income Statement": 130000000.0,
        "Selling General And Administration": 465000000.0,
        "General And Administrative Expense": 465000000.0,
        "Other Gand A": 465000000.0,
        "Gross Profit": 672000000.0,
        "Cost Of Revenue": 1361000000.0,
        "Total Revenue": 2033000000.0,
        "Operating Revenue": 2033000000.0
    },
    "2023-06-30": {
        "Tax Effect Of Unusual Items": NaN,
        "Tax Rate For Calcs": NaN,
        "Normalized EBITDA": NaN,
        "Total Unusual Items": NaN,
        "Total Unusual Items Excluding Goodwill": NaN,
        "Net Income From Continuing Operation Net Minority Interest": NaN,
        "Reconciled Depreciation": NaN,
        "Reconciled Cost Of Revenue": NaN,
        "EBITDA": NaN,
        "EBIT": NaN,
        "Net Interest Income": NaN,
        "Interest Expense": NaN,
        "Normalized Income": NaN,
        "Net Income From Continuing And Discontinued Operation": NaN,
        "Total Expenses": NaN,
        "Total Operating Income As Reported": -732000000.0,
        "Diluted Average Shares": NaN,
        "Basic Average Shares": NaN,
        "Diluted EPS": NaN,
        "Basic EPS": NaN,
        "Diluted NI Availto Com Stockholders": NaN,
        "Net Income Common Stockholders": NaN,
        "Net Income": NaN,
        "Minority Interests": 0.0,
        "Net Income Including Noncontrolling Interests": NaN,
        "Net Income Continuous Operations": NaN,
        "Tax Provision": NaN,
        "Pretax Income": NaN,
        "Other Income Expense": NaN,
        "Other Non Operating Income Expenses": NaN,
        "Special Income Charges": NaN,
        "Gain On Sale Of Business": NaN,
        "Other Special Charges": 9000000.0,
        "Write Off": 0.0,
        "Impairment Of Capital Assets": 656000000.0,
        "Earnings From Equity Interest": NaN,
        "Net Non Operating Interest Income Expense": NaN,
        "Interest Expense Non Operating": NaN,
        "Operating Income": NaN,
        "Operating Expense": NaN,
        "Other Operating Expenses": NaN,
        "Depreciation Amortization Depletion Income Statement": NaN,
        "Depreciation And Amortization In Income Statement": NaN,
        "Selling General And Administration": 523000000.0,
        "General And Administrative Expense": 523000000.0,
        "Other Gand A": 523000000.0,
        "Gross Profit": NaN,
        "Cost Of Revenue": NaN,
        "Total Revenue": NaN,
        "Operating Revenue": NaN
    },
    "2022-03-31": {
        "Diluted EPS": 4.32,
        "Total Revenue": NaN,
        "Gross Profit": NaN,
        "Operating Income": NaN,
        "EBIT": NaN,
        "Net Income": 933
    },
    "2021-12-31": {
        "Diluted EPS": -0.46,
        "Total Revenue": NaN,
        "Gross Profit": 553,
        "Operating Income": -68,
        "EBIT": 61,
        "Net Income": -97
    },
    "2021-09-30": {
        "Diluted EPS": 2.44,
        "Total Revenue": NaN,
        "Gross Profit": NaN,
        "Operating Income": 786,
        "EBIT": 913,
        "Net Income": 525
    },
    "2021-06-30": {
        "Diluted EPS": 0.71,
        "Total Revenue": NaN,
        "Gross Profit": 980,
        "Operating Income": 391,
        "EBIT": 516,
        "Net Income": 150
    },
    "2021-03-31": {
        "Diluted EPS": 2.33,
        "Total Revenue": NaN,
        "Gross Profit": NaN,
        "Operating Income": 671,
        "EBIT": 797,
        "Net Income": 489
    },
    "2020-12-31": {
        "Diluted EPS": 1.44,
        "Total Revenue": NaN,
        "Gross Profit": NaN,
        "Operating Income": 502,
        "EBIT": 626,
        "Net Income": 303
    },
    "2020-09-30": {
        "Diluted EPS": 0.06,
        "Total Revenue": NaN,
        "Gross Profit": 648,
        "Operating Income": 69,
        "EBIT": 191,
        "Net Income": 9
    },
    "2020-06-30": {
        "Diluted EPS": 0.41,
        "Total Revenue": NaN,
        "Gross Profit": 782,
        "Operating Income": 174,
        "EBIT": 296,
        "Net Income": 85
    },
    "2020-03-31": {
        "Diluted EPS": 1.07,
        "Total Revenue": NaN,
        "Gross Profit": 981,
        "Operating Income": 362,
        "EBIT": 483,
        "Net Income": 226
    },
    "2019-12-31": {
        "Diluted EPS": 1.0,
        "Total Revenue": NaN,
        "Gross Profit": 999,
        "Operating Income": 377,
        "EBIT": 496,
        "Net Income": 212
    },
    "2019-09-30": {
        "Diluted EPS": -0.32,
        "Total Revenue": NaN,
        "Gross Profit": 460,
        "Operating Income": -99,
        "EBIT": 19,
        "Net Income": -52
    },
    "2019-06-30": {
        "Diluted EPS": -0.01,
        "Total Revenue": NaN,
        "Gross Profit": 582,
        "Operating Income": 10,
        "EBIT": 120,
        "Net Income": -2
    },
    "2019-03-31": {
        "Diluted EPS": 1.38,
        "Total Revenue": NaN,
        "Gross Profit": NaN,
        "Operating Income": 539,
        "EBIT": 648,
        "Net Income": 245
    },
    "2018-12-31": {
        "Diluted EPS": 0.36,
        "Total Revenue": NaN,
        "Gross Profit": 775,
        "Operating Income": 168,
        "EBIT": 279,
        "Net Income": 64
    },
    "2018-09-30": {
        "Diluted EPS": 0.12,
        "Total Revenue": NaN,
        "Gross Profit": 628,
        "Operating Income": 50,
        "EBIT": 163,
        "Net Income": 25
    },
    "2018-06-30": {
        "Diluted EPS": 0.3,
        "Total Revenue": NaN,
        "Gross Profit": 708,
        "Operating Income": 30,
        "EBIT": 148,
        "Net Income": 52
    },
    "2018-03-31": {
        "Diluted EPS": 1.57,
        "Total Revenue": NaN,
        "Gross Profit": NaN,
        "Operating Income": 591,
        "EBIT": 703,
        "Net Income": 276
    },
    "2017-12-31": {
        "Diluted EPS": 2.07,
        "Total Revenue": NaN,
        "Gross Profit": 988,
        "Operating Income": 395,
        "EBIT": 505,
        "Net Income": 366
    },
    "2017-09-30": {
        "Diluted EPS": 0.03,
        "Total Revenue": NaN,
        "Gross Profit": 614,
        "Operating Income": 33,
        "EBIT": 148,
        "Net Income": 5
    },
    "2017-06-30": {
        "Diluted EPS": -0.11,
        "Total Revenue": NaN,
        "Gross Profit": 535,
        "Operating Income": -3,
        "EBIT": 101,
        "Net Income": -19
    },
    "2017-03-31": {
        "Diluted EPS": 1.24,
        "Total Revenue": NaN,
        "Gross Profit": NaN,
        "Operating Income": 513,
        "EBIT": 613,
        "Net Income": 220
    },
    "2016-12-31": {
        "Diluted EPS": 1.3,
        "Total Revenue": NaN,
        "Gross Profit": NaN,
        "Operating Income": 466,
        "EBIT": 564,
        "Net Income": 231
    },
    "2016-09-30": {
        "Diluted EPS": -0.24,
        "Total Revenue": 976,
        "Gross Profit": 483,
        "Operating Income": -89,
        "EBIT": 13,
        "Net Income": -44
    },
    "2016-06-30": {
        "Diluted EPS": 0.34,
        "Total Revenue": NaN,
        "Gross Profit": 698,
        "Operating Income": 156,
        "EBIT": 254,
        "Net Income": 61
    },
    "2016-03-31": {
        "Diluted EPS": 1.33,
        "Total Revenue": NaN,
        "Gross Profit": NaN,
        "Operating Income": 615,
        "EBIT": 716,
        "Net Income": 233
    },
    "2015-12-31": {
        "Diluted EPS": 0.65,
        "Total Revenue": NaN,
        "Gross Profit": 873,
        "Operating Income": 306,
        "EBIT": 406,
        "Net Income": 115
    },
    "2015-09-30": {
        "Diluted EPS": -0.04,
        "Total Revenue": NaN,
        "Gross Profit": 543,
        "Operating Income": -7,
        "EBIT": 96,
        "Net Income": -9
    },
    "2015-06-30": {
        "Diluted EPS": 0.05,
        "Total Revenue": NaN,
        "Gross Profit": 562,
        "Operating Income": 56,
        "EBIT": 149,
        "Net Income": 10
    },
    "2015-03-31": {
        "Diluted EPS": 1.4,
        "Total Revenue": NaN,
        "Gross Profit": NaN,
        "Operating Income": 702,
        "EBIT": 790,
        "Net Income": 247
    },
    "2014-12-31": {
        "Diluted EPS": 0.19,
        "Total Revenue": NaN,
        "Gross Profit": 600,
        "Operating Income": 83,
        "EBIT": 174,
        "Net Income": 34
    },
    "2014-09-30": {
        "Diluted EPS": -0.12,
        "Total Revenue": NaN,
        "Gross Profit": 493,
        "Operating Income": -9,
        "EBIT": 82,
        "Net Income": -20
    },
    "2014-06-30": {
        "Diluted EPS": 0.12,
        "Total Revenue": NaN,
        "Gross Profit": 560,
        "Operating Income": 63,
        "EBIT": 153,
        "Net Income": 21
    },
    "2014-03-31": {
        "Diluted EPS": 1.22,
        "Total Revenue": NaN,
        "Gross Profit": NaN,
        "Operating Income": 589,
        "EBIT": 676,
        "Net Income": 214
    },
    "2013-12-31": {
        "Diluted EPS": 0.7,
        "Total Revenue": NaN,
        "Gross Profit": 886,
        "Operating Income": 364,
        "EBIT": 458,
        "Net Income": 122
    },
    "2013-09-30": {
        "Diluted EPS": -0.1,
        "Total Revenue": NaN,
        "Gross Profit": 474,
        "Operating Income": -12,
        "EBIT": 82,
        "Net Income": -14
    },
    "2013-06-30": {
        "Diluted EPS": 0.05,
        "Total Revenue": NaN,
        "Gross Profit": 538,
        "Operating Income": 42,
        "EBIT": 133,
        "Net Income": 9
    },
    "2013-03-31": {
        "Diluted EPS": 1.05,
        "Total Revenue": NaN,
        "Gross Profit": NaN,
        "Operating Income": 508,
        "EBIT": 597,
        "Net Income": 181
    },
    "2012-12-31": {
        "Diluted EPS": 0.6,
        "Total Revenue": NaN,
        "Gross Profit": 803,
        "Operating Income": 294,
        "EBIT": 382,
        "Net Income": 103
    },
    "2012-09-30": {
        "Diluted EPS": -0.02,
        "Total Revenue": NaN,
        "Gross Profit": 467,
        "Operating Income": -11,
        "EBIT": 76,
        "Net Income": -4
    },
    "2012-06-30": {
        "Diluted EPS": -0.04,
        "Total Revenue": NaN,
        "Gross Profit": 467,
        "Operating Income": -19,
        "EBIT": 65,
        "Net Income": -6
    },
    "2012-03-31": {
        "Diluted EPS": 0.79,
        "Total Revenue": NaN,
        "Gross Profit": 901,
        "Operating Income": 381,
        "EBIT": 464,
        "Net Income": 133
    },
    "2011-12-31": {
        "Diluted EPS": 0.51,
        "Total Revenue": NaN,
        "Gross Profit": 587,
        "Operating Income": 188,
        "EBIT": 249,
        "Net Income": 87
    },
    "2011-09-30": {
        "Diluted EPS": -0.07,
        "Total Revenue": NaN,
        "Gross Profit": 374,
        "Operating Income": 37,
        "EBIT": 96,
        "Net Income": -10
    },
    "2011-06-30": {
        "Diluted EPS": -0.04,
        "Total Revenue": NaN,
        "Gross Profit": 374,
        "Operating Income": 17,
        "EBIT": 75,
        "Net Income": -7
    },
    "2011-03-31": {
        "Diluted EPS": 0.88,
        "Total Revenue": NaN,
        "Gross Profit": 757,
        "Operating Income": 357,
        "EBIT": 413,
        "Net Income": 149
    },
    "2010-12-31": {
        "Diluted EPS": 0.67,
        "Total Revenue": NaN,
        "Gross Profit": 603,
        "Operating Income": 231,
        "EBIT": 287,
        "Net Income": 113
    },
    "2010-09-30": {
        "Diluted EPS": 0.0,
        "Total Revenue": 890,
        "Gross Profit": 316,
        "Operating Income": 19,
        "EBIT": 72,
        "Net Income": 2
    },
    "2010-06-30": {
        "Diluted EPS": 0.02,
        "Total Revenue": 962,
        "Gross Profit": 346,
        "Operating Income": 31,
        "EBIT": 83,
        "Net Income": 3
    },
    "2010-03-31": {
        "Diluted EPS": 0.95,
        "Total Revenue": NaN,
        "Gross Profit": 753,
        "Operating Income": 366,
        "EBIT": 419,
        "Net Income": 157
    },
    "2009-12-31": {
        "Diluted EPS": 0.6,
        "Total Revenue": NaN,
        "Gross Profit": 592,
        "Operating Income": 243,
        "EBIT": 296,
        "Net Income": 98
    },
    "2009-09-30": {
        "Diluted EPS": -0.07,
        "Total Revenue": 859,
        "Gross Profit": 332,
        "Operating Income": -13,
        "EBIT": 39,
        "Net Income": -11
    },
    "2009-06-30": {
        "Diluted EPS": -0.02,
        "Total Revenue": 962,
        "Gross Profit": 371,
        "Operating Income": 34,
        "EBIT": 85,
        "Net Income": -4
    },
    "2009-03-31": {
        "Diluted EPS": 0.97,
        "Total Revenue": NaN,
        "Gross Profit": 758,
        "Operating Income": 375,
        "EBIT": 425,
        "Net Income": 158
    },
    "2023-09-30": {
        "Tax Effect Of Unusual Items": NaN,
        "Tax Rate For Calcs": NaN,
        "Normalized EBITDA": NaN,
        "Total Unusual Items": NaN,
        "Total Unusual Items Excluding Goodwill": NaN,
        "Net Income From Continuing Operation Net Minority Interest": NaN,
        "Reconciled Depreciation": NaN,
        "Reconciled Cost Of Revenue": NaN,
        "EBITDA": NaN,
        "EBIT": NaN,
        "Net Interest Income": NaN,
        "Interest Expense": NaN,
        "Normalized Income": NaN,
        "Net Income From Continuing And Discontinued Operation": NaN,
        "Total Expenses": NaN,
        "Total Operating Income As Reported": 237000000.0,
        "Diluted Average Shares": 215625000.0,
        "Basic Average Shares": 209767000.0,
        "Diluted EPS": 0.61,
        "Basic EPS": 0.62,
        "Diluted NI Availto Com Stockholders": NaN,
        "Net Income Common Stockholders": NaN,
        "Net Income": NaN,
        "Minority Interests": 0.0,
        "Net Income Including Noncontrolling Interests": NaN,
        "Net Income Continuous Operations": NaN,
        "Tax Provision": NaN,
        "Pretax Income": NaN,
        "Other Income Expense": NaN,
        "Other Non Operating Income Expenses": NaN,
        "Special Income Charges": NaN,
        "Gain On Sale Of Business": NaN,
        "Other Special Charges": 0.0,
        "Write Off": NaN,
        "Impairment Of Capital Assets": 0.0,
        "Earnings From Equity Interest": NaN,
        "Net Non Operating Interest Income Expense": NaN,
        "Interest Expense Non Operating": NaN,
        "Operating Income": NaN,
        "Operating Expense": NaN,
        "Other Operating Expenses": NaN,
        "Depreciation Amortization Depletion Income Statement": NaN,
        "Depreciation And Amortization In Income Statement": NaN,
        "Selling General And Administration": 519000000.0,
        "General And Administrative Expense": 519000000.0,
        "Other Gand A": 519000000.0,
        "Gross Profit": NaN,
        "Cost Of Revenue": NaN,
        "Total Revenue": NaN,
        "Operating Revenue": NaN
    },
    "2023-12-31": {
        "Tax Effect Of Unusual Items": -6066666.666667,
        "Tax Rate For Calcs": 0.216667,
        "Normalized EBITDA": 385000000.0,
        "Total Unusual Items": -28000000.0,
        "Total Unusual Items Excluding Goodwill": -28000000.0,
        "Net Income From Continuing Operation Net Minority Interest": 94000000.0,
        "Reconciled Depreciation": 137000000.0,
        "Reconciled Cost Of Revenue": 1202000000.0,
        "EBITDA": 357000000.0,
        "EBIT": 220000000.0,
        "Net Interest Income": -100000000.0,
        "Interest Expense": 100000000.0,
        "Normalized Income": 115933333.333333,
        "Net Income From Continuing And Discontinued Operation": 94000000.0,
        "Total Expenses": 1861000000.0,
        "Total Operating Income As Reported": 232000000.0,
        "Diluted Average Shares": 215570000.0,
        "Basic Average Shares": 209782000.0,
        "Diluted EPS": 0.44,
        "Basic EPS": 0.45,
        "Diluted NI Availto Com Stockholders": 94000000.0,
        "Net Income Common Stockholders": 94000000.0,
        "Net Income": 94000000.0,
        "Minority Interests": NaN,
        "Net Income Including Noncontrolling Interests": 94000000.0,
        "Net Income Continuous Operations": 94000000.0,
        "Tax Provision": 26000000.0,
        "Pretax Income": 120000000.0,
        "Other Income Expense": -40000000.0,
        "Other Non Operating Income Expenses": -13000000.0,
        "Special Income Charges": -28000000.0,
        "Gain On Sale Of Business": -28000000.0,
        "Other Special Charges": NaN,
        "Write Off": NaN,
        "Impairment Of Capital Assets": NaN,
        "Earnings From Equity Interest": 1000000.0,
        "Net Non Operating Interest Income Expense": -100000000.0,
        "Interest Expense Non Operating": 100000000.0,
        "Operating Income": 260000000.0,
        "Operating Expense": 659000000.0,
        "Other Operating Expenses": -8000000.0,
        "Depreciation Amortization Depletion Income Statement": 137000000.0,
        "Depreciation And Amortization In Income Statement": 137000000.0,
        "Selling General And Administration": 530000000.0,
        "General And Administrative Expense": 530000000.0,
        "Other Gand A": 530000000.0,
        "Gross Profit": 919000000.0,
        "Cost Of Revenue": 1202000000.0,
        "Total Revenue": 2121000000.0,
        "Operating Revenue": 2121000000.0
    },
    "2024-03-31": {
        "Tax Effect Of Unusual Items": 0.0,
        "Tax Rate For Calcs": 0.211447,
        "Normalized EBITDA": 867000000.0,
        "Total Unusual Items": 0.0,
        "Total Unusual Items Excluding Goodwill": 0.0,
        "Net Income From Continuing Operation Net Minority Interest": 496000000.0,
        "Reconciled Depreciation": 138000000.0,
        "Reconciled Cost Of Revenue": 1030000000.0,
        "EBITDA": 867000000.0,
        "EBIT": 729000000.0,
        "Net Interest Income": -100000000.0,
        "Interest Expense": 100000000.0,
        "Normalized Income": 496000000.0,
        "Net Income From Continuing And Discontinued Operation": 496000000.0,
        "Total Expenses": 1750000000.0,
        "Total Operating Income As Reported": 717000000.0,
        "Diluted Average Shares": 215245000.0,
        "Basic Average Shares": 209826000.0,
        "Diluted EPS": 2.3,
        "Basic EPS": 2.36,
        "Diluted NI Availto Com Stockholders": 496000000.0,
        "Net Income Common Stockholders": 496000000.0,
        "Net Income": 496000000.0,
        "Minority Interests": NaN,
        "Net Income Including Noncontrolling Interests": 496000000.0,
        "Net Income Continuous Operations": 496000000.0,
        "Tax Provision": 133000000.0,
        "Pretax Income": 629000000.0,
        "Other Income Expense": 12000000.0,
        "Other Non Operating Income Expenses": 11000000.0,
        "Special Income Charges": 0.0,
        "Gain On Sale Of Business": 0.0,
        "Other Special Charges": NaN,
        "Write Off": NaN,
        "Impairment Of Capital Assets": NaN,
        "Earnings From Equity Interest": 1000000.0,
        "Net Non Operating Interest Income Expense": -100000000.0,
        "Interest Expense Non Operating": 100000000.0,
        "Operating Income": 717000000.0,
        "Operating Expense": 720000000.0,
        "Other Operating Expenses": -9000000.0,
        "Depreciation Amortization Depletion Income Statement": 138000000.0,
        "Depreciation And Amortization In Income Statement": 138000000.0,
        "Selling General And Administration": 591000000.0,
        "General And Administrative Expense": 591000000.0,
        "Other Gand A": 591000000.0,
        "Gross Profit": 1437000000.0,
        "Cost Of Revenue": 1030000000.0,
        "Total Revenue": 2467000000.0,
        "Operating Revenue": 2467000000.0
    },
    "2024-06-30": {
        "Tax Effect Of Unusual Items": -8909090.909091,
        "Tax Rate For Calcs": 0.127273,
        "Normalized EBITDA": 250000000.0,
        "Total Unusual Items": -70000000.0,
        "Total Unusual Items Excluding Goodwill": -70000000.0,
        "Net Income From Continuing Operation Net Minority Interest": -48000000.0,
        "Reconciled Depreciation": 139000000.0,
        "Reconciled Cost Of Revenue": 639000000.0,
        "EBITDA": 180000000.0,
        "EBIT": 41000000.0,
        "Net Interest Income": -96000000.0,
        "Interest Expense": 96000000.0,
        "Normalized Income": 13090909.090909,
        "Net Income From Continuing And Discontinued Operation": -48000000.0,
        "Total Expenses": 1250000000.0,
        "Total Operating Income As Reported": NaN,
        "Diluted Average Shares": 210679000.0,
        "Basic Average Shares": 210679000.0,
        "Diluted EPS": -0.23,
        "Basic EPS": -0.23,
        "Diluted NI Availto Com Stockholders": -48000000.0,
        "Net Income Common Stockholders": -48000000.0,
        "Net Income": -48000000.0,
        "Minority Interests": NaN,
        "Net Income Including Noncontrolling Interests": -48000000.0,
        "Net Income Continuous Operations": -48000000.0,
        "Tax Provision": -7000000.0,
        "Pretax Income": -55000000.0,
        "Other Income Expense": -89000000.0,
        "Other Non Operating Income Expenses": 5000000.0,
        "Special Income Charges": -70000000.0,
        "Gain On Sale Of Business": -1000000.0,
        "Other Special Charges": 7000000.0,
        "Write Off": 62000000.0,
        "Impairment Of Capital Assets": 0.0,
        "Earnings From Equity Interest": -24000000.0,
        "Net Non Operating Interest Income Expense": -96000000.0,
        "Interest Expense Non Operating": 96000000.0,
        "Operating Income": 130000000.0,
        "Operating Expense": 611000000.0,
        "Other Operating Expenses": 472000000.0,
        "Depreciation Amortization Depletion Income Statement": 139000000.0,
        "Depreciation And Amortization In Income Statement": 139000000.0,
        "Selling General And Administration": NaN,
        "General And Administrative Expense": NaN,
        "Other Gand A": NaN,
        "Gross Profit": 741000000.0,
        "Cost Of Revenue": 639000000.0,
        "Total Revenue": 1380000000.0,
        "Operating Revenue": 1380000000.0
    },
    "2024-09-30": {
        "Tax Effect Of Unusual Items": -43703389.830508,
        "Tax Rate For Calcs": 0.228814,
        "Normalized EBITDA": 72000000.0,
        "Total Unusual Items": -191000000.0,
        "Total Unusual Items Excluding Goodwill": -191000000.0,
        "Net Income From Continuing Operation Net Minority Interest": -273000000.0,
        "Reconciled Depreciation": 137000000.0,
        "Reconciled Cost Of Revenue": 658000000.0,
        "EBITDA": -119000000.0,
        "EBIT": -256000000.0,
        "Net Interest Income": -71000000.0,
        "Interest Expense": 98000000.0,
        "Normalized Income": -125703389.830508,
        "Net Income From Continuing And Discontinued Operation": -273000000.0,
        "Total Expenses": 1340000000.0,
        "Total Operating Income As Reported": NaN,
        "Diluted Average Shares": NaN,
        "Basic Average Shares": NaN,
        "Diluted EPS": NaN,
        "Basic EPS": NaN,
        "Diluted NI Availto Com Stockholders": -273000000.0,
        "Net Income Common Stockholders": -273000000.0,
        "Net Income": -273000000.0,
        "Minority Interests": NaN,
        "Net Income Including Noncontrolling Interests": -273000000.0,
        "Net Income Continuous Operations": -273000000.0,
        "Tax Provision": -81000000.0,
        "Pretax Income": -354000000.0,
        "Other Income Expense": -185000000.0,
        "Other Non Operating Income Expenses": 3000000.0,
        "Special Income Charges": -179000000.0,
        "Gain On Sale Of Business": -66000000.0,
        "Other Special Charges": 2000000.0,
        "Write Off": NaN,
        "Impairment Of Capital Assets": 195000000.0,
        "Earnings From Equity Interest": 3000000.0,
        "Net Non Operating Interest Income Expense": -71000000.0,
        "Interest Expense Non Operating": 98000000.0,
        "Operating Income": -98000000.0,
        "Operating Expense": 682000000.0,
        "Other Operating Expenses": -1587000000.0,
        "Depreciation Amortization Depletion Income Statement": 137000000.0,
        "Depreciation And Amortization In Income Statement": 137000000.0,
        "Selling General And Administration": NaN,
        "General And Administrative Expense": NaN,
        "Other Gand A": NaN,
        "Gross Profit": 584000000.0,
        "Cost Of Revenue": 658000000.0,
        "Total Revenue": 1242000000.0,
        "Operating Revenue": 1242000000.0
    },
    "2024-12-31": {
        "Tax Effect Of Unusual Items": 0.0,
        "Tax Rate For Calcs": 0.100719,
        "Normalized EBITDA": 657000000.0,
        "Total Unusual Items": 0.0,
        "Total Unusual Items Excluding Goodwill": 0.0,
        "Net Income From Continuing Operation Net Minority Interest": 375000000.0,
        "Reconciled Depreciation": 138000000.0,
        "Reconciled Cost Of Revenue": 923000000.0,
        "EBITDA": 657000000.0,
        "EBIT": 519000000.0,
        "Net Interest Income": -102000000.0,
        "Interest Expense": 102000000.0,
        "Normalized Income": 375000000.0,
        "Net Income From Continuing And Discontinued Operation": 375000000.0,
        "Total Expenses": 1543000000.0,
        "Total Operating Income As Reported": 487000000.0,
        "Diluted Average Shares": 215695000.0,
        "Basic Average Shares": 214933000.0,
        "Diluted EPS": 1.74,
        "Basic EPS": 1.74,
        "Diluted NI Availto Com Stockholders": 375000000.0,
        "Net Income Common Stockholders": 375000000.0,
        "Net Income": 375000000.0,
        "Minority Interests": NaN,
        "Net Income Including Noncontrolling Interests": 375000000.0,
        "Net Income Continuous Operations": 375000000.0,
        "Tax Provision": 42000000.0,
        "Pretax Income": 417000000.0,
        "Other Income Expense": 32000000.0,
        "Other Non Operating Income Expenses": 29000000.0,
        "Special Income Charges": 0.0,
        "Gain On Sale Of Business": 0.0,
        "Other Special Charges": NaN,
        "Write Off": NaN,
        "Impairment Of Capital Assets": NaN,
        "Earnings From Equity Interest": 3000000.0,
        "Net Non Operating Interest Income Expense": -102000000.0,
        "Interest Expense Non Operating": 102000000.0,
        "Operating Income": 487000000.0,
        "Operating Expense": 620000000.0,
        "Other Operating Expenses": -15000000.0,
        "Depreciation Amortization Depletion Income Statement": 138000000.0,
        "Depreciation And Amortization In Income Statement": 138000000.0,
        "Selling General And Administration": 497000000.0,
        "General And Administrative Expense": 497000000.0,
        "Other Gand A": 497000000.0,
        "Gross Profit": 1107000000.0,
        "Cost Of Revenue": 923000000.0,
        "Total Revenue": 2030000000.0,
        "Operating Revenue": 2030000000.0
    }
}