{
    "2023-03-31": {
        "Tax Effect Of Unusual Items": NaN,
        "Tax Rate For Calcs": NaN,
        "Normalized EBITDA": NaN,
        "Total Unusual Items": NaN,
        "Total Unusual Items Excluding Goodwill": NaN,
        "Net Income From Continuing Operation Net Minority Interest": NaN,
        "Reconciled Depreciation": NaN,
        "Reconciled Cost Of Revenue": NaN,
        "EBITDA": NaN,
        "EBIT": NaN,
        "Net Interest Income": NaN,
        "Interest Expense": NaN,
        "Interest Income": NaN,
        "Normalized Income": NaN,
        "Net Income From Continuing And Discontinued Operation": NaN,
        "Total Expenses": NaN,
        "Diluted Average Shares": NaN,
        "Basic Average Shares": NaN,
        "Diluted EPS": NaN,
        "Basic EPS": NaN,
        "Diluted NI Availto Com Stockholders": NaN,
        "Net Income Common Stockholders": NaN,
        "Net Income": NaN,
        "Minority Interests": NaN,
        "Net Income Including Noncontrolling Interests": NaN,
        "Net Income Discontinuous Operations": 0.0,
        "Net Income Continuous Operations": NaN,
        "Tax Provision": NaN,
        "Pretax Income": NaN,
        "Other Income Expense": NaN,
        "Special Income Charges": NaN,
        "Gain On Sale Of Ppe": NaN,
        "Restructuring And Mergern Acquisition": NaN,
        "Earnings From Equity Interest": NaN,
        "Gain On Sale Of Security": -65891000.0,
        "Net Non Operating Interest Income Expense": NaN,
        "Total Other Finance Cost": 21980000.0,
        "Interest Expense Non Operating": NaN,
        "Interest Income Non Operating": NaN,
        "Operating Income": NaN,
        "Operating Expense": NaN,
        "Other Operating Expenses": NaN,
        "Selling General And Administration": NaN,
        "Selling And Marketing Expense": NaN,
        "General And Administrative Expense": NaN,
        "Other Gand A": NaN,
        "Gross Profit": NaN,
        "Cost Of Revenue": NaN,
        "Total Revenue": NaN,
        "Excise Taxes": 474099000.0,
        "Operating Revenue": NaN
    },
    "2022-12-31": {
        "Tax Effect Of Unusual Items": NaN,
        "Tax Rate For Calcs": NaN,
        "Normalized EBITDA": NaN,
        "Total Unusual Items": NaN,
        "Total Unusual Items Excluding Goodwill": NaN,
        "Net Income From Continuing Operation Net Minority Interest": NaN,
        "Reconciled Depreciation": NaN,
        "Reconciled Cost Of Revenue": NaN,
        "EBITDA": NaN,
        "EBIT": NaN,
        "Net Interest Income": NaN,
        "Interest Expense": NaN,
        "Interest Income": NaN,
        "Normalized Income": NaN,
        "Net Income From Continuing And Discontinued Operation": NaN,
        "Total Expenses": NaN,
        "Diluted Average Shares": NaN,
        "Basic Average Shares": NaN,
        "Diluted EPS": NaN,
        "Basic EPS": NaN,
        "Diluted NI Availto Com Stockholders": NaN,
        "Net Income Common Stockholders": NaN,
        "Net Income": NaN,
        "Minority Interests": NaN,
        "Net Income Including Noncontrolling Interests": NaN,
        "Net Income Discontinuous Operations": -7648000.0,
        "Net Income Continuous Operations": NaN,
        "Tax Provision": NaN,
        "Pretax Income": NaN,
        "Other Income Expense": NaN,
        "Special Income Charges": NaN,
        "Gain On Sale Of Ppe": NaN,
        "Restructuring And Mergern Acquisition": NaN,
        "Earnings From Equity Interest": NaN,
        "Gain On Sale Of Security": -8651000.0,
        "Net Non Operating Interest Income Expense": NaN,
        "Total Other Finance Cost": -92934000.0,
        "Interest Expense Non Operating": NaN,
        "Interest Income Non Operating": NaN,
        "Operating Income": NaN,
        "Operating Expense": NaN,
        "Other Operating Expenses": NaN,
        "Selling General And Administration": NaN,
        "Selling And Marketing Expense": NaN,
        "General And Administrative Expense": NaN,
        "Other Gand A": NaN,
        "Gross Profit": NaN,
        "Cost Of Revenue": NaN,
        "Total Revenue": NaN,
        "Excise Taxes": NaN,
        "Operating Revenue": NaN
    },
    "2022-09-30": {
        "Tax Effect Of Unusual Items": NaN,
        "Tax Rate For Calcs": NaN,
        "Normalized EBITDA": NaN,
        "Total Unusual Items": NaN,
        "Total Unusual Items Excluding Goodwill": NaN,
        "Net Income From Continuing Operation Net Minority Interest": NaN,
        "Reconciled Depreciation": NaN,
        "Reconciled Cost Of Revenue": NaN,
        "EBITDA": NaN,
        "EBIT": NaN,
        "Net Interest Income": NaN,
        "Interest Expense": NaN,
        "Interest Income": NaN,
        "Normalized Income": NaN,
        "Net Income From Continuing And Discontinued Operation": NaN,
        "Total Expenses": NaN,
        "Diluted Average Shares": 1097331000.0,
        "Basic Average Shares": 1091254000.0,
        "Diluted EPS": 0.0666,
        "Basic EPS": 0.067,
        "Diluted NI Availto Com Stockholders": NaN,
        "Net Income Common Stockholders": NaN,
        "Net Income": NaN,
        "Minority Interests": NaN,
        "Net Income Including Noncontrolling Interests": NaN,
        "Net Income Discontinuous Operations": NaN,
        "Net Income Continuous Operations": NaN,
        "Tax Provision": NaN,
        "Pretax Income": NaN,
        "Other Income Expense": NaN,
        "Special Income Charges": NaN,
        "Gain On Sale Of Ppe": NaN,
        "Earnings From Equity Interest": NaN,
        "Gain On Sale Of Security": NaN,
        "Net Non Operating Interest Income Expense": NaN,
        "Total Other Finance Cost": NaN,
        "Interest Expense Non Operating": NaN,
        "Interest Income Non Operating": NaN,
        "Operating Income": NaN,
        "Operating Expense": NaN,
        "Other Operating Expenses": NaN,
        "Selling General And Administration": NaN,
        "Selling And Marketing Expense": NaN,
        "General And Administrative Expense": NaN,
        "Other Gand A": NaN,
        "Gross Profit": NaN,
        "Cost Of Revenue": NaN,
        "Total Revenue": NaN,
        "Excise Taxes": NaN,
        "Operating Revenue": NaN
    },
    "2022-06-30": {
        "Tax Effect Of Unusual Items": 22232800.0,
        "Tax Rate For Calcs": 0.4,
        "Normalized EBITDA": 1159188000.0,
        "Total Unusual Items": 55582000.0,
        "Total Unusual Items Excluding Goodwill": 55582000.0,
        "Net Income From Continuing Operation Net Minority Interest": 389970000.0,
        "Reconciled Depreciation": 181597000.0,
        "Reconciled Cost Of Revenue": 35027513000.0,
        "EBITDA": 1214770000.0,
        "EBIT": 1033173000.0,
        "Net Interest Income": -498630000.0,
        "Interest Expense": 708328000.0,
        "Interest Income": 209698000.0,
        "Normalized Income": 356620800.0,
        "Net Income From Continuing And Discontinued Operation": 452867000.0,
        "Total Expenses": 36119208000.0,
        "Diluted Average Shares": 1096839000.0,
        "Basic Average Shares": 1090920000.0,
        "Diluted EPS": 0.4129,
        "Basic EPS": 0.4151,
        "Diluted NI Availto Com Stockholders": 452867000.0,
        "Net Income Common Stockholders": 452867000.0,
        "Net Income": 452867000.0,
        "Minority Interests": -7068000.0,
        "Net Income Including Noncontrolling Interests": 459935000.0,
        "Net Income Discontinuous Operations": 62897000.0,
        "Net Income Continuous Operations": 397038000.0,
        "Tax Provision": -72193000.0,
        "Pretax Income": 324845000.0,
        "Other Income Expense": 63306000.0,
        "Special Income Charges": 55582000.0,
        "Gain On Sale Of Ppe": 55582000.0,
        "Earnings From Equity Interest": 7724000.0,
        "Gain On Sale Of Security": NaN,
        "Net Non Operating Interest Income Expense": -498630000.0,
        "Total Other Finance Cost": NaN,
        "Interest Expense Non Operating": 708328000.0,
        "Interest Income Non Operating": 209698000.0,
        "Operating Income": 760169000.0,
        "Operating Expense": 1091695000.0,
        "Other Operating Expenses": 136878000.0,
        "Selling General And Administration": 954817000.0,
        "Selling And Marketing Expense": 546599000.0,
        "General And Administrative Expense": 408218000.0,
        "Other Gand A": 408218000.0,
        "Gross Profit": 1851864000.0,
        "Cost Of Revenue": 35027513000.0,
        "Total Revenue": 36879377000.0,
        "Excise Taxes": NaN,
        "Operating Revenue": 36879377000.0
    },
    "2022-03-31": {
        "Diluted EPS": 0.08,
        "Total Revenue": NaN,
        "Gross Profit": 281,
        "Operating Income": 106,
        "EBIT": 170,
        "Net Income": 87
    },
    "2021-12-31": {
        "Diluted EPS": 0.11,
        "Total Revenue": NaN,
        "Gross Profit": -32,
        "Operating Income": 107,
        "EBIT": 95,
        "Net Income": 69
    },
    "2021-09-30": {
        "Diluted EPS": 0.06,
        "Total Revenue": NaN,
        "Gross Profit": 344,
        "Operating Income": 110,
        "EBIT": 192,
        "Net Income": 71
    },
    "2021-06-30": {
        "Diluted EPS": -0.05,
        "Total Revenue": NaN,
        "Gross Profit": 282,
        "Operating Income": 7,
        "EBIT": 89,
        "Net Income": -6
    },
    "2021-03-31": {
        "Diluted EPS": 0.02,
        "Total Revenue": NaN,
        "Gross Profit": 314,
        "Operating Income": 107,
        "EBIT": 177,
        "Net Income": 24
    },
    "2020-12-31": {
        "Diluted EPS": 0.07,
        "Total Revenue": NaN,
        "Gross Profit": 269,
        "Operating Income": 92,
        "EBIT": 178,
        "Net Income": 80
    },
    "2020-09-30": {
        "Diluted EPS": 0.05,
        "Total Revenue": NaN,
        "Gross Profit": 305,
        "Operating Income": 112,
        "EBIT": 186,
        "Net Income": 49
    },
    "2020-06-30": {
        "Diluted EPS": 0.01,
        "Total Revenue": NaN,
        "Gross Profit": 196,
        "Operating Income": 37,
        "EBIT": 94,
        "Net Income": 8
    },
    "2020-03-31": {
        "Diluted EPS": 0.03,
        "Total Revenue": NaN,
        "Gross Profit": 319,
        "Operating Income": 110,
        "EBIT": 198,
        "Net Income": 36
    },
    "2019-12-31": {
        "Diluted EPS": -0.07,
        "Total Revenue": NaN,
        "Gross Profit": 397,
        "Operating Income": -15,
        "EBIT": 84,
        "Net Income": -70
    },
    "2019-09-30": {
        "Diluted EPS": 0.07,
        "Total Revenue": NaN,
        "Gross Profit": 410,
        "Operating Income": 156,
        "EBIT": 248,
        "Net Income": 75
    },
    "2019-06-30": {
        "Diluted EPS": 0.02,
        "Total Revenue": NaN,
        "Gross Profit": 359,
        "Operating Income": 78,
        "EBIT": 171,
        "Net Income": 28
    },
    "2019-03-31": {
        "Diluted EPS": 0.06,
        "Total Revenue": NaN,
        "Gross Profit": 384,
        "Operating Income": 111,
        "EBIT": 211,
        "Net Income": 62
    },
    "2018-12-31": {
        "Diluted EPS": -0.02,
        "Total Revenue": NaN,
        "Gross Profit": 398,
        "Operating Income": 193,
        "EBIT": 293,
        "Net Income": 142
    },
    "2018-09-30": {
        "Diluted EPS": 0.08,
        "Total Revenue": NaN,
        "Gross Profit": 413,
        "Operating Income": 141,
        "EBIT": 203,
        "Net Income": 83
    },
    "2018-06-30": {
        "Diluted EPS": 0.06,
        "Total Revenue": NaN,
        "Gross Profit": 406,
        "Operating Income": 120,
        "EBIT": 193,
        "Net Income": 67
    },
    "2018-03-31": {
        "Diluted EPS": 0.02,
        "Total Revenue": NaN,
        "Gross Profit": 469,
        "Operating Income": 65,
        "EBIT": 159,
        "Net Income": 23
    },
    "2017-12-31": {
        "Diluted EPS": 0.11,
        "Total Revenue": NaN,
        "Gross Profit": 590,
        "Operating Income": 231,
        "EBIT": 325,
        "Net Income": 124
    },
    "2017-09-30": {
        "Diluted EPS": 0.16,
        "Total Revenue": NaN,
        "Gross Profit": 657,
        "Operating Income": 302,
        "EBIT": 394,
        "Net Income": 176
    },
    "2017-06-30": {
        "Diluted EPS": 0.07,
        "Total Revenue": NaN,
        "Gross Profit": 493,
        "Operating Income": 151,
        "EBIT": 242,
        "Net Income": 77
    },
    "2017-03-31": {
        "Diluted EPS": 0.11,
        "Total Revenue": NaN,
        "Gross Profit": 537,
        "Operating Income": 214,
        "EBIT": 309,
        "Net Income": 117
    },
    "2016-12-31": {
        "Diluted EPS": 0.12,
        "Total Revenue": NaN,
        "Gross Profit": 535,
        "Operating Income": 248,
        "EBIT": 312,
        "Net Income": 128
    },
    "2016-09-30": {
        "Diluted EPS": 0.11,
        "Total Revenue": NaN,
        "Gross Profit": 550,
        "Operating Income": 232,
        "EBIT": 330,
        "Net Income": 116
    },
    "2016-06-30": {
        "Diluted EPS": 0.1,
        "Total Revenue": NaN,
        "Gross Profit": 484,
        "Operating Income": 207,
        "EBIT": 295,
        "Net Income": 104
    },
    "2016-03-31": {
        "Diluted EPS": 0.09,
        "Total Revenue": NaN,
        "Gross Profit": 442,
        "Operating Income": 203,
        "EBIT": 273,
        "Net Income": 99
    },
    "2015-12-31": {
        "Diluted EPS": 0.12,
        "Total Revenue": NaN,
        "Gross Profit": 406,
        "Operating Income": 145,
        "EBIT": 246,
        "Net Income": 128
    },
    "2015-09-30": {
        "Diluted EPS": 0.08,
        "Total Revenue": NaN,
        "Gross Profit": 451,
        "Operating Income": 178,
        "EBIT": 231,
        "Net Income": 84
    },
    "2015-06-30": {
        "Diluted EPS": 0.1,
        "Total Revenue": NaN,
        "Gross Profit": 495,
        "Operating Income": 188,
        "EBIT": 260,
        "Net Income": 107
    },
    "2015-03-31": {
        "Diluted EPS": 0.12,
        "Total Revenue": NaN,
        "Gross Profit": 124,
        "Operating Income": -183,
        "EBIT": -100,
        "Net Income": 126
    },
    "2014-12-31": {
        "Diluted EPS": 0.12,
        "Total Revenue": NaN,
        "Gross Profit": -256,
        "Operating Income": -584,
        "EBIT": -492,
        "Net Income": 129
    },
    "2014-09-30": {
        "Diluted EPS": 0.12,
        "Total Revenue": NaN,
        "Gross Profit": -133,
        "Operating Income": -488,
        "EBIT": -394,
        "Net Income": 130
    },
    "2014-06-30": {
        "Diluted EPS": 0.12,
        "Total Revenue": NaN,
        "Gross Profit": 396,
        "Operating Income": 53,
        "EBIT": 156,
        "Net Income": 131
    },
    "2014-03-31": {
        "Diluted EPS": 0.1,
        "Total Revenue": NaN,
        "Gross Profit": 969,
        "Operating Income": 635,
        "EBIT": 726,
        "Net Income": 111
    },
    "2013-12-31": {
        "Diluted EPS": 0.15,
        "Total Revenue": NaN,
        "Gross Profit": 112,
        "Operating Income": -186,
        "EBIT": -77,
        "Net Income": 156
    },
    "2013-09-30": {
        "Diluted EPS": 0.14,
        "Total Revenue": NaN,
        "Gross Profit": 557,
        "Operating Income": 252,
        "EBIT": 319,
        "Net Income": 143
    },
    "2013-06-30": {
        "Diluted EPS": 0.12,
        "Total Revenue": NaN,
        "Gross Profit": -172,
        "Operating Income": -491,
        "EBIT": -400,
        "Net Income": 123
    },
    "2013-03-31": {
        "Diluted EPS": 0.12,
        "Total Revenue": NaN,
        "Gross Profit": 474,
        "Operating Income": 152,
        "EBIT": 247,
        "Net Income": 123
    },
    "2012-12-31": {
        "Diluted EPS": 0.15,
        "Total Revenue": NaN,
        "Gross Profit": 800,
        "Operating Income": 456,
        "EBIT": 563,
        "Net Income": 153
    },
    "2012-09-30": {
        "Diluted EPS": 0.13,
        "Total Revenue": NaN,
        "Gross Profit": 452,
        "Operating Income": 145,
        "EBIT": 229,
        "Net Income": 141
    },
    "2012-06-30": {
        "Diluted EPS": 0.11,
        "Total Revenue": NaN,
        "Gross Profit": 193,
        "Operating Income": -121,
        "EBIT": -44,
        "Net Income": 113
    },
    "2012-03-31": {
        "Diluted EPS": 0.1,
        "Total Revenue": NaN,
        "Gross Profit": -28,
        "Operating Income": -348,
        "EBIT": -256,
        "Net Income": 100
    },
    "2011-12-31": {
        "Diluted EPS": 0.12,
        "Total Revenue": NaN,
        "Gross Profit": 815,
        "Operating Income": 513,
        "EBIT": 599,
        "Net Income": 128
    },
    "2011-09-30": {
        "Diluted EPS": 0.12,
        "Total Revenue": NaN,
        "Gross Profit": -18,
        "Operating Income": -354,
        "EBIT": -266,
        "Net Income": 127
    },
    "2011-06-30": {
        "Diluted EPS": 0.13,
        "Total Revenue": NaN,
        "Gross Profit": 502,
        "Operating Income": 186,
        "EBIT": 278,
        "Net Income": 133
    },
    "2011-03-31": {
        "Diluted EPS": 0.11,
        "Total Revenue": NaN,
        "Gross Profit": 497,
        "Operating Income": 195,
        "EBIT": 277,
        "Net Income": 116
    },
    "2010-12-31": {
        "Diluted EPS": 0.13,
        "Total Revenue": NaN,
        "Gross Profit": 279,
        "Operating Income": -9,
        "EBIT": 66,
        "Net Income": 141
    },
    "2010-09-30": {
        "Diluted EPS": 0.12,
        "Total Revenue": NaN,
        "Gross Profit": 621,
        "Operating Income": 348,
        "EBIT": 465,
        "Net Income": 124
    },
    "2010-06-30": {
        "Diluted EPS": 0.1,
        "Total Revenue": NaN,
        "Gross Profit": 542,
        "Operating Income": 269,
        "EBIT": 323,
        "Net Income": 111
    },
    "2010-03-31": {
        "Diluted EPS": 0.07,
        "Total Revenue": NaN,
        "Gross Profit": 408,
        "Operating Income": 150,
        "EBIT": 206,
        "Net Income": 78
    },
    "2009-12-31": {
        "Diluted EPS": 0.08,
        "Total Revenue": NaN,
        "Gross Profit": 477,
        "Operating Income": 206,
        "EBIT": 257,
        "Net Income": 83
    },
    "2009-09-30": {
        "Diluted EPS": 0.07,
        "Total Revenue": NaN,
        "Gross Profit": 850,
        "Operating Income": 595,
        "EBIT": 669,
        "Net Income": 78
    },
    "2009-06-30": {
        "Diluted EPS": 0.05,
        "Total Revenue": NaN,
        "Gross Profit": 614,
        "Operating Income": 382,
        "EBIT": 438,
        "Net Income": 48
    },
    "2009-03-31": {
        "Diluted EPS": 0.04,
        "Total Revenue": NaN,
        "Gross Profit": 558,
        "Operating Income": 407,
        "EBIT": 449,
        "Net Income": 44
    },
    "2023-06-30": {
        "Tax Effect Of Unusual Items": NaN,
        "Tax Rate For Calcs": NaN,
        "Normalized EBITDA": NaN,
        "Total Unusual Items": NaN,
        "Total Unusual Items Excluding Goodwill": NaN,
        "Net Income From Continuing Operation Net Minority Interest": NaN,
        "Reconciled Depreciation": NaN,
        "Reconciled Cost Of Revenue": NaN,
        "EBITDA": NaN,
        "EBIT": NaN,
        "Net Interest Income": NaN,
        "Interest Expense": NaN,
        "Interest Income": NaN,
        "Normalized Income": NaN,
        "Net Income From Continuing And Discontinued Operation": NaN,
        "Total Expenses": NaN,
        "Diluted Average Shares": 1104110000.0,
        "Basic Average Shares": 1095037000.0,
        "Diluted EPS": 0.1937,
        "Basic EPS": 0.1953,
        "Diluted NI Availto Com Stockholders": NaN,
        "Net Income Common Stockholders": NaN,
        "Net Income": NaN,
        "Minority Interests": NaN,
        "Net Income Including Noncontrolling Interests": NaN,
        "Net Income Discontinuous Operations": 0.0,
        "Net Income Continuous Operations": NaN,
        "Tax Provision": NaN,
        "Pretax Income": NaN,
        "Other Income Expense": NaN,
        "Special Income Charges": NaN,
        "Gain On Sale Of Ppe": NaN,
        "Restructuring And Mergern Acquisition": 0.0,
        "Earnings From Equity Interest": NaN,
        "Gain On Sale Of Security": NaN,
        "Net Non Operating Interest Income Expense": NaN,
        "Total Other Finance Cost": NaN,
        "Interest Expense Non Operating": NaN,
        "Interest Income Non Operating": NaN,
        "Operating Income": NaN,
        "Operating Expense": NaN,
        "Other Operating Expenses": NaN,
        "Selling General And Administration": NaN,
        "Selling And Marketing Expense": NaN,
        "General And Administrative Expense": NaN,
        "Other Gand A": NaN,
        "Gross Profit": NaN,
        "Cost Of Revenue": NaN,
        "Total Revenue": NaN,
        "Excise Taxes": NaN,
        "Operating Revenue": NaN
    },
    "2023-09-30": {
        "Tax Effect Of Unusual Items": NaN,
        "Tax Rate For Calcs": NaN,
        "Normalized EBITDA": NaN,
        "Total Unusual Items": NaN,
        "Total Unusual Items Excluding Goodwill": NaN,
        "Net Income From Continuing Operation Net Minority Interest": NaN,
        "Reconciled Depreciation": NaN,
        "Reconciled Cost Of Revenue": NaN,
        "EBITDA": NaN,
        "EBIT": NaN,
        "Net Interest Income": NaN,
        "Interest Expense": NaN,
        "Interest Income": NaN,
        "Normalized Income": NaN,
        "Net Income From Continuing And Discontinued Operation": NaN,
        "Total Expenses": NaN,
        "Diluted Average Shares": 1104256000.0,
        "Basic Average Shares": 1095190000.0,
        "Diluted EPS": 0.7832,
        "Basic EPS": 0.7897,
        "Diluted NI Availto Com Stockholders": NaN,
        "Net Income Common Stockholders": NaN,
        "Net Income": NaN,
        "Minority Interests": NaN,
        "Net Income Including Noncontrolling Interests": NaN,
        "Net Income Discontinuous Operations": 0.0,
        "Net Income Continuous Operations": NaN,
        "Tax Provision": NaN,
        "Pretax Income": NaN,
        "Other Income Expense": NaN,
        "Special Income Charges": NaN,
        "Gain On Sale Of Ppe": NaN,
        "Restructuring And Mergern Acquisition": NaN,
        "Earnings From Equity Interest": NaN,
        "Gain On Sale Of Security": NaN,
        "Net Non Operating Interest Income Expense": NaN,
        "Total Other Finance Cost": NaN,
        "Interest Expense Non Operating": NaN,
        "Interest Income Non Operating": NaN,
        "Operating Income": NaN,
        "Operating Expense": NaN,
        "Other Operating Expenses": NaN,
        "Selling General And Administration": NaN,
        "Selling And Marketing Expense": NaN,
        "General And Administrative Expense": NaN,
        "Other Gand A": NaN,
        "Gross Profit": NaN,
        "Cost Of Revenue": NaN,
        "Total Revenue": NaN,
        "Excise Taxes": NaN,
        "Operating Revenue": NaN
    },
    "2023-12-31": {
        "Tax Effect Of Unusual Items": NaN,
        "Tax Rate For Calcs": NaN,
        "Normalized EBITDA": NaN,
        "Total Unusual Items": NaN,
        "Total Unusual Items Excluding Goodwill": NaN,
        "Net Income From Continuing Operation Net Minority Interest": NaN,
        "Reconciled Depreciation": NaN,
        "Reconciled Cost Of Revenue": NaN,
        "EBITDA": NaN,
        "EBIT": NaN,
        "Net Interest Income": NaN,
        "Interest Expense": NaN,
        "Interest Income": NaN,
        "Normalized Income": NaN,
        "Net Income From Continuing And Discontinued Operation": NaN,
        "Total Expenses": NaN,
        "Diluted Average Shares": NaN,
        "Basic Average Shares": NaN,
        "Diluted EPS": NaN,
        "Basic EPS": NaN,
        "Diluted NI Availto Com Stockholders": NaN,
        "Net Income Common Stockholders": NaN,
        "Net Income": NaN,
        "Minority Interests": NaN,
        "Net Income Including Noncontrolling Interests": NaN,
        "Net Income Discontinuous Operations": 0.0,
        "Net Income Continuous Operations": NaN,
        "Tax Provision": NaN,
        "Pretax Income": NaN,
        "Other Income Expense": NaN,
        "Special Income Charges": NaN,
        "Gain On Sale Of Ppe": NaN,
        "Restructuring And Mergern Acquisition": NaN,
        "Earnings From Equity Interest": NaN,
        "Gain On Sale Of Security": 118992000.0,
        "Net Non Operating Interest Income Expense": NaN,
        "Total Other Finance Cost": -30417000.0,
        "Interest Expense Non Operating": NaN,
        "Interest Income Non Operating": NaN,
        "Operating Income": NaN,
        "Operating Expense": NaN,
        "Other Operating Expenses": NaN,
        "Selling General And Administration": NaN,
        "Selling And Marketing Expense": NaN,
        "General And Administrative Expense": NaN,
        "Other Gand A": NaN,
        "Gross Profit": NaN,
        "Cost Of Revenue": NaN,
        "Total Revenue": NaN,
        "Excise Taxes": NaN,
        "Operating Revenue": NaN
    },
    "2024-03-31": {
        "Tax Effect Of Unusual Items": NaN,
        "Tax Rate For Calcs": NaN,
        "Normalized EBITDA": NaN,
        "Total Unusual Items": NaN,
        "Total Unusual Items Excluding Goodwill": NaN,
        "Net Income From Continuing Operation Net Minority Interest": NaN,
        "Reconciled Depreciation": NaN,
        "Reconciled Cost Of Revenue": NaN,
        "EBITDA": NaN,
        "EBIT": NaN,
        "Net Interest Income": NaN,
        "Interest Expense": NaN,
        "Interest Income": NaN,
        "Normalized Income": NaN,
        "Net Income From Continuing And Discontinued Operation": NaN,
        "Total Expenses": NaN,
        "Diluted Average Shares": 1111626000.0,
        "Basic Average Shares": 1099019000.0,
        "Diluted EPS": 0.3881,
        "Basic EPS": 0.3926,
        "Diluted NI Availto Com Stockholders": NaN,
        "Net Income Common Stockholders": NaN,
        "Net Income": NaN,
        "Minority Interests": NaN,
        "Net Income Including Noncontrolling Interests": NaN,
        "Net Income Discontinuous Operations": NaN,
        "Net Income Continuous Operations": NaN,
        "Tax Provision": NaN,
        "Pretax Income": NaN,
        "Other Income Expense": NaN,
        "Special Income Charges": NaN,
        "Gain On Sale Of Ppe": NaN,
        "Restructuring And Mergern Acquisition": NaN,
        "Earnings From Equity Interest": NaN,
        "Gain On Sale Of Security": -97259000.0,
        "Net Non Operating Interest Income Expense": NaN,
        "Total Other Finance Cost": 36396000.0,
        "Interest Expense Non Operating": NaN,
        "Interest Income Non Operating": NaN,
        "Operating Income": NaN,
        "Operating Expense": NaN,
        "Other Operating Expenses": NaN,
        "Selling General And Administration": NaN,
        "Selling And Marketing Expense": NaN,
        "General And Administrative Expense": NaN,
        "Other Gand A": NaN,
        "Gross Profit": NaN,
        "Cost Of Revenue": NaN,
        "Total Revenue": NaN,
        "Excise Taxes": 881090000.0,
        "Operating Revenue": NaN
    },
    "2024-06-30": {
        "Tax Effect Of Unusual Items": 9969424.062914,
        "Tax Rate For Calcs": 0.281694,
        "Normalized EBITDA": 1458741000.0,
        "Total Unusual Items": 35391000.0,
        "Total Unusual Items Excluding Goodwill": 35391000.0,
        "Net Income From Continuing Operation Net Minority Interest": 437915000.0,
        "Reconciled Depreciation": 323950000.0,
        "Reconciled Cost Of Revenue": 30235855000.0,
        "EBITDA": 1494132000.0,
        "EBIT": 1170182000.0,
        "Net Interest Income": -205748000.0,
        "Interest Expense": 486333000.0,
        "Interest Income": 280585000.0,
        "Normalized Income": 412493424.062914,
        "Net Income From Continuing And Discontinued Operation": 437915000.0,
        "Total Expenses": 31481728000.0,
        "Diluted Average Shares": 1119410000.0,
        "Basic Average Shares": 1103371000.0,
        "Diluted EPS": 0.3912,
        "Basic EPS": 0.3969,
        "Diluted NI Availto Com Stockholders": 437915000.0,
        "Net Income Common Stockholders": 437915000.0,
        "Net Income": 437915000.0,
        "Minority Interests": -53298000.0,
        "Net Income Including Noncontrolling Interests": 491213000.0,
        "Net Income Discontinuous Operations": 0.0,
        "Net Income Continuous Operations": 491213000.0,
        "Tax Provision": 192636000.0,
        "Pretax Income": 683849000.0,
        "Other Income Expense": 27378000.0,
        "Special Income Charges": 35391000.0,
        "Gain On Sale Of Ppe": 37073000.0,
        "Restructuring And Mergern Acquisition": 1682000.0,
        "Earnings From Equity Interest": -8013000.0,
        "Gain On Sale Of Security": NaN,
        "Net Non Operating Interest Income Expense": -205748000.0,
        "Total Other Finance Cost": NaN,
        "Interest Expense Non Operating": 486333000.0,
        "Interest Income Non Operating": 280585000.0,
        "Operating Income": 862219000.0,
        "Operating Expense": 1245873000.0,
        "Other Operating Expenses": 88242000.0,
        "Selling General And Administration": 1157631000.0,
        "Selling And Marketing Expense": 644129000.0,
        "General And Administrative Expense": 513502000.0,
        "Other Gand A": 513502000.0,
        "Gross Profit": 2108092000.0,
        "Cost Of Revenue": 30235855000.0,
        "Total Revenue": 32343947000.0,
        "Excise Taxes": NaN,
        "Operating Revenue": 32343947000.0
    },
    "2024-09-30": {
        "Tax Effect Of Unusual Items": 9504656.921089,
        "Tax Rate For Calcs": 0.305882,
        "Normalized EBITDA": 1604434000.0,
        "Total Unusual Items": 31073000.0,
        "Total Unusual Items Excluding Goodwill": 31073000.0,
        "Net Income From Continuing Operation Net Minority Interest": 651582000.0,
        "Reconciled Depreciation": 300238000.0,
        "Reconciled Cost Of Revenue": 33075501000.0,
        "EBITDA": 1635507000.0,
        "EBIT": 1335269000.0,
        "Net Interest Income": -108261000.0,
        "Interest Expense": 329069000.0,
        "Interest Income": 220808000.0,
        "Normalized Income": 630013656.921089,
        "Net Income From Continuing And Discontinued Operation": 651582000.0,
        "Total Expenses": 34278411000.0,
        "Diluted Average Shares": 1119907000.0,
        "Basic Average Shares": 1103872000.0,
        "Diluted EPS": 0.5818,
        "Basic EPS": 0.5903,
        "Diluted NI Availto Com Stockholders": 651582000.0,
        "Net Income Common Stockholders": 651582000.0,
        "Net Income": 651582000.0,
        "Minority Interests": -46840000.0,
        "Net Income Including Noncontrolling Interests": 698422000.0,
        "Net Income Discontinuous Operations": NaN,
        "Net Income Continuous Operations": 698422000.0,
        "Tax Provision": 307778000.0,
        "Pretax Income": 1006200000.0,
        "Other Income Expense": 35200000.0,
        "Special Income Charges": 31073000.0,
        "Gain On Sale Of Ppe": 31480000.0,
        "Restructuring And Mergern Acquisition": 407000.0,
        "Earnings From Equity Interest": 4127000.0,
        "Gain On Sale Of Security": NaN,
        "Net Non Operating Interest Income Expense": -108261000.0,
        "Total Other Finance Cost": NaN,
        "Interest Expense Non Operating": 329069000.0,
        "Interest Income Non Operating": 220808000.0,
        "Operating Income": 1079261000.0,
        "Operating Expense": 1202910000.0,
        "Other Operating Expenses": 111377000.0,
        "Selling General And Administration": 1091533000.0,
        "Selling And Marketing Expense": 671002000.0,
        "General And Administrative Expense": 420531000.0,
        "Other Gand A": 420531000.0,
        "Gross Profit": 2282171000.0,
        "Cost Of Revenue": 33075501000.0,
        "Total Revenue": 35357672000.0,
        "Excise Taxes": NaN,
        "Operating Revenue": 35357672000.0
    },
    "2024-12-31": {
        "Tax Effect Of Unusual Items": -27651860.0,
        "Tax Rate For Calcs": 0.34,
        "Normalized EBITDA": 2388228000.0,
        "Total Unusual Items": -81329000.0,
        "Total Unusual Items Excluding Goodwill": -81329000.0,
        "Net Income From Continuing Operation Net Minority Interest": 841769000.0,
        "Reconciled Depreciation": 308770000.0,
        "Reconciled Cost Of Revenue": 32165847000.0,
        "EBITDA": 2306899000.0,
        "EBIT": 1998129000.0,
        "Net Interest Income": -206680000.0,
        "Interest Expense": 341241000.0,
        "Interest Income": 180174000.0,
        "Normalized Income": 895446140.0,
        "Net Income From Continuing And Discontinued Operation": 841769000.0,
        "Total Expenses": 33336283000.0,
        "Diluted Average Shares": NaN,
        "Basic Average Shares": NaN,
        "Diluted EPS": NaN,
        "Basic EPS": NaN,
        "Diluted NI Availto Com Stockholders": 841769000.0,
        "Net Income Common Stockholders": 841769000.0,
        "Net Income": 841769000.0,
        "Minority Interests": -39050000.0,
        "Net Income Including Noncontrolling Interests": 880819000.0,
        "Net Income Discontinuous Operations": NaN,
        "Net Income Continuous Operations": 880819000.0,
        "Tax Provision": 776069000.0,
        "Pretax Income": 1656888000.0,
        "Other Income Expense": -201541000.0,
        "Special Income Charges": 66072000.0,
        "Gain On Sale Of Ppe": 66476000.0,
        "Restructuring And Mergern Acquisition": 404000.0,
        "Earnings From Equity Interest": -120212000.0,
        "Gain On Sale Of Security": -147401000.0,
        "Net Non Operating Interest Income Expense": -206680000.0,
        "Total Other Finance Cost": 45613000.0,
        "Interest Expense Non Operating": 341241000.0,
        "Interest Income Non Operating": 180174000.0,
        "Operating Income": 2065109000.0,
        "Operating Expense": 1170436000.0,
        "Other Operating Expenses": 57761000.0,
        "Selling General And Administration": 1112675000.0,
        "Selling And Marketing Expense": 615416000.0,
        "General And Administrative Expense": 497259000.0,
        "Other Gand A": 497259000.0,
        "Gross Profit": 3235545000.0,
        "Cost Of Revenue": 32165847000.0,
        "Total Revenue": 35401392000.0,
        "Excise Taxes": NaN,
        "Operating Revenue": 31376553000.0
    },
    "2025-03-31": {
        "Tax Effect Of Unusual Items": 22649100.0,
        "Tax Rate For Calcs": 0.34,
        "Normalized EBITDA": 1219968000.0,
        "Total Unusual Items": 66615000.0,
        "Total Unusual Items Excluding Goodwill": 66615000.0,
        "Net Income From Continuing Operation Net Minority Interest": 332846000.0,
        "Reconciled Depreciation": 304071000.0,
        "Reconciled Cost Of Revenue": 31187631000.0,
        "EBITDA": 1286583000.0,
        "EBIT": 982512000.0,
        "Net Interest Income": -223881000.0,
        "Interest Expense": 371459000.0,
        "Interest Income": 168597000.0,
        "Normalized Income": 288880100.0,
        "Net Income From Continuing And Discontinued Operation": 332846000.0,
        "Total Expenses": 32411860000.0,
        "Diluted Average Shares": 1110955000.0,
        "Basic Average Shares": 1093932000.0,
        "Diluted EPS": 0.2996,
        "Basic EPS": 0.3043,
        "Diluted NI Availto Com Stockholders": 332846000.0,
        "Net Income Common Stockholders": 332846000.0,
        "Net Income": 332846000.0,
        "Minority Interests": -30338000.0,
        "Net Income Including Noncontrolling Interests": 363184000.0,
        "Net Income Discontinuous Operations": NaN,
        "Net Income Continuous Operations": 363184000.0,
        "Tax Provision": 247869000.0,
        "Pretax Income": 611053000.0,
        "Other Income Expense": -82468000.0,
        "Special Income Charges": 4904000.0,
        "Gain On Sale Of Ppe": 5307000.0,
        "Restructuring And Mergern Acquisition": 403000.0,
        "Earnings From Equity Interest": -149083000.0,
        "Gain On Sale Of Security": 61711000.0,
        "Net Non Operating Interest Income Expense": -223881000.0,
        "Total Other Finance Cost": 21019000.0,
        "Interest Expense Non Operating": 371459000.0,
        "Interest Income Non Operating": 168597000.0,
        "Operating Income": 917402000.0,
        "Operating Expense": 1224229000.0,
        "Other Operating Expenses": 104302000.0,
        "Selling General And Administration": 1119927000.0,
        "Selling And Marketing Expense": 601565000.0,
        "General And Administrative Expense": 518362000.0,
        "Other Gand A": 518362000.0,
        "Gross Profit": 2141631000.0,
        "Cost Of Revenue": 31187631000.0,
        "Total Revenue": 33329262000.0,
        "Excise Taxes": 1013326000.0,
        "Operating Revenue": 34672117000.0
    },
    "2025-06-30": {
        "Tax Effect Of Unusual Items": 24615459.594563,
        "Tax Rate For Calcs": 0.232009,
        "Normalized EBITDA": 2489516000.0,
        "Total Unusual Items": 106097000.0,
        "Total Unusual Items Excluding Goodwill": 106097000.0,
        "Net Income From Continuing Operation Net Minority Interest": 1109754000.0,
        "Reconciled Depreciation": 393874000.0,
        "Reconciled Cost Of Revenue": 31907336000.0,
        "EBITDA": 2595613000.0,
        "EBIT": 2201739000.0,
        "Net Interest Income": -31413000.0,
        "Interest Expense": 675781000.0,
        "Interest Income": 644368000.0,
        "Normalized Income": 1028272459.594563,
        "Net Income From Continuing And Discontinued Operation": 1088364000.0,
        "Total Expenses": 32645187000.0,
        "Diluted Average Shares": 1109447000.0,
        "Basic Average Shares": 1088259000.0,
        "Diluted EPS": 0.981,
        "Basic EPS": 1.0001,
        "Diluted NI Availto Com Stockholders": 1088364000.0,
        "Net Income Common Stockholders": 1088364000.0,
        "Net Income": 1088364000.0,
        "Minority Interests": -62168000.0,
        "Net Income Including Noncontrolling Interests": 1150532000.0,
        "Net Income Discontinuous Operations": -21390000.0,
        "Net Income Continuous Operations": 1171922000.0,
        "Tax Provision": 354036000.0,
        "Pretax Income": 1525958000.0,
        "Other Income Expense": 147515000.0,
        "Special Income Charges": 106097000.0,
        "Gain On Sale Of Ppe": 15394000.0,
        "Restructuring And Mergern Acquisition": -90703000.0,
        "Earnings From Equity Interest": 41418000.0,
        "Gain On Sale Of Security": NaN,
        "Net Non Operating Interest Income Expense": -31413000.0,
        "Total Other Finance Cost": NaN,
        "Interest Expense Non Operating": 675781000.0,
        "Interest Income Non Operating": 644368000.0,
        "Operating Income": 1409856000.0,
        "Operating Expense": 737851000.0,
        "Other Operating Expenses": -450056000.0,
        "Selling General And Administration": 1187907000.0,
        "Selling And Marketing Expense": 648523000.0,
        "General And Administrative Expense": 539384000.0,
        "Other Gand A": 539384000.0,
        "Gross Profit": 2147707000.0,
        "Cost Of Revenue": 31907336000.0,
        "Total Revenue": 34055043000.0,
        "Excise Taxes": NaN,
        "Operating Revenue": 34055043000.0
    }
}