{
    "2023-03-31": {
        "Tax Effect Of Unusual Items": -2003.199487,
        "Tax Rate For Calcs": 0.012502,
        "Normalized EBITDA": -4572264.0,
        "Total Unusual Items": -160232.0,
        "Total Unusual Items Excluding Goodwill": -160232.0,
        "Net Income From Continuing Operation Net Minority Interest": -5144649.0,
        "Reconciled Depreciation": 404069.0,
        "Reconciled Cost Of Revenue": 13829488.0,
        "EBITDA": -4732496.0,
        "EBIT": -5136565.0,
        "Net Interest Income": -85.0,
        "Interest Expense": 73216.0,
        "Interest Income": 73131.0,
        "Normalized Income": -4986420.199487,
        "Net Income From Continuing And Discontinued Operation": -5144649.0,
        "Total Expenses": 21812056.0,
        "Total Operating Income As Reported": -5046671.0,
        "Diluted Average Shares": 10772705.0,
        "Basic Average Shares": 10772705.0,
        "Diluted EPS": -0.48,
        "Basic EPS": -0.48,
        "Diluted NI Availto Com Stockholders": -5144649.0,
        "Net Income Common Stockholders": -5144649.0,
        "Net Income": -5144649.0,
        "Net Income Including Noncontrolling Interests": -5144649.0,
        "Net Income Continuous Operations": -5144649.0,
        "Tax Provision": -65132.0,
        "Pretax Income": -5209781.0,
        "Other Income Expense": -163025.0,
        "Other Non Operating Income Expenses": -2793.0,
        "Special Income Charges": -160232.0,
        "Other Special Charges": NaN,
        "Write Off": NaN,
        "Restructuring And Mergern Acquisition": 160232.0,
        "Net Non Operating Interest Income Expense": -85.0,
        "Interest Expense Non Operating": 73216.0,
        "Interest Income Non Operating": 73131.0,
        "Operating Income": -5046671.0,
        "Operating Expense": 7888519.0,
        "Depreciation Amortization Depletion Income Statement": 310020.0,
        "Depreciation And Amortization In Income Statement": 310020.0,
        "Amortization": 310020.0,
        "Amortization Of Intangibles Income Statement": 310020.0,
        "Selling General And Administration": 7578499.0,
        "General And Administrative Expense": 7578499.0,
        "Other Gand A": 7098858.0,
        "Salaries And Wages": 479641.0,
        "Gross Profit": 2841848.0,
        "Cost Of Revenue": 13923537.0,
        "Total Revenue": 16765385.0,
        "Operating Revenue": 16588428.0
    },
    "2022-12-31": {
        "Tax Effect Of Unusual Items": NaN,
        "Tax Rate For Calcs": NaN,
        "Normalized EBITDA": NaN,
        "Total Unusual Items": NaN,
        "Total Unusual Items Excluding Goodwill": NaN,
        "Net Income From Continuing Operation Net Minority Interest": NaN,
        "Reconciled Depreciation": NaN,
        "Reconciled Cost Of Revenue": NaN,
        "EBITDA": NaN,
        "EBIT": NaN,
        "Net Interest Income": NaN,
        "Interest Expense": NaN,
        "Interest Income": NaN,
        "Normalized Income": NaN,
        "Net Income From Continuing And Discontinued Operation": NaN,
        "Total Expenses": NaN,
        "Total Operating Income As Reported": NaN,
        "Diluted Average Shares": NaN,
        "Basic Average Shares": NaN,
        "Diluted EPS": NaN,
        "Basic EPS": NaN,
        "Diluted NI Availto Com Stockholders": NaN,
        "Net Income Common Stockholders": NaN,
        "Net Income": NaN,
        "Net Income Including Noncontrolling Interests": NaN,
        "Net Income Continuous Operations": NaN,
        "Tax Provision": NaN,
        "Pretax Income": NaN,
        "Other Income Expense": NaN,
        "Other Non Operating Income Expenses": NaN,
        "Special Income Charges": NaN,
        "Other Special Charges": NaN,
        "Write Off": 950575.0,
        "Restructuring And Mergern Acquisition": NaN,
        "Net Non Operating Interest Income Expense": NaN,
        "Interest Expense Non Operating": NaN,
        "Interest Income Non Operating": NaN,
        "Operating Income": NaN,
        "Operating Expense": NaN,
        "Other Operating Expenses": 0.0,
        "Depreciation Amortization Depletion Income Statement": NaN,
        "Depreciation And Amortization In Income Statement": NaN,
        "Amortization": NaN,
        "Amortization Of Intangibles Income Statement": NaN,
        "Selling General And Administration": NaN,
        "General And Administrative Expense": NaN,
        "Other Gand A": NaN,
        "Salaries And Wages": NaN,
        "Gross Profit": NaN,
        "Cost Of Revenue": NaN,
        "Total Revenue": NaN,
        "Operating Revenue": NaN
    },
    "2022-09-30": {
        "Tax Effect Of Unusual Items": NaN,
        "Tax Rate For Calcs": NaN,
        "Normalized EBITDA": NaN,
        "Total Unusual Items": NaN,
        "Total Unusual Items Excluding Goodwill": NaN,
        "Net Income From Continuing Operation Net Minority Interest": NaN,
        "Reconciled Depreciation": NaN,
        "Reconciled Cost Of Revenue": NaN,
        "EBITDA": NaN,
        "EBIT": NaN,
        "Net Interest Income": NaN,
        "Interest Expense": NaN,
        "Interest Income": NaN,
        "Normalized Income": NaN,
        "Net Income From Continuing And Discontinued Operation": NaN,
        "Total Expenses": NaN,
        "Total Operating Income As Reported": NaN,
        "Diluted Average Shares": NaN,
        "Basic Average Shares": NaN,
        "Diluted EPS": NaN,
        "Basic EPS": NaN,
        "Diluted NI Availto Com Stockholders": NaN,
        "Net Income Common Stockholders": NaN,
        "Net Income": NaN,
        "Net Income Including Noncontrolling Interests": NaN,
        "Net Income Continuous Operations": NaN,
        "Tax Provision": NaN,
        "Pretax Income": NaN,
        "Other Income Expense": NaN,
        "Other Non Operating Income Expenses": NaN,
        "Special Income Charges": NaN,
        "Other Special Charges": NaN,
        "Write Off": 1710358.0,
        "Restructuring And Mergern Acquisition": NaN,
        "Net Non Operating Interest Income Expense": NaN,
        "Interest Expense Non Operating": NaN,
        "Interest Income Non Operating": NaN,
        "Operating Income": NaN,
        "Operating Expense": NaN,
        "Other Operating Expenses": 3299864.0,
        "Depreciation Amortization Depletion Income Statement": NaN,
        "Depreciation And Amortization In Income Statement": NaN,
        "Amortization": NaN,
        "Amortization Of Intangibles Income Statement": NaN,
        "Research And Development": 3299864.0,
        "Selling General And Administration": NaN,
        "General And Administrative Expense": NaN,
        "Other Gand A": NaN,
        "Salaries And Wages": NaN,
        "Gross Profit": NaN,
        "Cost Of Revenue": NaN,
        "Total Revenue": NaN,
        "Operating Revenue": NaN
    },
    "2022-06-30": {
        "Tax Effect Of Unusual Items": 0.0,
        "Tax Rate For Calcs": 0.042105,
        "Normalized EBITDA": -1436542.0,
        "Total Unusual Items": 0.0,
        "Total Unusual Items Excluding Goodwill": 0.0,
        "Net Income From Continuing Operation Net Minority Interest": -1739304.0,
        "Reconciled Depreciation": 371557.0,
        "Reconciled Cost Of Revenue": 12714225.0,
        "EBITDA": -1436542.0,
        "EBIT": -1808099.0,
        "Net Interest Income": 39617.0,
        "Interest Expense": 7658.0,
        "Interest Income": 47275.0,
        "Normalized Income": -1739304.0,
        "Net Income From Continuing And Discontinued Operation": -1739304.0,
        "Total Expenses": 18208440.0,
        "Total Operating Income As Reported": -1926937.0,
        "Diluted Average Shares": 10945978.0,
        "Basic Average Shares": 10945978.0,
        "Diluted EPS": -0.17,
        "Basic EPS": -0.17,
        "Diluted NI Availto Com Stockholders": -1739304.0,
        "Net Income Common Stockholders": -1739304.0,
        "Net Income": -1739304.0,
        "Net Income Including Noncontrolling Interests": -1739304.0,
        "Net Income Continuous Operations": -1739304.0,
        "Tax Provision": -76453.0,
        "Pretax Income": -1815757.0,
        "Other Income Expense": 71563.0,
        "Other Non Operating Income Expenses": 71563.0,
        "Special Income Charges": 0.0,
        "Other Special Charges": NaN,
        "Write Off": NaN,
        "Restructuring And Mergern Acquisition": NaN,
        "Net Non Operating Interest Income Expense": 39617.0,
        "Interest Expense Non Operating": 7658.0,
        "Interest Income Non Operating": 47275.0,
        "Operating Income": -1926937.0,
        "Operating Expense": 5428883.0,
        "Other Operating Expenses": NaN,
        "Depreciation Amortization Depletion Income Statement": 306225.0,
        "Depreciation And Amortization In Income Statement": 306225.0,
        "Amortization": 306225.0,
        "Amortization Of Intangibles Income Statement": 306225.0,
        "Research And Development": NaN,
        "Selling General And Administration": 5122658.0,
        "General And Administrative Expense": 5122658.0,
        "Other Gand A": 4240658.0,
        "Salaries And Wages": 882000.0,
        "Gross Profit": 3501946.0,
        "Cost Of Revenue": 12779557.0,
        "Total Revenue": 16281503.0,
        "Operating Revenue": 16281503.0
    },
    "2022-03-31": {
        "Diluted EPS": -0.07,
        "Total Revenue": 21,
        "Gross Profit": 5,
        "Operating Income": -1,
        "EBIT": -1,
        "Net Income": -1
    },
    "2021-12-31": {
        "Diluted EPS": 0.0,
        "Total Revenue": 19,
        "Gross Profit": 5,
        "Operating Income": -1,
        "EBIT": 0,
        "Net Income": -1
    },
    "2021-09-30": {
        "Diluted EPS": 0.0,
        "Total Revenue": 18,
        "Gross Profit": 4,
        "Operating Income": 0,
        "EBIT": 0,
        "Net Income": 0
    },
    "2021-06-30": {
        "Diluted EPS": 0.11,
        "Total Revenue": 13,
        "Gross Profit": 3,
        "Operating Income": 0,
        "EBIT": 0,
        "Net Income": 1
    },
    "2021-03-31": {
        "Diluted EPS": -0.2,
        "Total Revenue": 12,
        "Gross Profit": 3,
        "Operating Income": 0,
        "EBIT": 0,
        "Net Income": -2
    },
    "2020-12-31": {
        "Diluted EPS": -0.23,
        "Total Revenue": 9,
        "Gross Profit": 2,
        "Operating Income": 0,
        "EBIT": 0,
        "Net Income": -1
    },
    "2020-09-30": {
        "Diluted EPS": -0.14,
        "Total Revenue": 8,
        "Gross Profit": 2,
        "Operating Income": 0,
        "EBIT": 0,
        "Net Income": -1
    },
    "2020-06-30": {
        "Diluted EPS": -0.33,
        "Total Revenue": 4,
        "Gross Profit": 1,
        "Operating Income": -1,
        "EBIT": -1,
        "Net Income": -2
    },
    "2020-03-31": {
        "Diluted EPS": -0.36,
        "Total Revenue": 4,
        "Gross Profit": 1,
        "Operating Income": -1,
        "EBIT": -1,
        "Net Income": -2
    },
    "2019-12-31": {
        "Diluted EPS": -1.67,
        "Total Revenue": 7,
        "Gross Profit": 1,
        "Operating Income": -2,
        "EBIT": -1,
        "Net Income": -3
    },
    "2019-09-30": {
        "Diluted EPS": -0.11,
        "Total Revenue": 6,
        "Gross Profit": 2,
        "Operating Income": -1,
        "EBIT": -1,
        "Net Income": -3
    },
    "2019-06-30": {
        "Diluted EPS": -0.06,
        "Total Revenue": 6,
        "Gross Profit": 2,
        "Operating Income": -1,
        "EBIT": -1,
        "Net Income": -1
    },
    "2019-03-31": {
        "Diluted EPS": -0.06,
        "Total Revenue": 6,
        "Gross Profit": 2,
        "Operating Income": -1,
        "EBIT": -1,
        "Net Income": -1
    },
    "2018-12-31": {
        "Diluted EPS": -0.08,
        "Total Revenue": 5,
        "Gross Profit": 2,
        "Operating Income": -2,
        "EBIT": -2,
        "Net Income": -2
    },
    "2018-09-30": {
        "Diluted EPS": -0.03,
        "Total Revenue": 5,
        "Gross Profit": 2,
        "Operating Income": -1,
        "EBIT": -1,
        "Net Income": -1
    },
    "2018-06-30": {
        "Diluted EPS": -0.02,
        "Total Revenue": 6,
        "Gross Profit": 2,
        "Operating Income": 0,
        "EBIT": 0,
        "Net Income": 0
    },
    "2018-03-31": {
        "Diluted EPS": -0.03,
        "Total Revenue": 3,
        "Gross Profit": 1,
        "Operating Income": -1,
        "EBIT": -1,
        "Net Income": -1
    },
    "2017-12-31": {
        "Diluted EPS": 0.0,
        "Total Revenue": NaN,
        "Gross Profit": NaN,
        "Operating Income": NaN,
        "EBIT": NaN,
        "Net Income": NaN
    },
    "2017-09-30": {
        "Diluted EPS": -0.04,
        "Total Revenue": 3,
        "Gross Profit": 1,
        "Operating Income": -1,
        "EBIT": -1,
        "Net Income": -1
    },
    "2017-06-30": {
        "Diluted EPS": -0.02,
        "Total Revenue": 3,
        "Gross Profit": 1,
        "Operating Income": 0,
        "EBIT": 0,
        "Net Income": 0
    },
    "2023-06-30": {
        "Tax Effect Of Unusual Items": NaN,
        "Tax Rate For Calcs": NaN,
        "Normalized EBITDA": NaN,
        "Total Unusual Items": NaN,
        "Total Unusual Items Excluding Goodwill": NaN,
        "Net Income From Continuing Operation Net Minority Interest": NaN,
        "Reconciled Depreciation": NaN,
        "Reconciled Cost Of Revenue": NaN,
        "EBITDA": NaN,
        "EBIT": NaN,
        "Net Interest Income": NaN,
        "Interest Expense": NaN,
        "Interest Income": NaN,
        "Normalized Income": NaN,
        "Net Income From Continuing And Discontinued Operation": NaN,
        "Total Expenses": NaN,
        "Total Operating Income As Reported": NaN,
        "Diluted Average Shares": NaN,
        "Basic Average Shares": NaN,
        "Diluted EPS": NaN,
        "Basic EPS": NaN,
        "Diluted NI Availto Com Stockholders": NaN,
        "Net Income Common Stockholders": NaN,
        "Net Income": NaN,
        "Net Income Including Noncontrolling Interests": NaN,
        "Net Income Continuous Operations": NaN,
        "Tax Provision": NaN,
        "Pretax Income": NaN,
        "Other Income Expense": NaN,
        "Other Non Operating Income Expenses": NaN,
        "Special Income Charges": NaN,
        "Other Special Charges": 1500000.0,
        "Write Off": NaN,
        "Restructuring And Mergern Acquisition": NaN,
        "Net Non Operating Interest Income Expense": NaN,
        "Interest Expense Non Operating": NaN,
        "Interest Income Non Operating": NaN,
        "Operating Income": NaN,
        "Operating Expense": NaN,
        "Depreciation Amortization Depletion Income Statement": NaN,
        "Depreciation And Amortization In Income Statement": NaN,
        "Amortization": 264165.0,
        "Amortization Of Intangibles Income Statement": 264165.0,
        "Research And Development": 0.0,
        "Selling General And Administration": NaN,
        "General And Administrative Expense": NaN,
        "Other Gand A": NaN,
        "Salaries And Wages": 622547.0,
        "Gross Profit": NaN,
        "Cost Of Revenue": NaN,
        "Total Revenue": NaN,
        "Operating Revenue": NaN
    },
    "2023-09-30": {
        "Tax Effect Of Unusual Items": 0.0,
        "Tax Rate For Calcs": 0.0,
        "Normalized EBITDA": -2995980.0,
        "Total Unusual Items": -258492.0,
        "Total Unusual Items Excluding Goodwill": -258492.0,
        "Net Income From Continuing Operation Net Minority Interest": -3822122.0,
        "Reconciled Depreciation": 527721.0,
        "Reconciled Cost Of Revenue": 17008892.0,
        "EBITDA": -3254472.0,
        "EBIT": -3782193.0,
        "Net Interest Income": -20468.0,
        "Interest Expense": 39929.0,
        "Interest Income": 19461.0,
        "Normalized Income": -3563630.0,
        "Net Income From Continuing And Discontinued Operation": -3822122.0,
        "Total Expenses": 23095380.0,
        "Total Operating Income As Reported": -3508451.0,
        "Diluted Average Shares": 11649790.0,
        "Basic Average Shares": 11649790.0,
        "Diluted EPS": -0.33,
        "Basic EPS": -0.33,
        "Diluted NI Availto Com Stockholders": -3822122.0,
        "Net Income Common Stockholders": -3822122.0,
        "Net Income": -3822122.0,
        "Net Income Including Noncontrolling Interests": -3822122.0,
        "Net Income Continuous Operations": -3822122.0,
        "Tax Provision": 0.0,
        "Pretax Income": -3822122.0,
        "Other Income Expense": -293203.0,
        "Other Non Operating Income Expenses": -34711.0,
        "Special Income Charges": -258492.0,
        "Other Special Charges": NaN,
        "Write Off": 258492.0,
        "Restructuring And Mergern Acquisition": 0.0,
        "Net Non Operating Interest Income Expense": -20468.0,
        "Interest Expense Non Operating": 39929.0,
        "Interest Income Non Operating": 19461.0,
        "Operating Income": -3508451.0,
        "Operating Expense": 5931736.0,
        "Depreciation Amortization Depletion Income Statement": 372969.0,
        "Depreciation And Amortization In Income Statement": 372969.0,
        "Amortization": 241832.0,
        "Amortization Of Intangibles Income Statement": 241832.0,
        "Research And Development": 0.0,
        "Selling General And Administration": 5558767.0,
        "General And Administrative Expense": 5558767.0,
        "Other Gand A": 5558767.0,
        "Salaries And Wages": 722647.0,
        "Gross Profit": 2423285.0,
        "Cost Of Revenue": 17163644.0,
        "Total Revenue": 19586929.0,
        "Operating Revenue": 19400592.0
    },
    "2023-12-31": {
        "Tax Effect Of Unusual Items": 0.0,
        "Tax Rate For Calcs": 0.010135,
        "Normalized EBITDA": -4224656.0,
        "Total Unusual Items": 0.0,
        "Total Unusual Items Excluding Goodwill": 0.0,
        "Net Income From Continuing Operation Net Minority Interest": -4725291.0,
        "Reconciled Depreciation": 435466.0,
        "Reconciled Cost Of Revenue": 13091856.0,
        "EBITDA": -4224656.0,
        "EBIT": -4660122.0,
        "Net Interest Income": -107309.0,
        "Interest Expense": 113552.0,
        "Interest Income": 6243.0,
        "Normalized Income": -4725291.0,
        "Net Income From Continuing And Discontinued Operation": -4725291.0,
        "Total Expenses": 19641257.0,
        "Total Operating Income As Reported": -4635736.0,
        "Diluted Average Shares": 11675033.0,
        "Basic Average Shares": 11675033.0,
        "Diluted EPS": -0.4,
        "Basic EPS": -0.4,
        "Diluted NI Availto Com Stockholders": -4725291.0,
        "Net Income Common Stockholders": -4725291.0,
        "Net Income": -4725291.0,
        "Net Income Including Noncontrolling Interests": -4725291.0,
        "Net Income Continuous Operations": -4725291.0,
        "Tax Provision": -48383.0,
        "Pretax Income": -4773674.0,
        "Other Income Expense": -30629.0,
        "Other Non Operating Income Expenses": -30629.0,
        "Special Income Charges": 0.0,
        "Other Special Charges": 0.0,
        "Write Off": 0.0,
        "Restructuring And Mergern Acquisition": 0.0,
        "Net Non Operating Interest Income Expense": -107309.0,
        "Interest Expense Non Operating": 113552.0,
        "Interest Income Non Operating": 6243.0,
        "Operating Income": -4635736.0,
        "Operating Expense": 6354100.0,
        "Depreciation Amortization Depletion Income Statement": 240165.0,
        "Depreciation And Amortization In Income Statement": 240165.0,
        "Amortization": 240165.0,
        "Amortization Of Intangibles Income Statement": 240165.0,
        "Research And Development": NaN,
        "Selling General And Administration": 6113935.0,
        "General And Administrative Expense": 6113935.0,
        "Other Gand A": 5739724.0,
        "Salaries And Wages": 374211.0,
        "Gross Profit": 1718364.0,
        "Cost Of Revenue": 13287157.0,
        "Total Revenue": 15005521.0,
        "Operating Revenue": 14317280.0
    },
    "2024-03-31": {
        "Tax Effect Of Unusual Items": 0.0,
        "Tax Rate For Calcs": 0.018545,
        "Normalized EBITDA": -1985336.0,
        "Total Unusual Items": 0.0,
        "Total Unusual Items Excluding Goodwill": 0.0,
        "Net Income From Continuing Operation Net Minority Interest": -2560563.0,
        "Reconciled Depreciation": 524304.0,
        "Reconciled Cost Of Revenue": 12275524.0,
        "EBITDA": -1985336.0,
        "EBIT": -2509640.0,
        "Net Interest Income": -99225.0,
        "Interest Expense": 99306.0,
        "Interest Income": 81.0,
        "Normalized Income": -2560563.0,
        "Net Income From Continuing And Discontinued Operation": -2560563.0,
        "Total Expenses": 17877692.0,
        "Total Operating Income As Reported": -2476657.0,
        "Diluted Average Shares": 12075619.0,
        "Basic Average Shares": 12075619.0,
        "Diluted EPS": -0.21,
        "Basic EPS": -0.21,
        "Diluted NI Availto Com Stockholders": -2560563.0,
        "Net Income Common Stockholders": -2560563.0,
        "Net Income": -2560563.0,
        "Net Income Including Noncontrolling Interests": -2560563.0,
        "Net Income Continuous Operations": -2560563.0,
        "Tax Provision": -48383.0,
        "Pretax Income": -2608946.0,
        "Other Income Expense": -33064.0,
        "Other Non Operating Income Expenses": -33064.0,
        "Special Income Charges": 0.0,
        "Write Off": NaN,
        "Restructuring And Mergern Acquisition": 0.0,
        "Net Non Operating Interest Income Expense": -99225.0,
        "Interest Expense Non Operating": 99306.0,
        "Interest Income Non Operating": 81.0,
        "Operating Income": -2476657.0,
        "Operating Expense": 5468114.0,
        "Depreciation Amortization Depletion Income Statement": 390250.0,
        "Depreciation And Amortization In Income Statement": 390250.0,
        "Amortization": 239333.0,
        "Amortization Of Intangibles Income Statement": 239333.0,
        "Research And Development": NaN,
        "Selling General And Administration": 5077864.0,
        "General And Administrative Expense": 5077864.0,
        "Other Gand A": 5077864.0,
        "Salaries And Wages": 656576.0,
        "Gross Profit": 2991457.0,
        "Cost Of Revenue": 12409578.0,
        "Total Revenue": 15401035.0,
        "Operating Revenue": 15325894.0
    },
    "2024-06-30": {
        "Tax Effect Of Unusual Items": 0.0,
        "Tax Rate For Calcs": 0.016057,
        "Normalized EBITDA": -2175987.0,
        "Total Unusual Items": 0.0,
        "Total Unusual Items Excluding Goodwill": 0.0,
        "Net Income From Continuing Operation Net Minority Interest": -2964728.0,
        "Reconciled Depreciation": 525418.0,
        "Reconciled Cost Of Revenue": 15405211.0,
        "EBITDA": -2175987.0,
        "EBIT": -2701405.0,
        "Net Interest Income": -311551.0,
        "Interest Expense": 311706.0,
        "Interest Income": 155.0,
        "Normalized Income": -2964728.0,
        "Net Income From Continuing And Discontinued Operation": -2964728.0,
        "Total Expenses": 20624583.0,
        "Total Operating Income As Reported": -2679334.0,
        "Diluted Average Shares": 12423421.0,
        "Basic Average Shares": 12423421.0,
        "Diluted EPS": -0.24,
        "Basic EPS": -0.24,
        "Diluted NI Availto Com Stockholders": -2964728.0,
        "Net Income Common Stockholders": -2964728.0,
        "Net Income": -2964728.0,
        "Net Income Including Noncontrolling Interests": -2964728.0,
        "Net Income Continuous Operations": -2964728.0,
        "Tax Provision": -48383.0,
        "Pretax Income": -3013111.0,
        "Other Income Expense": -22226.0,
        "Other Non Operating Income Expenses": -22226.0,
        "Special Income Charges": 0.0,
        "Write Off": NaN,
        "Restructuring And Mergern Acquisition": 0.0,
        "Net Non Operating Interest Income Expense": -311551.0,
        "Interest Expense Non Operating": 311706.0,
        "Interest Income Non Operating": 155.0,
        "Operating Income": -2679334.0,
        "Operating Expense": 5089650.0,
        "Depreciation Amortization Depletion Income Statement": 395696.0,
        "Depreciation And Amortization In Income Statement": 395696.0,
        "Amortization": NaN,
        "Amortization Of Intangibles Income Statement": NaN,
        "Research And Development": 25000.0,
        "Selling General And Administration": 4668954.0,
        "General And Administrative Expense": 4668954.0,
        "Other Gand A": 4668954.0,
        "Salaries And Wages": NaN,
        "Gross Profit": 2410316.0,
        "Cost Of Revenue": 15534933.0,
        "Total Revenue": 17945249.0,
        "Operating Revenue": 17815598.0
    },
    "2024-09-30": {
        "Tax Effect Of Unusual Items": 0.0,
        "Tax Rate For Calcs": 0.003629,
        "Normalized EBITDA": -3167717.0,
        "Total Unusual Items": 0.0,
        "Total Unusual Items Excluding Goodwill": 0.0,
        "Net Income From Continuing Operation Net Minority Interest": -3757808.0,
        "Reconciled Depreciation": 276270.0,
        "Reconciled Cost Of Revenue": 8745217.0,
        "EBITDA": -3167717.0,
        "EBIT": -3551021.0,
        "Net Interest Income": -220187.0,
        "Interest Expense": 220472.0,
        "Interest Income": 285.0,
        "Normalized Income": -3757808.0,
        "Net Income From Continuing And Discontinued Operation": -3757808.0,
        "Total Expenses": 13407537.0,
        "Total Operating Income As Reported": -3518280.0,
        "Diluted Average Shares": 12423421.0,
        "Basic Average Shares": 12423421.0,
        "Diluted EPS": -0.3,
        "Basic EPS": -0.3,
        "Diluted NI Availto Com Stockholders": -3757808.0,
        "Net Income Common Stockholders": -3757808.0,
        "Net Income": -3757808.0,
        "Net Income Including Noncontrolling Interests": -3757808.0,
        "Net Income Continuous Operations": -3757808.0,
        "Tax Provision": -13685.0,
        "Pretax Income": -3771493.0,
        "Other Income Expense": -33026.0,
        "Other Non Operating Income Expenses": -33026.0,
        "Special Income Charges": 0.0,
        "Write Off": 0.0,
        "Restructuring And Mergern Acquisition": 0.0,
        "Net Non Operating Interest Income Expense": -220187.0,
        "Interest Expense Non Operating": 220472.0,
        "Interest Income Non Operating": 285.0,
        "Operating Income": -3518280.0,
        "Operating Expense": 4769354.0,
        "Depreciation Amortization Depletion Income Statement": 383304.0,
        "Depreciation And Amortization In Income Statement": 383304.0,
        "Amortization": NaN,
        "Amortization Of Intangibles Income Statement": NaN,
        "Research And Development": 0.0,
        "Selling General And Administration": 4386050.0,
        "General And Administrative Expense": 4386050.0,
        "Other Gand A": 4386050.0,
        "Salaries And Wages": NaN,
        "Gross Profit": 1251074.0,
        "Cost Of Revenue": 8638183.0,
        "Total Revenue": 9889257.0,
        "Operating Revenue": 9805530.0
    }
}