{
    "2023-06-30": {
        "Tax Effect Of Unusual Items": NaN,
        "Tax Rate For Calcs": NaN,
        "Normalized EBITDA": NaN,
        "Total Unusual Items": NaN,
        "Total Unusual Items Excluding Goodwill": NaN,
        "Net Income From Continuing Operation Net Minority Interest": NaN,
        "Reconciled Depreciation": NaN,
        "Reconciled Cost Of Revenue": NaN,
        "EBITDA": NaN,
        "EBIT": NaN,
        "Net Interest Income": NaN,
        "Interest Expense": NaN,
        "Interest Income": NaN,
        "Normalized Income": NaN,
        "Net Income From Continuing And Discontinued Operation": NaN,
        "Total Expenses": NaN,
        "Total Operating Income As Reported": NaN,
        "Diluted Average Shares": NaN,
        "Basic Average Shares": NaN,
        "Diluted EPS": NaN,
        "Basic EPS": NaN,
        "Diluted NI Availto Com Stockholders": NaN,
        "Net Income Common Stockholders": NaN,
        "Net Income": NaN,
        "Net Income Including Noncontrolling Interests": NaN,
        "Net Income Continuous Operations": NaN,
        "Tax Provision": NaN,
        "Pretax Income": NaN,
        "Other Income Expense": NaN,
        "Other Non Operating Income Expenses": -1047000.0,
        "Special Income Charges": NaN,
        "Gain On Sale Of Business": NaN,
        "Other Special Charges": -4913000.0,
        "Restructuring And Mergern Acquisition": NaN,
        "Gain On Sale Of Security": 8034000.0,
        "Net Non Operating Interest Income Expense": NaN,
        "Interest Expense Non Operating": NaN,
        "Interest Income Non Operating": NaN,
        "Operating Income": NaN,
        "Operating Expense": NaN,
        "Other Operating Expenses": NaN,
        "Depreciation Amortization Depletion Income Statement": NaN,
        "Depreciation And Amortization In Income Statement": NaN,
        "Research And Development": NaN,
        "Selling General And Administration": NaN,
        "Selling And Marketing Expense": NaN,
        "General And Administrative Expense": NaN,
        "Other Gand A": NaN,
        "Gross Profit": NaN,
        "Cost Of Revenue": NaN,
        "Total Revenue": NaN,
        "Operating Revenue": NaN
    },
    "2023-03-31": {
        "Tax Effect Of Unusual Items": NaN,
        "Tax Rate For Calcs": NaN,
        "Normalized EBITDA": NaN,
        "Total Unusual Items": NaN,
        "Total Unusual Items Excluding Goodwill": NaN,
        "Net Income From Continuing Operation Net Minority Interest": NaN,
        "Reconciled Depreciation": NaN,
        "Reconciled Cost Of Revenue": NaN,
        "EBITDA": NaN,
        "EBIT": NaN,
        "Net Interest Income": NaN,
        "Interest Expense": NaN,
        "Interest Income": NaN,
        "Normalized Income": NaN,
        "Net Income From Continuing And Discontinued Operation": NaN,
        "Total Expenses": NaN,
        "Total Operating Income As Reported": NaN,
        "Diluted Average Shares": NaN,
        "Basic Average Shares": NaN,
        "Diluted EPS": NaN,
        "Basic EPS": NaN,
        "Diluted NI Availto Com Stockholders": NaN,
        "Net Income Common Stockholders": NaN,
        "Net Income": NaN,
        "Net Income Including Noncontrolling Interests": NaN,
        "Net Income Continuous Operations": NaN,
        "Tax Provision": NaN,
        "Pretax Income": NaN,
        "Other Income Expense": NaN,
        "Other Non Operating Income Expenses": -11000.0,
        "Special Income Charges": NaN,
        "Gain On Sale Of Business": NaN,
        "Other Special Charges": NaN,
        "Restructuring And Mergern Acquisition": NaN,
        "Gain On Sale Of Security": 3522000.0,
        "Net Non Operating Interest Income Expense": NaN,
        "Interest Expense Non Operating": NaN,
        "Interest Income Non Operating": NaN,
        "Operating Income": NaN,
        "Operating Expense": NaN,
        "Other Operating Expenses": NaN,
        "Depreciation Amortization Depletion Income Statement": NaN,
        "Depreciation And Amortization In Income Statement": NaN,
        "Research And Development": NaN,
        "Selling General And Administration": NaN,
        "Selling And Marketing Expense": NaN,
        "General And Administrative Expense": NaN,
        "Other Gand A": NaN,
        "Gross Profit": NaN,
        "Cost Of Revenue": NaN,
        "Total Revenue": NaN,
        "Operating Revenue": NaN
    },
    "2023-09-30": {
        "Tax Effect Of Unusual Items": NaN,
        "Tax Rate For Calcs": NaN,
        "Normalized EBITDA": NaN,
        "Total Unusual Items": NaN,
        "Total Unusual Items Excluding Goodwill": NaN,
        "Net Income From Continuing Operation Net Minority Interest": NaN,
        "Reconciled Depreciation": NaN,
        "Reconciled Cost Of Revenue": NaN,
        "EBITDA": NaN,
        "EBIT": NaN,
        "Net Interest Income": NaN,
        "Interest Expense": NaN,
        "Interest Income": NaN,
        "Normalized Income": NaN,
        "Net Income From Continuing And Discontinued Operation": NaN,
        "Total Expenses": NaN,
        "Total Operating Income As Reported": NaN,
        "Diluted Average Shares": NaN,
        "Basic Average Shares": NaN,
        "Diluted EPS": NaN,
        "Basic EPS": NaN,
        "Diluted NI Availto Com Stockholders": NaN,
        "Net Income Common Stockholders": NaN,
        "Net Income": NaN,
        "Net Income Including Noncontrolling Interests": NaN,
        "Net Income Continuous Operations": NaN,
        "Tax Provision": NaN,
        "Pretax Income": NaN,
        "Other Income Expense": NaN,
        "Other Non Operating Income Expenses": -27000.0,
        "Special Income Charges": NaN,
        "Gain On Sale Of Business": 0.0,
        "Other Special Charges": NaN,
        "Restructuring And Mergern Acquisition": NaN,
        "Earnings From Equity Interest": NaN,
        "Gain On Sale Of Security": -7539000.0,
        "Net Non Operating Interest Income Expense": NaN,
        "Interest Expense Non Operating": NaN,
        "Interest Income Non Operating": NaN,
        "Operating Income": NaN,
        "Operating Expense": NaN,
        "Other Operating Expenses": NaN,
        "Depreciation Amortization Depletion Income Statement": NaN,
        "Depreciation And Amortization In Income Statement": NaN,
        "Research And Development": NaN,
        "Selling General And Administration": NaN,
        "Selling And Marketing Expense": NaN,
        "General And Administrative Expense": NaN,
        "Other Gand A": NaN,
        "Gross Profit": NaN,
        "Cost Of Revenue": NaN,
        "Total Revenue": NaN,
        "Operating Revenue": NaN
    },
    "2022-12-31": {
        "Tax Effect Of Unusual Items": NaN,
        "Tax Rate For Calcs": NaN,
        "Normalized EBITDA": NaN,
        "Total Unusual Items": NaN,
        "Total Unusual Items Excluding Goodwill": NaN,
        "Net Income From Continuing Operation Net Minority Interest": NaN,
        "Reconciled Depreciation": NaN,
        "Reconciled Cost Of Revenue": NaN,
        "EBITDA": NaN,
        "EBIT": NaN,
        "Net Interest Income": NaN,
        "Interest Expense": NaN,
        "Interest Income": NaN,
        "Normalized Income": NaN,
        "Net Income From Continuing And Discontinued Operation": NaN,
        "Total Expenses": NaN,
        "Total Operating Income As Reported": NaN,
        "Diluted Average Shares": NaN,
        "Basic Average Shares": NaN,
        "Diluted EPS": NaN,
        "Basic EPS": NaN,
        "Diluted NI Availto Com Stockholders": NaN,
        "Net Income Common Stockholders": NaN,
        "Net Income": NaN,
        "Net Income Including Noncontrolling Interests": NaN,
        "Net Income Continuous Operations": NaN,
        "Tax Provision": NaN,
        "Pretax Income": NaN,
        "Other Income Expense": NaN,
        "Other Non Operating Income Expenses": -47000.0,
        "Special Income Charges": NaN,
        "Other Special Charges": NaN,
        "Restructuring And Mergern Acquisition": NaN,
        "Gain On Sale Of Security": NaN,
        "Net Non Operating Interest Income Expense": NaN,
        "Interest Expense Non Operating": NaN,
        "Interest Income Non Operating": NaN,
        "Operating Income": NaN,
        "Operating Expense": NaN,
        "Other Operating Expenses": NaN,
        "Depreciation Amortization Depletion Income Statement": NaN,
        "Depreciation And Amortization In Income Statement": NaN,
        "Research And Development": NaN,
        "Selling General And Administration": NaN,
        "Selling And Marketing Expense": NaN,
        "General And Administrative Expense": NaN,
        "Other Gand A": NaN,
        "Gross Profit": NaN,
        "Cost Of Revenue": NaN,
        "Total Revenue": NaN,
        "Operating Revenue": NaN
    },
    "2022-09-30": {
        "Tax Effect Of Unusual Items": NaN,
        "Tax Rate For Calcs": NaN,
        "Normalized EBITDA": NaN,
        "Total Unusual Items": NaN,
        "Total Unusual Items Excluding Goodwill": NaN,
        "Net Income From Continuing Operation Net Minority Interest": NaN,
        "Reconciled Depreciation": NaN,
        "Reconciled Cost Of Revenue": NaN,
        "EBITDA": NaN,
        "EBIT": NaN,
        "Net Interest Income": NaN,
        "Interest Expense": NaN,
        "Interest Income": NaN,
        "Normalized Income": NaN,
        "Net Income From Continuing And Discontinued Operation": NaN,
        "Total Expenses": NaN,
        "Total Operating Income As Reported": NaN,
        "Diluted Average Shares": NaN,
        "Basic Average Shares": NaN,
        "Diluted EPS": NaN,
        "Basic EPS": NaN,
        "Diluted NI Availto Com Stockholders": NaN,
        "Net Income Common Stockholders": NaN,
        "Net Income": NaN,
        "Net Income Including Noncontrolling Interests": NaN,
        "Net Income Continuous Operations": NaN,
        "Tax Provision": NaN,
        "Pretax Income": NaN,
        "Other Income Expense": NaN,
        "Other Non Operating Income Expenses": -736000.0,
        "Special Income Charges": NaN,
        "Other Special Charges": NaN,
        "Restructuring And Mergern Acquisition": NaN,
        "Gain On Sale Of Security": NaN,
        "Net Non Operating Interest Income Expense": NaN,
        "Interest Expense Non Operating": NaN,
        "Interest Income Non Operating": NaN,
        "Operating Income": NaN,
        "Operating Expense": NaN,
        "Other Operating Expenses": NaN,
        "Depreciation Amortization Depletion Income Statement": NaN,
        "Depreciation And Amortization In Income Statement": NaN,
        "Research And Development": NaN,
        "Selling General And Administration": NaN,
        "Selling And Marketing Expense": NaN,
        "General And Administrative Expense": NaN,
        "Other Gand A": NaN,
        "Gross Profit": NaN,
        "Cost Of Revenue": NaN,
        "Total Revenue": NaN,
        "Operating Revenue": NaN
    },
    "2023-12-31": {
        "Tax Effect Of Unusual Items": NaN,
        "Tax Rate For Calcs": NaN,
        "Normalized EBITDA": NaN,
        "Total Unusual Items": NaN,
        "Total Unusual Items Excluding Goodwill": NaN,
        "Net Income From Continuing Operation Net Minority Interest": NaN,
        "Reconciled Depreciation": NaN,
        "Reconciled Cost Of Revenue": NaN,
        "EBITDA": NaN,
        "EBIT": NaN,
        "Net Interest Income": NaN,
        "Interest Expense": NaN,
        "Interest Income": NaN,
        "Normalized Income": NaN,
        "Net Income From Continuing And Discontinued Operation": NaN,
        "Total Expenses": NaN,
        "Total Operating Income As Reported": NaN,
        "Diluted Average Shares": NaN,
        "Basic Average Shares": NaN,
        "Diluted EPS": NaN,
        "Basic EPS": NaN,
        "Diluted NI Availto Com Stockholders": NaN,
        "Net Income Common Stockholders": NaN,
        "Net Income": NaN,
        "Net Income Including Noncontrolling Interests": NaN,
        "Net Income Continuous Operations": NaN,
        "Tax Provision": NaN,
        "Pretax Income": NaN,
        "Other Income Expense": NaN,
        "Other Non Operating Income Expenses": NaN,
        "Special Income Charges": NaN,
        "Gain On Sale Of Business": NaN,
        "Other Special Charges": -42034000.0,
        "Restructuring And Mergern Acquisition": NaN,
        "Earnings From Equity Interest": NaN,
        "Gain On Sale Of Security": 39033000.0,
        "Net Non Operating Interest Income Expense": NaN,
        "Interest Expense Non Operating": NaN,
        "Interest Income Non Operating": NaN,
        "Operating Income": NaN,
        "Operating Expense": NaN,
        "Other Operating Expenses": NaN,
        "Depreciation Amortization Depletion Income Statement": NaN,
        "Depreciation And Amortization In Income Statement": NaN,
        "Research And Development": NaN,
        "Selling General And Administration": NaN,
        "Selling And Marketing Expense": NaN,
        "General And Administrative Expense": NaN,
        "Other Gand A": NaN,
        "Gross Profit": NaN,
        "Cost Of Revenue": NaN,
        "Total Revenue": NaN,
        "Operating Revenue": NaN
    },
    "2024-03-31": {
        "Tax Effect Of Unusual Items": -122640.0,
        "Tax Rate For Calcs": 0.21,
        "Normalized EBITDA": -6968000.0,
        "Total Unusual Items": -584000.0,
        "Total Unusual Items Excluding Goodwill": -584000.0,
        "Net Income From Continuing Operation Net Minority Interest": -13015000.0,
        "Reconciled Depreciation": 1272000.0,
        "Reconciled Cost Of Revenue": 30571000.0,
        "EBITDA": -7552000.0,
        "EBIT": -8824000.0,
        "Net Interest Income": -3789000.0,
        "Interest Expense": 4152000.0,
        "Interest Income": 363000.0,
        "Normalized Income": -12553640.0,
        "Net Income From Continuing And Discontinued Operation": -13015000.0,
        "Total Expenses": 48440000.0,
        "Total Operating Income As Reported": -8348000.0,
        "Diluted Average Shares": 1113267.0,
        "Basic Average Shares": 1113267.0,
        "Diluted EPS": -11.69,
        "Basic EPS": -11.69,
        "Diluted NI Availto Com Stockholders": -13015000.0,
        "Net Income Common Stockholders": -13015000.0,
        "Net Income": -13015000.0,
        "Net Income Including Noncontrolling Interests": -13015000.0,
        "Net Income Continuous Operations": -13015000.0,
        "Tax Provision": 39000.0,
        "Pretax Income": -12976000.0,
        "Other Income Expense": -839000.0,
        "Other Non Operating Income Expenses": -255000.0,
        "Special Income Charges": -584000.0,
        "Gain On Sale Of Business": NaN,
        "Other Special Charges": 1405000.0,
        "Restructuring And Mergern Acquisition": -821000.0,
        "Earnings From Equity Interest": 0.0,
        "Gain On Sale Of Security": NaN,
        "Net Non Operating Interest Income Expense": -3789000.0,
        "Interest Expense Non Operating": 4152000.0,
        "Interest Income Non Operating": 363000.0,
        "Operating Income": -8348000.0,
        "Operating Expense": 17699000.0,
        "Other Operating Expenses": 4321000.0,
        "Depreciation Amortization Depletion Income Statement": 1102000.0,
        "Depreciation And Amortization In Income Statement": 1102000.0,
        "Research And Development": 4243000.0,
        "Selling General And Administration": 8033000.0,
        "Selling And Marketing Expense": 2019000.0,
        "General And Administrative Expense": 6014000.0,
        "Other Gand A": 6014000.0,
        "Gross Profit": 9351000.0,
        "Cost Of Revenue": 30741000.0,
        "Total Revenue": 40092000.0,
        "Operating Revenue": 40092000.0
    },
    "2024-06-30": {
        "Tax Effect Of Unusual Items": 26880.0,
        "Tax Rate For Calcs": 0.21,
        "Normalized EBITDA": -6751000.0,
        "Total Unusual Items": 128000.0,
        "Total Unusual Items Excluding Goodwill": 128000.0,
        "Net Income From Continuing Operation Net Minority Interest": -11667000.0,
        "Reconciled Depreciation": 1253000.0,
        "Reconciled Cost Of Revenue": 27058000.0,
        "EBITDA": -6623000.0,
        "EBIT": -7876000.0,
        "Net Interest Income": -3345000.0,
        "Interest Expense": 3681000.0,
        "Interest Income": 336000.0,
        "Normalized Income": -11768120.0,
        "Net Income From Continuing And Discontinued Operation": -11667000.0,
        "Total Expenses": 42877000.0,
        "Total Operating Income As Reported": -8340000.0,
        "Diluted Average Shares": 1118459.0,
        "Basic Average Shares": 1118459.0,
        "Diluted EPS": -10.44,
        "Basic EPS": -10.44,
        "Diluted NI Availto Com Stockholders": -11667000.0,
        "Net Income Common Stockholders": -11667000.0,
        "Net Income": -11667000.0,
        "Net Income Including Noncontrolling Interests": -11667000.0,
        "Net Income Continuous Operations": -11667000.0,
        "Tax Provision": 110000.0,
        "Pretax Income": -11557000.0,
        "Other Income Expense": 128000.0,
        "Other Non Operating Income Expenses": NaN,
        "Special Income Charges": 102000.0,
        "Gain On Sale Of Business": NaN,
        "Other Special Charges": NaN,
        "Restructuring And Mergern Acquisition": -102000.0,
        "Earnings From Equity Interest": NaN,
        "Gain On Sale Of Security": 26000.0,
        "Net Non Operating Interest Income Expense": -3345000.0,
        "Interest Expense Non Operating": 3681000.0,
        "Interest Income Non Operating": 336000.0,
        "Operating Income": -8340000.0,
        "Operating Expense": 15670000.0,
        "Other Operating Expenses": 3572000.0,
        "Depreciation Amortization Depletion Income Statement": 1104000.0,
        "Depreciation And Amortization In Income Statement": 1104000.0,
        "Research And Development": 3797000.0,
        "Selling General And Administration": 7197000.0,
        "Selling And Marketing Expense": 1616000.0,
        "General And Administrative Expense": 5581000.0,
        "Other Gand A": 5581000.0,
        "Gross Profit": 7330000.0,
        "Cost Of Revenue": 27207000.0,
        "Total Revenue": 34537000.0,
        "Operating Revenue": 34537000.0
    },
    "2024-09-30": {
        "Tax Effect Of Unusual Items": 0.0,
        "Tax Rate For Calcs": 0.0,
        "Normalized EBITDA": -3507000.0,
        "Total Unusual Items": -2629000.0,
        "Total Unusual Items Excluding Goodwill": -2629000.0,
        "Net Income From Continuing Operation Net Minority Interest": -10613000.0,
        "Reconciled Depreciation": 1267000.0,
        "Reconciled Cost Of Revenue": 28344000.0,
        "EBITDA": -6136000.0,
        "EBIT": -7403000.0,
        "Net Interest Income": -2973000.0,
        "Interest Expense": 3210000.0,
        "Interest Income": 237000.0,
        "Normalized Income": -7984000.0,
        "Net Income From Continuing And Discontinued Operation": -10613000.0,
        "Total Expenses": 42137000.0,
        "Total Operating Income As Reported": -5891000.0,
        "Diluted Average Shares": 1118820.0,
        "Basic Average Shares": 1118820.0,
        "Diluted EPS": -9.48,
        "Basic EPS": -9.48,
        "Diluted NI Availto Com Stockholders": -10613000.0,
        "Net Income Common Stockholders": -10613000.0,
        "Net Income": -10613000.0,
        "Net Income Including Noncontrolling Interests": -10613000.0,
        "Net Income Continuous Operations": -10613000.0,
        "Tax Provision": 0.0,
        "Pretax Income": -10613000.0,
        "Other Income Expense": -1749000.0,
        "Other Non Operating Income Expenses": 880000.0,
        "Special Income Charges": -2629000.0,
        "Gain On Sale Of Business": -3290000.0,
        "Other Special Charges": NaN,
        "Restructuring And Mergern Acquisition": -661000.0,
        "Earnings From Equity Interest": NaN,
        "Gain On Sale Of Security": NaN,
        "Net Non Operating Interest Income Expense": -2973000.0,
        "Interest Expense Non Operating": 3210000.0,
        "Interest Income Non Operating": 237000.0,
        "Operating Income": -5891000.0,
        "Operating Expense": 13656000.0,
        "Other Operating Expenses": 2997000.0,
        "Depreciation Amortization Depletion Income Statement": 1130000.0,
        "Depreciation And Amortization In Income Statement": 1130000.0,
        "Research And Development": 3069000.0,
        "Selling General And Administration": 6460000.0,
        "Selling And Marketing Expense": 1518000.0,
        "General And Administrative Expense": 4942000.0,
        "Other Gand A": 4942000.0,
        "Gross Profit": 7765000.0,
        "Cost Of Revenue": 28481000.0,
        "Total Revenue": 36246000.0,
        "Operating Revenue": 36246000.0
    },
    "2024-12-31": {
        "Tax Effect Of Unusual Items": 149520.0,
        "Tax Rate For Calcs": 0.21,
        "Normalized EBITDA": -4113000.0,
        "Total Unusual Items": 712000.0,
        "Total Unusual Items Excluding Goodwill": 712000.0,
        "Net Income From Continuing Operation Net Minority Interest": -8732000.0,
        "Reconciled Depreciation": 1044000.0,
        "Reconciled Cost Of Revenue": 24764000.0,
        "EBITDA": -3401000.0,
        "EBIT": -4445000.0,
        "Net Interest Income": -3080000.0,
        "Interest Expense": 3189000.0,
        "Interest Income": 109000.0,
        "Normalized Income": -9294480.0,
        "Net Income From Continuing And Discontinued Operation": -8732000.0,
        "Total Expenses": 36645000.0,
        "Total Operating Income As Reported": -4615000.0,
        "Diluted Average Shares": 1124972.0,
        "Basic Average Shares": 1124972.0,
        "Diluted EPS": -0.650004,
        "Basic EPS": -0.650004,
        "Diluted NI Availto Com Stockholders": -8732000.0,
        "Net Income Common Stockholders": -8732000.0,
        "Net Income": -8732000.0,
        "Net Income Including Noncontrolling Interests": -8732000.0,
        "Net Income Continuous Operations": -8732000.0,
        "Tax Provision": 1098000.0,
        "Pretax Income": -7634000.0,
        "Other Income Expense": 61000.0,
        "Other Non Operating Income Expenses": NaN,
        "Special Income Charges": 108000.0,
        "Gain On Sale Of Business": 0.0,
        "Other Special Charges": 0.0,
        "Restructuring And Mergern Acquisition": -108000.0,
        "Earnings From Equity Interest": NaN,
        "Gain On Sale Of Security": NaN,
        "Net Non Operating Interest Income Expense": -3080000.0,
        "Interest Expense Non Operating": 3189000.0,
        "Interest Income Non Operating": 109000.0,
        "Operating Income": -4615000.0,
        "Operating Expense": 11728000.0,
        "Other Operating Expenses": 2546000.0,
        "Depreciation Amortization Depletion Income Statement": 891000.0,
        "Depreciation And Amortization In Income Statement": 891000.0,
        "Research And Development": 2823000.0,
        "Selling General And Administration": 5468000.0,
        "Selling And Marketing Expense": 717000.0,
        "General And Administrative Expense": 4751000.0,
        "Other Gand A": 4751000.0,
        "Gross Profit": 7113000.0,
        "Cost Of Revenue": 24917000.0,
        "Total Revenue": 32030000.0,
        "Operating Revenue": 32030000.0
    },
    "2025-03-31": {
        "Tax Effect Of Unusual Items": 23940.0,
        "Tax Rate For Calcs": 0.21,
        "Normalized EBITDA": -1167000.0,
        "Total Unusual Items": 114000.0,
        "Total Unusual Items Excluding Goodwill": 114000.0,
        "Net Income From Continuing Operation Net Minority Interest": -5484000.0,
        "Reconciled Depreciation": 1115000.0,
        "Reconciled Cost Of Revenue": 23154000.0,
        "EBITDA": -1053000.0,
        "EBIT": -2168000.0,
        "Net Interest Income": -3277000.0,
        "Interest Expense": 3297000.0,
        "Interest Income": 20000.0,
        "Normalized Income": -5574060.0,
        "Net Income From Continuing And Discontinued Operation": -5484000.0,
        "Total Expenses": 33719000.0,
        "Total Operating Income As Reported": -2447000.0,
        "Diluted Average Shares": 1169354.0,
        "Basic Average Shares": 1169354.0,
        "Diluted EPS": -4.69,
        "Basic EPS": -4.69,
        "Diluted NI Availto Com Stockholders": -5484000.0,
        "Net Income Common Stockholders": -5484000.0,
        "Net Income": -5484000.0,
        "Net Income Including Noncontrolling Interests": -5484000.0,
        "Net Income Continuous Operations": -5484000.0,
        "Tax Provision": 19000.0,
        "Pretax Income": -5465000.0,
        "Other Income Expense": 259000.0,
        "Other Non Operating Income Expenses": -5000.0,
        "Special Income Charges": 77000.0,
        "Gain On Sale Of Business": NaN,
        "Other Special Charges": NaN,
        "Restructuring And Mergern Acquisition": -77000.0,
        "Earnings From Equity Interest": 150000.0,
        "Gain On Sale Of Security": 37000.0,
        "Net Non Operating Interest Income Expense": -3277000.0,
        "Interest Expense Non Operating": 3297000.0,
        "Interest Income Non Operating": 20000.0,
        "Operating Income": -2447000.0,
        "Operating Expense": 10436000.0,
        "Other Operating Expenses": 2411000.0,
        "Depreciation Amortization Depletion Income Statement": 986000.0,
        "Depreciation And Amortization In Income Statement": 986000.0,
        "Research And Development": 1968000.0,
        "Selling General And Administration": 5071000.0,
        "Selling And Marketing Expense": 703000.0,
        "General And Administrative Expense": 4368000.0,
        "Other Gand A": 4368000.0,
        "Gross Profit": 7989000.0,
        "Cost Of Revenue": 23283000.0,
        "Total Revenue": 31272000.0,
        "Operating Revenue": 31272000.0
    }
}