{
    "2023-03-31": {
        "Tax Effect Of Unusual Items": NaN,
        "Tax Rate For Calcs": NaN,
        "Normalized EBITDA": NaN,
        "Total Unusual Items": NaN,
        "Total Unusual Items Excluding Goodwill": NaN,
        "Net Income From Continuing Operation Net Minority Interest": NaN,
        "Reconciled Depreciation": NaN,
        "Reconciled Cost Of Revenue": NaN,
        "EBITDA": NaN,
        "EBIT": NaN,
        "Net Interest Income": NaN,
        "Interest Expense": NaN,
        "Interest Income": NaN,
        "Normalized Income": NaN,
        "Net Income From Continuing And Discontinued Operation": NaN,
        "Total Expenses": NaN,
        "Total Operating Income As Reported": NaN,
        "Diluted Average Shares": 2519447200.0,
        "Basic Average Shares": 2469776000.0,
        "Diluted EPS": 6.4,
        "Basic EPS": 6.55,
        "Diluted NI Availto Com Stockholders": NaN,
        "Net Income Common Stockholders": NaN,
        "Net Income": NaN,
        "Minority Interests": NaN,
        "Net Income Including Noncontrolling Interests": NaN,
        "Net Income Continuous Operations": NaN,
        "Tax Provision": NaN,
        "Pretax Income": NaN,
        "Other Income Expense": NaN,
        "Other Non Operating Income Expenses": NaN,
        "Special Income Charges": NaN,
        "Gain On Sale Of Ppe": NaN,
        "Gain On Sale Of Business": 19548000.0,
        "Write Off": NaN,
        "Restructuring And Mergern Acquisition": NaN,
        "Earnings From Equity Interest": NaN,
        "Gain On Sale Of Security": NaN,
        "Net Non Operating Interest Income Expense": NaN,
        "Total Other Finance Cost": NaN,
        "Interest Expense Non Operating": NaN,
        "Interest Income Non Operating": NaN,
        "Operating Income": NaN,
        "Operating Expense": NaN,
        "Other Operating Expenses": NaN,
        "Research And Development": NaN,
        "Selling General And Administration": NaN,
        "Selling And Marketing Expense": NaN,
        "General And Administrative Expense": NaN,
        "Other Gand A": NaN,
        "Gross Profit": NaN,
        "Cost Of Revenue": NaN,
        "Total Revenue": NaN,
        "Operating Revenue": NaN
    },
    "2022-12-31": {
        "Tax Effect Of Unusual Items": -312104627.951873,
        "Tax Rate For Calcs": 0.237189,
        "Normalized EBITDA": 40264198000.0,
        "Total Unusual Items": -1315849000.0,
        "Total Unusual Items Excluding Goodwill": -1315849000.0,
        "Net Income From Continuing Operation Net Minority Interest": 21348270000.0,
        "Reconciled Depreciation": 10477404000.0,
        "Reconciled Cost Of Revenue": 38711776000.0,
        "EBITDA": 38948349000.0,
        "EBIT": 28470945000.0,
        "Net Interest Income": 567644000.0,
        "Interest Expense": 416381000.0,
        "Interest Income": 1000175000.0,
        "Normalized Income": 22352014372.048126,
        "Net Income From Continuing And Discontinued Operation": 21348270000.0,
        "Total Expenses": 44292255000.0,
        "Total Operating Income As Reported": 23636775000.0,
        "Diluted Average Shares": NaN,
        "Basic Average Shares": NaN,
        "Diluted EPS": NaN,
        "Basic EPS": NaN,
        "Diluted NI Availto Com Stockholders": 21348270000.0,
        "Net Income Common Stockholders": 21348270000.0,
        "Net Income": 21348270000.0,
        "Minority Interests": -52066000.0,
        "Net Income Including Noncontrolling Interests": 21400336000.0,
        "Net Income Continuous Operations": 21400336000.0,
        "Tax Provision": 6654228000.0,
        "Pretax Income": 28054564000.0,
        "Other Income Expense": 3943460000.0,
        "Other Non Operating Income Expenses": 76154000.0,
        "Special Income Charges": 41508000.0,
        "Gain On Sale Of Ppe": 41843000.0,
        "Gain On Sale Of Business": NaN,
        "Write Off": 335000.0,
        "Restructuring And Mergern Acquisition": NaN,
        "Earnings From Equity Interest": 5183155000.0,
        "Gain On Sale Of Security": -1357357000.0,
        "Net Non Operating Interest Income Expense": 567644000.0,
        "Total Other Finance Cost": 16150000.0,
        "Interest Expense Non Operating": 416381000.0,
        "Interest Income Non Operating": 1000175000.0,
        "Operating Income": 23543460000.0,
        "Operating Expense": 5580479000.0,
        "Other Operating Expenses": -1217397000.0,
        "Research And Development": 3406765000.0,
        "Selling General And Administration": 3391111000.0,
        "Selling And Marketing Expense": 952700000.0,
        "General And Administrative Expense": 2438411000.0,
        "Other Gand A": 2438411000.0,
        "Gross Profit": 29123939000.0,
        "Cost Of Revenue": 38711776000.0,
        "Total Revenue": 67835715000.0,
        "Operating Revenue": 63236113000.0
    },
    "2022-09-30": {
        "Tax Effect Of Unusual Items": NaN,
        "Tax Rate For Calcs": NaN,
        "Normalized EBITDA": NaN,
        "Total Unusual Items": NaN,
        "Total Unusual Items Excluding Goodwill": NaN,
        "Net Income From Continuing Operation Net Minority Interest": NaN,
        "Reconciled Depreciation": NaN,
        "Reconciled Cost Of Revenue": NaN,
        "EBITDA": NaN,
        "EBIT": NaN,
        "Net Interest Income": NaN,
        "Interest Expense": NaN,
        "Interest Income": NaN,
        "Normalized Income": NaN,
        "Net Income From Continuing And Discontinued Operation": NaN,
        "Total Expenses": NaN,
        "Total Operating Income As Reported": NaN,
        "Diluted Average Shares": 2527132400.0,
        "Basic Average Shares": 2461103400.0,
        "Diluted EPS": 10.7,
        "Basic EPS": 10.95,
        "Diluted NI Availto Com Stockholders": NaN,
        "Net Income Common Stockholders": NaN,
        "Net Income": NaN,
        "Minority Interests": NaN,
        "Net Income Including Noncontrolling Interests": NaN,
        "Net Income Continuous Operations": NaN,
        "Tax Provision": NaN,
        "Pretax Income": NaN,
        "Other Income Expense": NaN,
        "Other Non Operating Income Expenses": NaN,
        "Special Income Charges": NaN,
        "Gain On Sale Of Ppe": NaN,
        "Gain On Sale Of Business": 0.0,
        "Write Off": NaN,
        "Restructuring And Mergern Acquisition": 0.0,
        "Earnings From Equity Interest": NaN,
        "Gain On Sale Of Security": NaN,
        "Net Non Operating Interest Income Expense": NaN,
        "Total Other Finance Cost": NaN,
        "Interest Expense Non Operating": NaN,
        "Interest Income Non Operating": NaN,
        "Operating Income": NaN,
        "Operating Expense": NaN,
        "Other Operating Expenses": NaN,
        "Research And Development": NaN,
        "Selling General And Administration": NaN,
        "Selling And Marketing Expense": NaN,
        "General And Administrative Expense": NaN,
        "Other Gand A": NaN,
        "Gross Profit": NaN,
        "Cost Of Revenue": NaN,
        "Total Revenue": NaN,
        "Operating Revenue": NaN
    },
    "2022-06-30": {
        "Tax Effect Of Unusual Items": -33221457.267114,
        "Tax Rate For Calcs": 0.159792,
        "Normalized EBITDA": 37341204000.0,
        "Total Unusual Items": -207905000.0,
        "Total Unusual Items Excluding Goodwill": -207905000.0,
        "Net Income From Continuing Operation Net Minority Interest": 21326816000.0,
        "Reconciled Depreciation": 11107494000.0,
        "Reconciled Cost Of Revenue": 38582963000.0,
        "EBITDA": 37133299000.0,
        "EBIT": 26025805000.0,
        "Net Interest Income": -193370000.0,
        "Interest Expense": 448291000.0,
        "Interest Income": 285710000.0,
        "Normalized Income": 21501499542.732887,
        "Net Income From Continuing And Discontinued Operation": 21326816000.0,
        "Total Expenses": 44209328000.0,
        "Total Operating Income As Reported": 28164004000.0,
        "Diluted Average Shares": 2510674800.0,
        "Basic Average Shares": 2456695800.0,
        "Diluted EPS": 8.5,
        "Basic EPS": 8.7,
        "Diluted NI Availto Com Stockholders": 21326816000.0,
        "Net Income Common Stockholders": 21326816000.0,
        "Net Income": 21326816000.0,
        "Minority Interests": -163628000.0,
        "Net Income Including Noncontrolling Interests": 21490444000.0,
        "Net Income Continuous Operations": 21490444000.0,
        "Tax Provision": 4087070000.0,
        "Pretax Income": 25577514000.0,
        "Other Income Expense": -2074928000.0,
        "Other Non Operating Income Expenses": 159513000.0,
        "Special Income Charges": 271489000.0,
        "Gain On Sale Of Ppe": 274172000.0,
        "Gain On Sale Of Business": NaN,
        "Write Off": 2683000.0,
        "Earnings From Equity Interest": -2026536000.0,
        "Gain On Sale Of Security": -479394000.0,
        "Net Non Operating Interest Income Expense": -193370000.0,
        "Total Other Finance Cost": 30789000.0,
        "Interest Expense Non Operating": 448291000.0,
        "Interest Income Non Operating": 285710000.0,
        "Operating Income": 27845812000.0,
        "Operating Expense": 5626365000.0,
        "Other Operating Expenses": -1077480000.0,
        "Research And Development": 3209359000.0,
        "Selling General And Administration": 3494486000.0,
        "Selling And Marketing Expense": 915110000.0,
        "General And Administrative Expense": 2579376000.0,
        "Other Gand A": 2579376000.0,
        "Gross Profit": 33472177000.0,
        "Cost Of Revenue": 38582963000.0,
        "Total Revenue": 72055140000.0,
        "Operating Revenue": 69631670000.0
    },
    "2022-03-31": {
        "Diluted EPS": 0.28,
        "Total Revenue": NaN,
        "Gross Profit": 982,
        "Operating Income": 797,
        "EBIT": NaN,
        "Net Income": 707
    },
    "2021-12-31": {
        "Diluted EPS": 0.18,
        "Total Revenue": NaN,
        "Gross Profit": 845,
        "Operating Income": 644,
        "EBIT": NaN,
        "Net Income": 422
    },
    "2021-09-30": {
        "Diluted EPS": 0.25,
        "Total Revenue": NaN,
        "Gross Profit": 738,
        "Operating Income": 543,
        "EBIT": 930,
        "Net Income": 627
    },
    "2021-06-30": {
        "Diluted EPS": 0.17,
        "Total Revenue": NaN,
        "Gross Profit": 570,
        "Operating Income": 405,
        "EBIT": 789,
        "Net Income": 428
    },
    "2021-03-31": {
        "Diluted EPS": 0.15,
        "Total Revenue": NaN,
        "Gross Profit": 445,
        "Operating Income": 271,
        "EBIT": 657,
        "Net Income": 371
    },
    "2020-12-31": {
        "Diluted EPS": 0.09,
        "Total Revenue": NaN,
        "Gross Profit": 442,
        "Operating Income": 229,
        "EBIT": 671,
        "Net Income": 207
    },
    "2020-09-30": {
        "Diluted EPS": 0.13,
        "Total Revenue": NaN,
        "Gross Profit": 333,
        "Operating Income": 243,
        "EBIT": 638,
        "Net Income": 311
    },
    "2020-06-30": {
        "Diluted EPS": 0.09,
        "Total Revenue": NaN,
        "Gross Profit": 344,
        "Operating Income": 196,
        "EBIT": 574,
        "Net Income": 224
    },
    "2020-03-31": {
        "Diluted EPS": 0.03,
        "Total Revenue": NaN,
        "Gross Profit": 270,
        "Operating Income": 113,
        "EBIT": 497,
        "Net Income": 73
    },
    "2019-12-31": {
        "Diluted EPS": 0.04,
        "Total Revenue": NaN,
        "Gross Profit": 251,
        "Operating Income": 78,
        "EBIT": 516,
        "Net Income": 84
    },
    "2019-09-30": {
        "Diluted EPS": 0.04,
        "Total Revenue": NaN,
        "Gross Profit": 206,
        "Operating Income": 81,
        "EBIT": 432,
        "Net Income": 94
    },
    "2019-06-30": {
        "Diluted EPS": 0.02,
        "Total Revenue": NaN,
        "Gross Profit": 182,
        "Operating Income": 57,
        "EBIT": 413,
        "Net Income": 56
    },
    "2019-03-31": {
        "Diluted EPS": 0.02,
        "Total Revenue": NaN,
        "Gross Profit": 74,
        "Operating Income": -52,
        "EBIT": 317,
        "Net Income": 39
    },
    "2018-12-31": {
        "Diluted EPS": -0.01,
        "Total Revenue": NaN,
        "Gross Profit": 137,
        "Operating Income": -27,
        "EBIT": 349,
        "Net Income": 5
    },
    "2018-09-30": {
        "Diluted EPS": 0.02,
        "Total Revenue": NaN,
        "Gross Profit": 226,
        "Operating Income": 79,
        "EBIT": 445,
        "Net Income": 6
    },
    "2018-06-30": {
        "Diluted EPS": 0.05,
        "Total Revenue": NaN,
        "Gross Profit": 224,
        "Operating Income": 107,
        "EBIT": 514,
        "Net Income": 123
    },
    "2018-03-31": {
        "Diluted EPS": 0.05,
        "Total Revenue": NaN,
        "Gross Profit": 159,
        "Operating Income": 26,
        "EBIT": 451,
        "Net Income": 116
    },
    "2017-09-30": {
        "Diluted EPS": 0.04,
        "Total Revenue": NaN,
        "Gross Profit": 218,
        "Operating Income": 54,
        "EBIT": 486,
        "Net Income": 115
    },
    "2017-06-30": {
        "Diluted EPS": 0.03,
        "Total Revenue": NaN,
        "Gross Profit": 223,
        "Operating Income": 55,
        "EBIT": 55,
        "Net Income": 69
    },
    "2017-03-31": {
        "Diluted EPS": 0.03,
        "Total Revenue": NaN,
        "Gross Profit": 245,
        "Operating Income": 45,
        "Net Income": 75
    },
    "2016-12-31": {
        "Diluted EPS": 0.03,
        "Total Revenue": NaN,
        "Gross Profit": 267,
        "Operating Income": 69,
        "EBIT": 451,
        "Net Income": 86
    },
    "2016-09-30": {
        "Diluted EPS": 0.04,
        "Total Revenue": NaN,
        "Gross Profit": 262,
        "Operating Income": 47,
        "EBIT": 472,
        "Net Income": 94
    },
    "2016-06-30": {
        "Diluted EPS": 0.03,
        "Total Revenue": NaN,
        "Gross Profit": 256,
        "Operating Income": 76,
        "EBIT": 486,
        "Net Income": 80
    },
    "2016-03-31": {
        "Diluted EPS": 0.0,
        "Total Revenue": NaN,
        "Gross Profit": 153,
        "Operating Income": 0,
        "EBIT": 383,
        "Net Income": 6
    },
    "2015-12-31": {
        "Diluted EPS": 0.04,
        "Total Revenue": NaN,
        "Gross Profit": 328,
        "Operating Income": 759,
        "EBIT": NaN,
        "Net Income": 96
    },
    "2015-09-30": {
        "Diluted EPS": 0.02,
        "Total Revenue": NaN,
        "Gross Profit": 184,
        "Operating Income": -2,
        "EBIT": 335,
        "Net Income": 52
    },
    "2015-06-30": {
        "Diluted EPS": 0.06,
        "Total Revenue": NaN,
        "Gross Profit": 280,
        "Operating Income": 122,
        "EBIT": 508,
        "Net Income": 149
    },
    "2015-03-31": {
        "Diluted EPS": 0.05,
        "Total Revenue": NaN,
        "Gross Profit": 300,
        "Operating Income": -426,
        "EBIT": -99,
        "Net Income": 127
    },
    "2014-12-31": {
        "Diluted EPS": 0.06,
        "Total Revenue": NaN,
        "Gross Profit": 299,
        "Operating Income": 135,
        "EBIT": 478,
        "Net Income": 144
    },
    "2014-09-30": {
        "Diluted EPS": 0.04,
        "Total Revenue": NaN,
        "Gross Profit": 237,
        "Operating Income": 42,
        "EBIT": 383,
        "Net Income": 85
    },
    "2014-06-30": {
        "Diluted EPS": 0.05,
        "Total Revenue": NaN,
        "Gross Profit": 283,
        "Operating Income": 107,
        "EBIT": 440,
        "Net Income": 117
    },
    "2014-03-31": {
        "Diluted EPS": 0.02,
        "Total Revenue": NaN,
        "Gross Profit": 189,
        "Operating Income": 23,
        "EBIT": 348,
        "Net Income": 39
    },
    "2013-12-31": {
        "Diluted EPS": 0.01,
        "Total Revenue": NaN,
        "Gross Profit": 170,
        "Operating Income": -13,
        "EBIT": 319,
        "Net Income": 25
    },
    "2013-09-30": {
        "Diluted EPS": 0.05,
        "Total Revenue": NaN,
        "Gross Profit": 255,
        "Operating Income": 89,
        "EBIT": 407,
        "Net Income": 117
    },
    "2013-06-30": {
        "Diluted EPS": 0.03,
        "Total Revenue": NaN,
        "Gross Profit": 202,
        "Operating Income": 34,
        "EBIT": 355,
        "Net Income": 60
    },
    "2013-03-31": {
        "Diluted EPS": 0.09,
        "Total Revenue": 931,
        "Gross Profit": 137,
        "Operating Income": -6,
        "EBIT": 322,
        "Net Income": 221
    },
    "2012-12-31": {
        "Diluted EPS": 0.02,
        "Total Revenue": 899,
        "Gross Profit": 899,
        "Operating Income": 899,
        "EBIT": 899,
        "Net Income": 40
    },
    "2012-09-30": {
        "Diluted EPS": 0.03,
        "Total Revenue": 973,
        "Gross Profit": 973,
        "Operating Income": 973,
        "EBIT": 973,
        "Net Income": 82
    },
    "2012-06-30": {
        "Diluted EPS": 0.04,
        "Total Revenue": 925,
        "Gross Profit": 925,
        "Operating Income": 925,
        "EBIT": 925,
        "Net Income": 100
    },
    "2012-03-31": {
        "Diluted EPS": 0.02,
        "Total Revenue": 806,
        "Gross Profit": 55,
        "Operating Income": -73,
        "EBIT": 212,
        "Net Income": 45
    },
    "2011-12-31": {
        "Diluted EPS": 0.01,
        "Total Revenue": 807,
        "Gross Profit": -133,
        "Operating Income": -303,
        "EBIT": 25,
        "Net Income": 39
    },
    "2011-09-30": {
        "Diluted EPS": 0.03,
        "Total Revenue": 826,
        "Gross Profit": 164,
        "Operating Income": 50,
        "EBIT": 274,
        "Net Income": 64
    },
    "2011-06-30": {
        "Diluted EPS": 0.04,
        "Total Revenue": 980,
        "Gross Profit": 234,
        "Operating Income": 116,
        "EBIT": 374,
        "Net Income": 111
    },
    "2011-03-31": {
        "Diluted EPS": 0.06,
        "Total Revenue": 956,
        "Gross Profit": 153,
        "Operating Income": 22,
        "EBIT": 289,
        "Net Income": 152
    },
    "2010-12-31": {
        "Diluted EPS": 0.09,
        "Total Revenue": NaN,
        "Gross Profit": 11,
        "Operating Income": -178,
        "EBIT": 129,
        "Net Income": 221
    },
    "2010-09-30": {
        "Diluted EPS": 0.11,
        "Total Revenue": NaN,
        "Gross Profit": 341,
        "Operating Income": 230,
        "EBIT": 483,
        "Net Income": 279
    },
    "2010-06-30": {
        "Diluted EPS": 0.07,
        "Total Revenue": 926,
        "Gross Profit": 274,
        "Operating Income": 169,
        "EBIT": 408,
        "Net Income": 164
    },
    "2010-03-31": {
        "Diluted EPS": 0.04,
        "Total Revenue": 842,
        "Gross Profit": 192,
        "Operating Income": 85,
        "EBIT": 341,
        "Net Income": 110
    },
    "2009-12-31": {
        "Diluted EPS": 0.06,
        "Total Revenue": 868,
        "Gross Profit": 107,
        "Operating Income": -34,
        "EBIT": 247,
        "Net Income": 137
    },
    "2009-09-30": {
        "Diluted EPS": 0.07,
        "Total Revenue": 853,
        "Gross Profit": 238,
        "Operating Income": 131,
        "EBIT": 398,
        "Net Income": 190
    },
    "2009-06-30": {
        "Diluted EPS": 0.02,
        "Total Revenue": 690,
        "Gross Profit": 164,
        "Operating Income": 82,
        "EBIT": 336,
        "Net Income": 47
    },
    "2009-03-31": {
        "Diluted EPS": -0.09,
        "Total Revenue": 319,
        "Gross Profit": -157,
        "Operating Income": -252,
        "EBIT": 12,
        "Net Income": -240
    },
    "2023-06-30": {
        "Tax Effect Of Unusual Items": NaN,
        "Tax Rate For Calcs": NaN,
        "Normalized EBITDA": NaN,
        "Total Unusual Items": NaN,
        "Total Unusual Items Excluding Goodwill": NaN,
        "Net Income From Continuing Operation Net Minority Interest": NaN,
        "Reconciled Depreciation": NaN,
        "Reconciled Cost Of Revenue": NaN,
        "EBITDA": NaN,
        "EBIT": NaN,
        "Net Interest Income": NaN,
        "Interest Expense": NaN,
        "Interest Income": NaN,
        "Normalized Income": NaN,
        "Net Income From Continuing And Discontinued Operation": NaN,
        "Total Expenses": NaN,
        "Total Operating Income As Reported": NaN,
        "Diluted Average Shares": 2505236400.0,
        "Basic Average Shares": 2469797200.0,
        "Diluted EPS": 6.25,
        "Basic EPS": 6.35,
        "Diluted NI Availto Com Stockholders": NaN,
        "Net Income Common Stockholders": NaN,
        "Net Income": NaN,
        "Minority Interests": NaN,
        "Net Income Including Noncontrolling Interests": NaN,
        "Net Income Continuous Operations": NaN,
        "Tax Provision": NaN,
        "Pretax Income": NaN,
        "Other Income Expense": NaN,
        "Other Non Operating Income Expenses": NaN,
        "Special Income Charges": NaN,
        "Gain On Sale Of Ppe": NaN,
        "Gain On Sale Of Business": 72000.0,
        "Write Off": NaN,
        "Restructuring And Mergern Acquisition": NaN,
        "Earnings From Equity Interest": NaN,
        "Gain On Sale Of Security": NaN,
        "Net Non Operating Interest Income Expense": NaN,
        "Total Other Finance Cost": NaN,
        "Interest Expense Non Operating": NaN,
        "Interest Income Non Operating": NaN,
        "Operating Income": NaN,
        "Operating Expense": NaN,
        "Other Operating Expenses": NaN,
        "Research And Development": NaN,
        "Selling General And Administration": NaN,
        "Selling And Marketing Expense": NaN,
        "General And Administrative Expense": NaN,
        "Other Gand A": NaN,
        "Gross Profit": NaN,
        "Cost Of Revenue": NaN,
        "Total Revenue": NaN,
        "Operating Revenue": NaN
    },
    "2023-09-30": {
        "Tax Effect Of Unusual Items": NaN,
        "Tax Rate For Calcs": NaN,
        "Normalized EBITDA": NaN,
        "Total Unusual Items": NaN,
        "Total Unusual Items Excluding Goodwill": NaN,
        "Net Income From Continuing Operation Net Minority Interest": NaN,
        "Reconciled Depreciation": NaN,
        "Reconciled Cost Of Revenue": NaN,
        "EBITDA": NaN,
        "EBIT": NaN,
        "Net Interest Income": NaN,
        "Interest Expense": NaN,
        "Interest Income": NaN,
        "Normalized Income": NaN,
        "Net Income From Continuing And Discontinued Operation": NaN,
        "Total Expenses": NaN,
        "Total Operating Income As Reported": NaN,
        "Diluted Average Shares": 2513354800.0,
        "Basic Average Shares": 2474226000.0,
        "Diluted EPS": 6.35,
        "Basic EPS": 6.45,
        "Diluted NI Availto Com Stockholders": NaN,
        "Net Income Common Stockholders": NaN,
        "Net Income": NaN,
        "Minority Interests": NaN,
        "Net Income Including Noncontrolling Interests": NaN,
        "Net Income Continuous Operations": NaN,
        "Tax Provision": NaN,
        "Pretax Income": NaN,
        "Other Income Expense": NaN,
        "Other Non Operating Income Expenses": NaN,
        "Special Income Charges": NaN,
        "Gain On Sale Of Ppe": NaN,
        "Gain On Sale Of Business": 0.0,
        "Write Off": NaN,
        "Restructuring And Mergern Acquisition": -494001000.0,
        "Earnings From Equity Interest": NaN,
        "Gain On Sale Of Security": NaN,
        "Net Non Operating Interest Income Expense": NaN,
        "Total Other Finance Cost": NaN,
        "Interest Expense Non Operating": NaN,
        "Interest Income Non Operating": NaN,
        "Operating Income": NaN,
        "Operating Expense": NaN,
        "Other Operating Expenses": NaN,
        "Research And Development": NaN,
        "Selling General And Administration": NaN,
        "Selling And Marketing Expense": NaN,
        "General And Administrative Expense": NaN,
        "Other Gand A": NaN,
        "Gross Profit": NaN,
        "Cost Of Revenue": NaN,
        "Total Revenue": NaN,
        "Operating Revenue": NaN
    },
    "2023-12-31": {
        "Tax Effect Of Unusual Items": NaN,
        "Tax Rate For Calcs": NaN,
        "Normalized EBITDA": NaN,
        "Total Unusual Items": NaN,
        "Total Unusual Items Excluding Goodwill": NaN,
        "Net Income From Continuing Operation Net Minority Interest": NaN,
        "Reconciled Depreciation": NaN,
        "Reconciled Cost Of Revenue": NaN,
        "EBITDA": NaN,
        "EBIT": NaN,
        "Net Interest Income": NaN,
        "Interest Expense": NaN,
        "Interest Income": NaN,
        "Normalized Income": NaN,
        "Net Income From Continuing And Discontinued Operation": NaN,
        "Total Expenses": NaN,
        "Total Operating Income As Reported": NaN,
        "Diluted Average Shares": NaN,
        "Basic Average Shares": NaN,
        "Diluted EPS": NaN,
        "Basic EPS": NaN,
        "Diluted NI Availto Com Stockholders": NaN,
        "Net Income Common Stockholders": NaN,
        "Net Income": NaN,
        "Minority Interests": NaN,
        "Net Income Including Noncontrolling Interests": NaN,
        "Net Income Continuous Operations": NaN,
        "Tax Provision": NaN,
        "Pretax Income": NaN,
        "Other Income Expense": NaN,
        "Other Non Operating Income Expenses": NaN,
        "Special Income Charges": NaN,
        "Gain On Sale Of Ppe": NaN,
        "Gain On Sale Of Business": NaN,
        "Write Off": NaN,
        "Restructuring And Mergern Acquisition": 0.0,
        "Earnings From Equity Interest": NaN,
        "Gain On Sale Of Security": NaN,
        "Net Non Operating Interest Income Expense": NaN,
        "Total Other Finance Cost": NaN,
        "Interest Expense Non Operating": NaN,
        "Interest Income Non Operating": NaN,
        "Operating Income": NaN,
        "Operating Expense": NaN,
        "Other Operating Expenses": NaN,
        "Research And Development": NaN,
        "Selling General And Administration": NaN,
        "Selling And Marketing Expense": NaN,
        "General And Administrative Expense": NaN,
        "Other Gand A": NaN,
        "Gross Profit": NaN,
        "Cost Of Revenue": NaN,
        "Total Revenue": NaN,
        "Operating Revenue": NaN
    },
    "2024-03-31": {
        "Tax Effect Of Unusual Items": NaN,
        "Tax Rate For Calcs": NaN,
        "Normalized EBITDA": NaN,
        "Total Unusual Items": NaN,
        "Total Unusual Items Excluding Goodwill": NaN,
        "Net Income From Continuing Operation Net Minority Interest": NaN,
        "Reconciled Depreciation": NaN,
        "Reconciled Cost Of Revenue": NaN,
        "EBITDA": NaN,
        "EBIT": NaN,
        "Net Interest Income": NaN,
        "Interest Expense": NaN,
        "Interest Income": NaN,
        "Normalized Income": NaN,
        "Net Income From Continuing And Discontinued Operation": NaN,
        "Total Expenses": NaN,
        "Total Operating Income As Reported": NaN,
        "Diluted Average Shares": NaN,
        "Basic Average Shares": NaN,
        "Diluted EPS": NaN,
        "Basic EPS": NaN,
        "Diluted NI Availto Com Stockholders": NaN,
        "Net Income Common Stockholders": NaN,
        "Net Income": NaN,
        "Minority Interests": NaN,
        "Net Income Including Noncontrolling Interests": NaN,
        "Net Income Continuous Operations": NaN,
        "Tax Provision": NaN,
        "Pretax Income": NaN,
        "Other Income Expense": NaN,
        "Other Non Operating Income Expenses": NaN,
        "Special Income Charges": NaN,
        "Gain On Sale Of Ppe": NaN,
        "Gain On Sale Of Business": 0.0,
        "Write Off": NaN,
        "Restructuring And Mergern Acquisition": NaN,
        "Earnings From Equity Interest": NaN,
        "Gain On Sale Of Security": NaN,
        "Net Non Operating Interest Income Expense": NaN,
        "Total Other Finance Cost": NaN,
        "Interest Expense Non Operating": NaN,
        "Interest Income Non Operating": NaN,
        "Operating Income": NaN,
        "Operating Expense": NaN,
        "Other Operating Expenses": NaN,
        "Research And Development": NaN,
        "Selling General And Administration": NaN,
        "Selling And Marketing Expense": NaN,
        "General And Administrative Expense": NaN,
        "Other Gand A": NaN,
        "Gross Profit": NaN,
        "Cost Of Revenue": NaN,
        "Total Revenue": NaN,
        "Operating Revenue": NaN
    },
    "2024-06-30": {
        "Tax Effect Of Unusual Items": NaN,
        "Tax Rate For Calcs": NaN,
        "Normalized EBITDA": NaN,
        "Total Unusual Items": NaN,
        "Total Unusual Items Excluding Goodwill": NaN,
        "Net Income From Continuing Operation Net Minority Interest": NaN,
        "Reconciled Depreciation": NaN,
        "Reconciled Cost Of Revenue": NaN,
        "EBITDA": NaN,
        "EBIT": NaN,
        "Net Interest Income": NaN,
        "Interest Expense": NaN,
        "Interest Income": NaN,
        "Normalized Income": NaN,
        "Net Income From Continuing And Discontinued Operation": NaN,
        "Total Expenses": NaN,
        "Total Operating Income As Reported": NaN,
        "Diluted Average Shares": 2505988400.0,
        "Basic Average Shares": 2482837800.0,
        "Diluted EPS": 5.5,
        "Basic EPS": 5.55,
        "Diluted NI Availto Com Stockholders": NaN,
        "Net Income Common Stockholders": NaN,
        "Net Income": NaN,
        "Minority Interests": NaN,
        "Net Income Including Noncontrolling Interests": NaN,
        "Net Income Continuous Operations": NaN,
        "Tax Provision": NaN,
        "Pretax Income": NaN,
        "Other Income Expense": NaN,
        "Other Non Operating Income Expenses": NaN,
        "Special Income Charges": NaN,
        "Gain On Sale Of Ppe": NaN,
        "Gain On Sale Of Business": 0.0,
        "Write Off": NaN,
        "Restructuring And Mergern Acquisition": NaN,
        "Earnings From Equity Interest": NaN,
        "Gain On Sale Of Security": NaN,
        "Net Non Operating Interest Income Expense": NaN,
        "Total Other Finance Cost": NaN,
        "Interest Expense Non Operating": NaN,
        "Interest Income Non Operating": NaN,
        "Operating Income": NaN,
        "Operating Expense": NaN,
        "Other Operating Expenses": NaN,
        "Research And Development": NaN,
        "Selling General And Administration": NaN,
        "Selling And Marketing Expense": NaN,
        "General And Administrative Expense": NaN,
        "Other Gand A": NaN,
        "Gross Profit": NaN,
        "Cost Of Revenue": NaN,
        "Total Revenue": NaN,
        "Operating Revenue": NaN
    },
    "2024-09-30": {
        "Tax Effect Of Unusual Items": 70627912.949913,
        "Tax Rate For Calcs": 0.128134,
        "Normalized EBITDA": 29182119000.0,
        "Total Unusual Items": 551205000.0,
        "Total Unusual Items Excluding Goodwill": 551205000.0,
        "Net Income From Continuing Operation Net Minority Interest": 14472042000.0,
        "Reconciled Depreciation": 12702219000.0,
        "Reconciled Cost Of Revenue": 40056240000.0,
        "EBITDA": 29733324000.0,
        "EBIT": 17031105000.0,
        "Net Interest Income": 304245000.0,
        "Interest Expense": 466917000.0,
        "Interest Income": 791468000.0,
        "Normalized Income": 13991464912.949913,
        "Net Income From Continuing And Discontinued Operation": 14472042000.0,
        "Total Expenses": 46456748000.0,
        "Total Operating Income As Reported": 14099633000.0,
        "Diluted Average Shares": 2511871600.0,
        "Basic Average Shares": 2487287400.0,
        "Diluted EPS": 5.75,
        "Basic EPS": 5.8,
        "Diluted NI Availto Com Stockholders": 14472042000.0,
        "Net Income Common Stockholders": 14472042000.0,
        "Net Income": 14472042000.0,
        "Minority Interests": 30284000.0,
        "Net Income Including Noncontrolling Interests": 14441758000.0,
        "Net Income Continuous Operations": 14441758000.0,
        "Tax Provision": 2122430000.0,
        "Pretax Income": 16564188000.0,
        "Other Income Expense": 2231606000.0,
        "Other Non Operating Income Expenses": 837641000.0,
        "Special Income Charges": 20698000.0,
        "Gain On Sale Of Ppe": 20819000.0,
        "Gain On Sale Of Business": 0.0,
        "Write Off": 121000.0,
        "Restructuring And Mergern Acquisition": 0.0,
        "Earnings From Equity Interest": 842760000.0,
        "Gain On Sale Of Security": 530507000.0,
        "Net Non Operating Interest Income Expense": 304245000.0,
        "Total Other Finance Cost": 20306000.0,
        "Interest Expense Non Operating": 466917000.0,
        "Interest Income Non Operating": 791468000.0,
        "Operating Income": 14028337000.0,
        "Operating Expense": 6400508000.0,
        "Other Operating Expenses": -158190000.0,
        "Research And Development": 4021752000.0,
        "Selling General And Administration": 2536946000.0,
        "Selling And Marketing Expense": 716505000.0,
        "General And Administrative Expense": 1820441000.0,
        "Other Gand A": 1820441000.0,
        "Gross Profit": 20428845000.0,
        "Cost Of Revenue": 40056240000.0,
        "Total Revenue": 60485085000.0,
        "Operating Revenue": 58076307000.0
    },
    "2025-03-31": {
        "Tax Effect Of Unusual Items": -73291091.496122,
        "Tax Rate For Calcs": 0.171542,
        "Normalized EBITDA": 24288116000.0,
        "Total Unusual Items": -427248000.0,
        "Total Unusual Items Excluding Goodwill": -427248000.0,
        "Net Income From Continuing Operation Net Minority Interest": 7776741000.0,
        "Reconciled Depreciation": 14128142000.0,
        "Reconciled Cost Of Revenue": 42412312000.0,
        "EBITDA": 23860868000.0,
        "EBIT": 9732726000.0,
        "Net Interest Income": 206341000.0,
        "Interest Expense": 386155000.0,
        "Interest Income": 605314000.0,
        "Normalized Income": 8130697908.503878,
        "Net Income From Continuing And Discontinued Operation": 7776741000.0,
        "Total Expenses": 48142183000.0,
        "Total Operating Income As Reported": 9785901000.0,
        "Diluted Average Shares": 2515841400.0,
        "Basic Average Shares": 2496956200.0,
        "Diluted EPS": 3.1,
        "Basic EPS": 3.1,
        "Diluted NI Availto Com Stockholders": 7776741000.0,
        "Net Income Common Stockholders": 7776741000.0,
        "Net Income": 7776741000.0,
        "Minority Interests": 33502000.0,
        "Net Income Including Noncontrolling Interests": 7743239000.0,
        "Net Income Continuous Operations": 7743239000.0,
        "Tax Provision": 1603332000.0,
        "Pretax Income": 9346571000.0,
        "Other Income Expense": -576544000.0,
        "Other Non Operating Income Expenses": 58592000.0,
        "Special Income Charges": 22035000.0,
        "Gain On Sale Of Ppe": 19629000.0,
        "Gain On Sale Of Business": NaN,
        "Write Off": -2406000.0,
        "Restructuring And Mergern Acquisition": NaN,
        "Earnings From Equity Interest": -207888000.0,
        "Gain On Sale Of Security": -449283000.0,
        "Net Non Operating Interest Income Expense": 206341000.0,
        "Total Other Finance Cost": 12818000.0,
        "Interest Expense Non Operating": 386155000.0,
        "Interest Income Non Operating": 605314000.0,
        "Operating Income": 9716774000.0,
        "Operating Expense": 5729871000.0,
        "Other Operating Expenses": -395499000.0,
        "Research And Development": 3963703000.0,
        "Selling General And Administration": 2161667000.0,
        "Selling And Marketing Expense": 619236000.0,
        "General And Administrative Expense": 1542431000.0,
        "Other Gand A": 1542431000.0,
        "Gross Profit": 15446645000.0,
        "Cost Of Revenue": 42412312000.0,
        "Total Revenue": 57858957000.0,
        "Operating Revenue": 57858957000.0
    },
    "2024-12-31": {
        "Tax Effect Of Unusual Items": 3136327.457989,
        "Tax Rate For Calcs": 0.115646,
        "Normalized EBITDA": 25233376000.0,
        "Total Unusual Items": 27120000.0,
        "Total Unusual Items Excluding Goodwill": 27120000.0,
        "Net Income From Continuing Operation Net Minority Interest": 10064953000.0,
        "Reconciled Depreciation": 13462721000.0,
        "Reconciled Cost Of Revenue": 42043529000.0,
        "EBITDA": 25260496000.0,
        "EBIT": 11797775000.0,
        "Net Interest Income": 289191000.0,
        "Interest Expense": 458354000.0,
        "Interest Income": 748239000.0,
        "Normalized Income": 10040969327.457989,
        "Net Income From Continuing And Discontinued Operation": 10064953000.0,
        "Total Expenses": 48494364000.0,
        "Total Operating Income As Reported": 11957004000.0,
        "Diluted Average Shares": NaN,
        "Basic Average Shares": NaN,
        "Diluted EPS": NaN,
        "Basic EPS": NaN,
        "Diluted NI Availto Com Stockholders": 10064953000.0,
        "Net Income Common Stockholders": 10064953000.0,
        "Net Income": 10064953000.0,
        "Minority Interests": 36894000.0,
        "Net Income Including Noncontrolling Interests": 10028059000.0,
        "Net Income Continuous Operations": 10028059000.0,
        "Tax Provision": 1311362000.0,
        "Pretax Income": 11339421000.0,
        "Other Income Expense": -841516000.0,
        "Other Non Operating Income Expenses": 103630000.0,
        "Special Income Charges": 14577000.0,
        "Gain On Sale Of Ppe": 14191000.0,
        "Gain On Sale Of Business": NaN,
        "Write Off": -386000.0,
        "Restructuring And Mergern Acquisition": 0.0,
        "Earnings From Equity Interest": -972266000.0,
        "Gain On Sale Of Security": 12543000.0,
        "Net Non Operating Interest Income Expense": 289191000.0,
        "Total Other Finance Cost": 694000.0,
        "Interest Expense Non Operating": 458354000.0,
        "Interest Income Non Operating": 748239000.0,
        "Operating Income": 11891746000.0,
        "Operating Expense": 6450835000.0,
        "Other Operating Expenses": -297305000.0,
        "Research And Development": 4334242000.0,
        "Selling General And Administration": 2413898000.0,
        "Selling And Marketing Expense": 623339000.0,
        "General And Administrative Expense": 1790559000.0,
        "Other Gand A": 1790559000.0,
        "Gross Profit": 18342581000.0,
        "Cost Of Revenue": 42043529000.0,
        "Total Revenue": 60386110000.0,
        "Operating Revenue": 57858774000.0
    },
    "2025-06-30": {
        "Tax Effect Of Unusual Items": -230863010.561969,
        "Tax Rate For Calcs": 0.128619,
        "Normalized EBITDA": 26779086000.0,
        "Total Unusual Items": -1794935000.0,
        "Total Unusual Items Excluding Goodwill": -1794935000.0,
        "Net Income From Continuing Operation Net Minority Interest": 8902530000.0,
        "Reconciled Depreciation": 14506000000.0,
        "Reconciled Cost Of Revenue": 41879559000.0,
        "EBITDA": 24984151000.0,
        "EBIT": 10478151000.0,
        "Net Interest Income": 272545000.0,
        "Interest Expense": 324173000.0,
        "Interest Income": 632900000.0,
        "Normalized Income": 10466601989.43803,
        "Net Income From Continuing And Discontinued Operation": 8902530000.0,
        "Total Expenses": 47990164000.0,
        "Total Operating Income As Reported": 10819712000.0,
        "Diluted Average Shares": 2506816400.0,
        "Basic Average Shares": 2496975400.0,
        "Diluted EPS": 3.55,
        "Basic EPS": 3.55,
        "Diluted NI Availto Com Stockholders": 8902530000.0,
        "Net Income Common Stockholders": 8902530000.0,
        "Net Income": 8902530000.0,
        "Minority Interests": 54548000.0,
        "Net Income Including Noncontrolling Interests": 8847982000.0,
        "Net Income Continuous Operations": 8847982000.0,
        "Tax Provision": 1305996000.0,
        "Pretax Income": 10153978000.0,
        "Other Income Expense": -886060000.0,
        "Other Non Operating Income Expenses": 462633000.0,
        "Special Income Charges": 4700000.0,
        "Gain On Sale Of Ppe": 4702000.0,
        "Gain On Sale Of Business": NaN,
        "Write Off": 2000.0,
        "Restructuring And Mergern Acquisition": NaN,
        "Earnings From Equity Interest": 446242000.0,
        "Gain On Sale Of Security": -1799635000.0,
        "Net Non Operating Interest Income Expense": 272545000.0,
        "Total Other Finance Cost": 36182000.0,
        "Interest Expense Non Operating": 324173000.0,
        "Interest Income Non Operating": 632900000.0,
        "Operating Income": 10767493000.0,
        "Operating Expense": 6110605000.0,
        "Other Operating Expenses": -356662000.0,
        "Research And Development": 4193679000.0,
        "Selling General And Administration": 2273588000.0,
        "Selling And Marketing Expense": 591217000.0,
        "General And Administrative Expense": 1682371000.0,
        "Other Gand A": 1682371000.0,
        "Gross Profit": 16878098000.0,
        "Cost Of Revenue": 41879559000.0,
        "Total Revenue": 58757657000.0,
        "Operating Revenue": 56493955000.0
    },
    "2025-09-30": {
        "Tax Effect Of Unusual Items": 298988600.0,
        "Tax Rate For Calcs": 0.2,
        "Normalized EBITDA": 28576985000.0,
        "Total Unusual Items": 1494943000.0,
        "Total Unusual Items Excluding Goodwill": 1494943000.0,
        "Net Income From Continuing Operation Net Minority Interest": 14982060000.0,
        "Reconciled Depreciation": 14994828000.0,
        "Reconciled Cost Of Revenue": 41503722000.0,
        "EBITDA": 30071928000.0,
        "EBIT": 15077100000.0,
        "Net Interest Income": 66771000.0,
        "Interest Expense": 433193000.0,
        "Interest Income": 520899000.0,
        "Normalized Income": 13786105600.0,
        "Net Income From Continuing And Discontinued Operation": 14982060000.0,
        "Total Expenses": 48119834000.0,
        "Total Operating Income As Reported": 11117636000.0,
        "Diluted Average Shares": 2511269200.0,
        "Basic Average Shares": 2497032600.0,
        "Diluted EPS": 5.95,
        "Basic EPS": 6.0,
        "Diluted NI Availto Com Stockholders": 14982060000.0,
        "Net Income Common Stockholders": 14982060000.0,
        "Net Income": 14982060000.0,
        "Minority Interests": 37843000.0,
        "Net Income Including Noncontrolling Interests": 14944217000.0,
        "Net Income Continuous Operations": 14944217000.0,
        "Tax Provision": -300310000.0,
        "Pretax Income": 14643907000.0,
        "Other Income Expense": 3569930000.0,
        "Other Non Operating Income Expenses": 824576000.0,
        "Special Income Charges": 63403000.0,
        "Gain On Sale Of Ppe": 63401000.0,
        "Gain On Sale Of Business": NaN,
        "Write Off": -2000.0,
        "Restructuring And Mergern Acquisition": NaN,
        "Earnings From Equity Interest": 1250411000.0,
        "Gain On Sale Of Security": 1431540000.0,
        "Net Non Operating Interest Income Expense": 66771000.0,
        "Total Other Finance Cost": 20935000.0,
        "Interest Expense Non Operating": 433193000.0,
        "Interest Income Non Operating": 520899000.0,
        "Operating Income": 11007206000.0,
        "Operating Expense": 6616112000.0,
        "Other Operating Expenses": -357065000.0,
        "Research And Development": 4630616000.0,
        "Selling General And Administration": 2342561000.0,
        "Selling And Marketing Expense": 628043000.0,
        "General And Administrative Expense": 1714518000.0,
        "Other Gand A": 1714518000.0,
        "Gross Profit": 17623318000.0,
        "Cost Of Revenue": 41503722000.0,
        "Total Revenue": 59127040000.0,
        "Operating Revenue": 56955803000.0
    }
}