{
    "2023-03-31": {
        "Tax Effect Of Unusual Items": NaN,
        "Tax Rate For Calcs": NaN,
        "Normalized EBITDA": NaN,
        "Total Unusual Items": NaN,
        "Total Unusual Items Excluding Goodwill": NaN,
        "Net Income From Continuing Operation Net Minority Interest": NaN,
        "Reconciled Depreciation": NaN,
        "EBITDA": NaN,
        "EBIT": NaN,
        "Net Interest Income": NaN,
        "Interest Expense": NaN,
        "Interest Income": NaN,
        "Normalized Income": NaN,
        "Net Income From Continuing And Discontinued Operation": NaN,
        "Total Expenses": NaN,
        "Total Operating Income As Reported": NaN,
        "Diluted Average Shares": 15232406.0,
        "Basic Average Shares": 15232406.0,
        "Diluted EPS": -0.97,
        "Basic EPS": -0.97,
        "Diluted NI Availto Com Stockholders": NaN,
        "Average Dilution Earnings": NaN,
        "Net Income Common Stockholders": NaN,
        "Otherunder Preferred Stock Dividend": NaN,
        "Preferred Stock Dividends": NaN,
        "Net Income": NaN,
        "Net Income Including Noncontrolling Interests": NaN,
        "Net Income Continuous Operations": NaN,
        "Pretax Income": NaN,
        "Other Income Expense": NaN,
        "Gain On Sale Of Security": NaN,
        "Net Non Operating Interest Income Expense": NaN,
        "Interest Expense Non Operating": NaN,
        "Interest Income Non Operating": NaN,
        "Operating Income": NaN,
        "Operating Expense": NaN,
        "Research And Development": NaN,
        "Selling General And Administration": NaN,
        "General And Administrative Expense": NaN,
        "Other Gand A": NaN,
        "Total Revenue": NaN,
        "Operating Revenue": NaN
    },
    "2022-12-31": {
        "Tax Effect Of Unusual Items": NaN,
        "Tax Rate For Calcs": NaN,
        "Normalized EBITDA": NaN,
        "Total Unusual Items": NaN,
        "Total Unusual Items Excluding Goodwill": NaN,
        "Net Income From Continuing Operation Net Minority Interest": NaN,
        "Reconciled Depreciation": NaN,
        "EBITDA": NaN,
        "EBIT": NaN,
        "Net Interest Income": NaN,
        "Interest Expense": NaN,
        "Interest Income": NaN,
        "Normalized Income": NaN,
        "Net Income From Continuing And Discontinued Operation": NaN,
        "Total Expenses": NaN,
        "Total Operating Income As Reported": NaN,
        "Diluted Average Shares": NaN,
        "Basic Average Shares": NaN,
        "Diluted EPS": NaN,
        "Basic EPS": NaN,
        "Diluted NI Availto Com Stockholders": NaN,
        "Average Dilution Earnings": NaN,
        "Net Income Common Stockholders": NaN,
        "Otherunder Preferred Stock Dividend": NaN,
        "Preferred Stock Dividends": NaN,
        "Net Income": NaN,
        "Net Income Including Noncontrolling Interests": NaN,
        "Net Income Continuous Operations": NaN,
        "Pretax Income": NaN,
        "Other Income Expense": NaN,
        "Special Income Charges": 0.0,
        "Gain On Sale Of Security": NaN,
        "Net Non Operating Interest Income Expense": NaN,
        "Interest Expense Non Operating": NaN,
        "Interest Income Non Operating": NaN,
        "Operating Income": NaN,
        "Operating Expense": NaN,
        "Research And Development": NaN,
        "Selling General And Administration": NaN,
        "General And Administrative Expense": NaN,
        "Other Gand A": NaN,
        "Total Revenue": NaN,
        "Operating Revenue": NaN
    },
    "2022-09-30": {
        "Tax Effect Of Unusual Items": NaN,
        "Tax Rate For Calcs": NaN,
        "Normalized EBITDA": NaN,
        "Total Unusual Items": NaN,
        "Total Unusual Items Excluding Goodwill": NaN,
        "Net Income From Continuing Operation Net Minority Interest": NaN,
        "Reconciled Depreciation": NaN,
        "EBITDA": NaN,
        "EBIT": NaN,
        "Net Interest Income": NaN,
        "Interest Expense": NaN,
        "Interest Income": NaN,
        "Normalized Income": NaN,
        "Net Income From Continuing And Discontinued Operation": NaN,
        "Total Expenses": NaN,
        "Total Operating Income As Reported": NaN,
        "Diluted Average Shares": 15061995.0,
        "Basic Average Shares": 15061995.0,
        "Diluted EPS": -0.37,
        "Basic EPS": -0.37,
        "Diluted NI Availto Com Stockholders": NaN,
        "Net Income Common Stockholders": NaN,
        "Preferred Stock Dividends": NaN,
        "Net Income": NaN,
        "Net Income Including Noncontrolling Interests": NaN,
        "Net Income Continuous Operations": NaN,
        "Pretax Income": NaN,
        "Other Income Expense": NaN,
        "Special Income Charges": 0.0,
        "Gain On Sale Of Security": NaN,
        "Net Non Operating Interest Income Expense": NaN,
        "Interest Expense Non Operating": NaN,
        "Interest Income Non Operating": NaN,
        "Operating Income": NaN,
        "Operating Expense": NaN,
        "Research And Development": NaN,
        "Selling General And Administration": NaN,
        "General And Administrative Expense": NaN,
        "Other Gand A": NaN,
        "Total Revenue": NaN,
        "Operating Revenue": NaN
    },
    "2022-06-30": {
        "Tax Effect Of Unusual Items": 0.0,
        "Tax Rate For Calcs": 0.0,
        "Normalized EBITDA": -3596000.0,
        "Total Unusual Items": 0.0,
        "Total Unusual Items Excluding Goodwill": 0.0,
        "Net Income From Continuing Operation Net Minority Interest": -3636000.0,
        "Reconciled Depreciation": 40000.0,
        "EBITDA": -3596000.0,
        "EBIT": -3636000.0,
        "Net Interest Income": 0.0,
        "Interest Expense": 0.0,
        "Interest Income": NaN,
        "Normalized Income": -3636000.0,
        "Net Income From Continuing And Discontinued Operation": -3636000.0,
        "Total Expenses": 3636000.0,
        "Total Operating Income As Reported": -3636000.0,
        "Diluted Average Shares": 15028689.0,
        "Basic Average Shares": 15028689.0,
        "Diluted EPS": -0.24,
        "Basic EPS": -0.24,
        "Diluted NI Availto Com Stockholders": -3636000.0,
        "Net Income Common Stockholders": -3636000.0,
        "Preferred Stock Dividends": NaN,
        "Net Income": -3636000.0,
        "Net Income Including Noncontrolling Interests": -3636000.0,
        "Net Income Continuous Operations": -3636000.0,
        "Pretax Income": -3636000.0,
        "Other Income Expense": NaN,
        "Special Income Charges": 0.0,
        "Gain On Sale Of Security": NaN,
        "Net Non Operating Interest Income Expense": 0.0,
        "Interest Expense Non Operating": 0.0,
        "Interest Income Non Operating": NaN,
        "Operating Income": -3636000.0,
        "Operating Expense": 3636000.0,
        "Research And Development": 1860000.0,
        "Selling General And Administration": 1776000.0,
        "General And Administrative Expense": 1776000.0,
        "Other Gand A": 1776000.0,
        "Total Revenue": 0.0,
        "Operating Revenue": 0.0
    },
    "2022-03-31": {
        "Diluted EPS": -0.24,
        "Total Revenue": NaN,
        "Gross Profit": NaN,
        "Operating Income": -4,
        "EBIT": -3,
        "Net Income": -4
    },
    "2021-12-31": {
        "Diluted EPS": -0.25,
        "Total Revenue": NaN,
        "Gross Profit": NaN,
        "Operating Income": -3,
        "EBIT": -2,
        "Net Income": -3
    },
    "2021-09-30": {
        "Diluted EPS": -0.37,
        "Total Revenue": NaN,
        "Gross Profit": NaN,
        "Operating Income": -5,
        "EBIT": -5,
        "Net Income": -5
    },
    "2021-06-30": {
        "Diluted EPS": -0.13,
        "Total Revenue": NaN,
        "Gross Profit": NaN,
        "Operating Income": -1,
        "EBIT": -1,
        "Net Income": -1
    },
    "2021-03-31": {
        "Diluted EPS": -0.11,
        "Total Revenue": NaN,
        "Gross Profit": NaN,
        "Operating Income": -1,
        "EBIT": -1,
        "Net Income": -1
    },
    "2020-12-31": {
        "Diluted EPS": 0.0,
        "Total Revenue": NaN,
        "Gross Profit": NaN,
        "Operating Income": NaN,
        "EBIT": NaN,
        "Net Income": NaN
    },
    "2020-09-30": {
        "Diluted EPS": -0.08,
        "Total Revenue": NaN,
        "Gross Profit": NaN,
        "Operating Income": -1,
        "EBIT": -1,
        "Net Income": -1
    },
    "2020-06-30": {
        "Diluted EPS": -0.04,
        "Total Revenue": NaN,
        "Gross Profit": NaN,
        "Operating Income": 0,
        "EBIT": 0,
        "Net Income": 0
    },
    "2019-12-31": {
        "Diluted EPS": 0.0,
        "Total Revenue": NaN,
        "Gross Profit": NaN,
        "Operating Income": NaN,
        "EBIT": NaN,
        "Net Income": NaN
    },
    "2023-06-30": {
        "Tax Effect Of Unusual Items": NaN,
        "Tax Rate For Calcs": NaN,
        "Normalized EBITDA": NaN,
        "Total Unusual Items": NaN,
        "Total Unusual Items Excluding Goodwill": NaN,
        "Net Income From Continuing Operation Net Minority Interest": NaN,
        "Reconciled Depreciation": NaN,
        "EBITDA": NaN,
        "EBIT": NaN,
        "Net Interest Income": NaN,
        "Interest Expense": NaN,
        "Interest Income": NaN,
        "Normalized Income": NaN,
        "Net Income From Continuing And Discontinued Operation": NaN,
        "Total Expenses": NaN,
        "Total Operating Income As Reported": NaN,
        "Diluted Average Shares": 15234570.0,
        "Basic Average Shares": 15234570.0,
        "Diluted EPS": -0.29,
        "Basic EPS": -0.29,
        "Diluted NI Availto Com Stockholders": NaN,
        "Average Dilution Earnings": 0.0,
        "Net Income Common Stockholders": NaN,
        "Otherunder Preferred Stock Dividend": 0.0,
        "Preferred Stock Dividends": 603000.0,
        "Net Income": NaN,
        "Net Income Including Noncontrolling Interests": NaN,
        "Net Income Continuous Operations": NaN,
        "Pretax Income": NaN,
        "Other Income Expense": NaN,
        "Gain On Sale Of Security": NaN,
        "Net Non Operating Interest Income Expense": NaN,
        "Interest Expense Non Operating": NaN,
        "Interest Income Non Operating": NaN,
        "Operating Income": NaN,
        "Operating Expense": NaN,
        "Research And Development": NaN,
        "Selling General And Administration": NaN,
        "General And Administrative Expense": NaN,
        "Other Gand A": NaN,
        "Total Revenue": NaN,
        "Operating Revenue": NaN
    },
    "2023-09-30": {
        "Tax Effect Of Unusual Items": NaN,
        "Tax Rate For Calcs": NaN,
        "Normalized EBITDA": NaN,
        "Total Unusual Items": NaN,
        "Total Unusual Items Excluding Goodwill": NaN,
        "Net Income From Continuing Operation Net Minority Interest": NaN,
        "Reconciled Depreciation": NaN,
        "EBITDA": NaN,
        "EBIT": NaN,
        "Net Interest Income": NaN,
        "Interest Expense": NaN,
        "Interest Income": NaN,
        "Normalized Income": NaN,
        "Net Income From Continuing And Discontinued Operation": NaN,
        "Total Expenses": NaN,
        "Total Operating Income As Reported": NaN,
        "Diluted Average Shares": 32633074.0,
        "Basic Average Shares": 32633074.0,
        "Diluted EPS": -0.13,
        "Basic EPS": -0.13,
        "Diluted NI Availto Com Stockholders": NaN,
        "Average Dilution Earnings": NaN,
        "Net Income Common Stockholders": NaN,
        "Otherunder Preferred Stock Dividend": NaN,
        "Preferred Stock Dividends": 72000.0,
        "Net Income": NaN,
        "Net Income Including Noncontrolling Interests": NaN,
        "Net Income Continuous Operations": NaN,
        "Pretax Income": NaN,
        "Other Income Expense": NaN,
        "Gain On Sale Of Security": NaN,
        "Net Non Operating Interest Income Expense": NaN,
        "Interest Expense Non Operating": NaN,
        "Interest Income Non Operating": NaN,
        "Operating Income": NaN,
        "Operating Expense": NaN,
        "Research And Development": NaN,
        "Selling General And Administration": NaN,
        "General And Administrative Expense": NaN,
        "Other Gand A": NaN,
        "Total Revenue": NaN,
        "Operating Revenue": NaN
    },
    "2023-12-31": {
        "Tax Effect Of Unusual Items": 0.0,
        "Tax Rate For Calcs": 0.0,
        "Normalized EBITDA": -6091000.0,
        "Total Unusual Items": -1606000.0,
        "Total Unusual Items Excluding Goodwill": -1606000.0,
        "Net Income From Continuing Operation Net Minority Interest": -7798000.0,
        "Reconciled Depreciation": 82000.0,
        "EBITDA": -7697000.0,
        "EBIT": -7779000.0,
        "Net Interest Income": 121000.0,
        "Interest Expense": 19000.0,
        "Interest Income": 140000.0,
        "Normalized Income": -6192000.0,
        "Net Income From Continuing And Discontinued Operation": -7798000.0,
        "Total Expenses": 6313000.0,
        "Total Operating Income As Reported": -6313000.0,
        "Diluted Average Shares": NaN,
        "Basic Average Shares": NaN,
        "Diluted EPS": NaN,
        "Basic EPS": NaN,
        "Diluted NI Availto Com Stockholders": -7798000.0,
        "Average Dilution Earnings": NaN,
        "Net Income Common Stockholders": -7798000.0,
        "Otherunder Preferred Stock Dividend": NaN,
        "Preferred Stock Dividends": 0.0,
        "Net Income": -7798000.0,
        "Net Income Including Noncontrolling Interests": -7798000.0,
        "Net Income Continuous Operations": -7798000.0,
        "Pretax Income": -7798000.0,
        "Other Income Expense": -1606000.0,
        "Gain On Sale Of Security": -1606000.0,
        "Net Non Operating Interest Income Expense": 121000.0,
        "Interest Expense Non Operating": 19000.0,
        "Interest Income Non Operating": 140000.0,
        "Operating Income": -6313000.0,
        "Operating Expense": 6313000.0,
        "Research And Development": 4233000.0,
        "Selling General And Administration": 2080000.0,
        "General And Administrative Expense": 2080000.0,
        "Other Gand A": 2080000.0,
        "Total Revenue": 0.0,
        "Operating Revenue": 0.0
    },
    "2024-03-31": {
        "Tax Effect Of Unusual Items": 0.0,
        "Tax Rate For Calcs": 0.0,
        "Normalized EBITDA": -8851000.0,
        "Total Unusual Items": -11808000.0,
        "Total Unusual Items Excluding Goodwill": -11808000.0,
        "Net Income From Continuing Operation Net Minority Interest": -20963000.0,
        "Reconciled Depreciation": 284000.0,
        "EBITDA": -20659000.0,
        "EBIT": -20943000.0,
        "Net Interest Income": 49000.0,
        "Interest Expense": 20000.0,
        "Interest Income": 69000.0,
        "Normalized Income": -9155000.0,
        "Net Income From Continuing And Discontinued Operation": -20963000.0,
        "Total Expenses": 9204000.0,
        "Total Operating Income As Reported": -9204000.0,
        "Diluted Average Shares": 34912692.0,
        "Basic Average Shares": 34912692.0,
        "Diluted EPS": -0.61,
        "Basic EPS": -0.61,
        "Diluted NI Availto Com Stockholders": -21171000.0,
        "Average Dilution Earnings": NaN,
        "Net Income Common Stockholders": -21171000.0,
        "Otherunder Preferred Stock Dividend": NaN,
        "Preferred Stock Dividends": 208000.0,
        "Net Income": -20963000.0,
        "Net Income Including Noncontrolling Interests": -20963000.0,
        "Net Income Continuous Operations": -20963000.0,
        "Pretax Income": -20963000.0,
        "Other Income Expense": -11808000.0,
        "Gain On Sale Of Security": -11808000.0,
        "Net Non Operating Interest Income Expense": 49000.0,
        "Interest Expense Non Operating": 20000.0,
        "Interest Income Non Operating": 69000.0,
        "Operating Income": -9204000.0,
        "Operating Expense": 9204000.0,
        "Research And Development": 6813000.0,
        "Selling General And Administration": 2391000.0,
        "General And Administrative Expense": 2391000.0,
        "Other Gand A": 2391000.0,
        "Total Revenue": 0.0,
        "Operating Revenue": 0.0
    },
    "2024-06-30": {
        "Tax Effect Of Unusual Items": 3530100.0,
        "Tax Rate For Calcs": 0.21,
        "Normalized EBITDA": -6939000.0,
        "Total Unusual Items": 16810000.0,
        "Total Unusual Items Excluding Goodwill": 16810000.0,
        "Net Income From Continuing Operation Net Minority Interest": 9855000.0,
        "Reconciled Depreciation": -113000.0,
        "EBITDA": 9871000.0,
        "EBIT": 9871000.0,
        "Net Interest Income": 446000.0,
        "Interest Expense": 16000.0,
        "Interest Income": 462000.0,
        "Normalized Income": -3424900.0,
        "Net Income From Continuing And Discontinued Operation": 9855000.0,
        "Total Expenses": 7401000.0,
        "Total Operating Income As Reported": -7401000.0,
        "Diluted Average Shares": 94052853.0,
        "Basic Average Shares": 37914812.0,
        "Diluted EPS": -0.15,
        "Basic EPS": 0.08,
        "Diluted NI Availto Com Stockholders": -13767000.0,
        "Average Dilution Earnings": -16810000.0,
        "Net Income Common Stockholders": 3043000.0,
        "Otherunder Preferred Stock Dividend": 5925000.0,
        "Preferred Stock Dividends": 887000.0,
        "Net Income": 9855000.0,
        "Net Income Including Noncontrolling Interests": 9855000.0,
        "Net Income Continuous Operations": 9855000.0,
        "Pretax Income": 9855000.0,
        "Other Income Expense": 16810000.0,
        "Gain On Sale Of Security": 16810000.0,
        "Net Non Operating Interest Income Expense": 446000.0,
        "Interest Expense Non Operating": 16000.0,
        "Interest Income Non Operating": 462000.0,
        "Operating Income": -7401000.0,
        "Operating Expense": 7401000.0,
        "Research And Development": 4868000.0,
        "Selling General And Administration": 2533000.0,
        "General And Administrative Expense": 2533000.0,
        "Other Gand A": 2533000.0,
        "Total Revenue": 0.0,
        "Operating Revenue": 0.0
    },
    "2024-09-30": {
        "Tax Effect Of Unusual Items": 0.0,
        "Tax Rate For Calcs": 0.0,
        "Normalized EBITDA": -5712000.0,
        "Total Unusual Items": 1754000.0,
        "Total Unusual Items Excluding Goodwill": 1754000.0,
        "Net Income From Continuing Operation Net Minority Interest": -4096000.0,
        "Reconciled Depreciation": 123000.0,
        "EBITDA": -3958000.0,
        "EBIT": -4081000.0,
        "Net Interest Income": 401000.0,
        "Interest Expense": 15000.0,
        "Interest Income": 416000.0,
        "Normalized Income": -5850000.0,
        "Net Income From Continuing And Discontinued Operation": -4096000.0,
        "Total Expenses": 6251000.0,
        "Total Operating Income As Reported": -6251000.0,
        "Diluted Average Shares": 88943212.0,
        "Basic Average Shares": 88943212.0,
        "Diluted EPS": -0.05,
        "Basic EPS": -0.05,
        "Diluted NI Availto Com Stockholders": -4096000.0,
        "Average Dilution Earnings": NaN,
        "Net Income Common Stockholders": -4096000.0,
        "Otherunder Preferred Stock Dividend": NaN,
        "Preferred Stock Dividends": NaN,
        "Net Income": -4096000.0,
        "Net Income Including Noncontrolling Interests": -4096000.0,
        "Net Income Continuous Operations": -4096000.0,
        "Pretax Income": -4096000.0,
        "Other Income Expense": 1754000.0,
        "Gain On Sale Of Security": 1754000.0,
        "Net Non Operating Interest Income Expense": 401000.0,
        "Interest Expense Non Operating": 15000.0,
        "Interest Income Non Operating": 416000.0,
        "Operating Income": -6251000.0,
        "Operating Expense": 6251000.0,
        "Research And Development": 3045000.0,
        "Selling General And Administration": 3206000.0,
        "General And Administrative Expense": 3206000.0,
        "Other Gand A": 3206000.0,
        "Total Revenue": 0.0,
        "Operating Revenue": 0.0
    },
    "2024-12-31": {
        "Tax Effect Of Unusual Items": 0.0,
        "Tax Rate For Calcs": 0.0,
        "Normalized EBITDA": -8813000.0,
        "Total Unusual Items": -12558000.0,
        "Total Unusual Items Excluding Goodwill": -12558000.0,
        "Net Income From Continuing Operation Net Minority Interest": -21525000.0,
        "Reconciled Depreciation": 134000.0,
        "EBITDA": -21371000.0,
        "EBIT": -21505000.0,
        "Net Interest Income": 294000.0,
        "Interest Expense": 20000.0,
        "Interest Income": 314000.0,
        "Normalized Income": -8967000.0,
        "Net Income From Continuing And Discontinued Operation": -21525000.0,
        "Total Expenses": 9261000.0,
        "Total Operating Income As Reported": -9261000.0,
        "Diluted Average Shares": NaN,
        "Basic Average Shares": NaN,
        "Diluted EPS": NaN,
        "Basic EPS": NaN,
        "Diluted NI Availto Com Stockholders": -21525000.0,
        "Average Dilution Earnings": NaN,
        "Net Income Common Stockholders": -21525000.0,
        "Otherunder Preferred Stock Dividend": NaN,
        "Preferred Stock Dividends": 0.0,
        "Net Income": -21525000.0,
        "Net Income Including Noncontrolling Interests": -21525000.0,
        "Net Income Continuous Operations": -21525000.0,
        "Pretax Income": -21525000.0,
        "Other Income Expense": -12558000.0,
        "Gain On Sale Of Security": -12558000.0,
        "Net Non Operating Interest Income Expense": 294000.0,
        "Interest Expense Non Operating": 20000.0,
        "Interest Income Non Operating": 314000.0,
        "Operating Income": -9261000.0,
        "Operating Expense": 9261000.0,
        "Research And Development": 5288000.0,
        "Selling General And Administration": 3973000.0,
        "General And Administrative Expense": 3973000.0,
        "Other Gand A": 3973000.0,
        "Total Revenue": 0.0,
        "Operating Revenue": 0.0
    }
}