{
    "2023-06-30": {
        "Tax Effect Of Unusual Items": NaN,
        "Tax Rate For Calcs": NaN,
        "Normalized EBITDA": NaN,
        "Total Unusual Items": NaN,
        "Total Unusual Items Excluding Goodwill": NaN,
        "Net Income From Continuing Operation Net Minority Interest": NaN,
        "Reconciled Depreciation": NaN,
        "Reconciled Cost Of Revenue": NaN,
        "EBITDA": NaN,
        "EBIT": NaN,
        "Net Interest Income": NaN,
        "Interest Expense": NaN,
        "Normalized Income": NaN,
        "Net Income From Continuing And Discontinued Operation": NaN,
        "Total Expenses": NaN,
        "Total Operating Income As Reported": NaN,
        "Diluted Average Shares": NaN,
        "Basic Average Shares": NaN,
        "Diluted EPS": NaN,
        "Basic EPS": NaN,
        "Diluted NI Availto Com Stockholders": NaN,
        "Net Income Common Stockholders": NaN,
        "Net Income": NaN,
        "Minority Interests": NaN,
        "Net Income Including Noncontrolling Interests": NaN,
        "Net Income Continuous Operations": NaN,
        "Tax Provision": NaN,
        "Pretax Income": NaN,
        "Other Income Expense": NaN,
        "Special Income Charges": 0.0,
        "Gain On Sale Of Business": 0.0,
        "Gain On Sale Of Security": NaN,
        "Net Non Operating Interest Income Expense": NaN,
        "Interest Expense Non Operating": NaN,
        "Operating Income": NaN,
        "Operating Expense": NaN,
        "Other Operating Expenses": NaN,
        "Depreciation Amortization Depletion Income Statement": NaN,
        "Depreciation And Amortization In Income Statement": NaN,
        "Gross Profit": NaN,
        "Cost Of Revenue": NaN,
        "Total Revenue": NaN,
        "Operating Revenue": NaN
    },
    "2023-03-31": {
        "Tax Effect Of Unusual Items": NaN,
        "Tax Rate For Calcs": NaN,
        "Normalized EBITDA": NaN,
        "Total Unusual Items": NaN,
        "Total Unusual Items Excluding Goodwill": NaN,
        "Net Income From Continuing Operation Net Minority Interest": NaN,
        "Reconciled Depreciation": NaN,
        "Reconciled Cost Of Revenue": NaN,
        "EBITDA": NaN,
        "EBIT": NaN,
        "Net Interest Income": NaN,
        "Interest Expense": NaN,
        "Normalized Income": NaN,
        "Net Income From Continuing And Discontinued Operation": NaN,
        "Total Expenses": NaN,
        "Total Operating Income As Reported": NaN,
        "Diluted Average Shares": NaN,
        "Basic Average Shares": NaN,
        "Diluted EPS": NaN,
        "Basic EPS": NaN,
        "Diluted NI Availto Com Stockholders": NaN,
        "Net Income Common Stockholders": NaN,
        "Net Income": NaN,
        "Minority Interests": NaN,
        "Net Income Including Noncontrolling Interests": NaN,
        "Net Income Continuous Operations": NaN,
        "Tax Provision": NaN,
        "Pretax Income": NaN,
        "Other Income Expense": NaN,
        "Special Income Charges": 0.0,
        "Gain On Sale Of Business": 0.0,
        "Gain On Sale Of Security": NaN,
        "Net Non Operating Interest Income Expense": NaN,
        "Interest Expense Non Operating": NaN,
        "Operating Income": NaN,
        "Operating Expense": NaN,
        "Other Operating Expenses": NaN,
        "Depreciation Amortization Depletion Income Statement": NaN,
        "Depreciation And Amortization In Income Statement": NaN,
        "Gross Profit": NaN,
        "Cost Of Revenue": NaN,
        "Total Revenue": NaN,
        "Operating Revenue": NaN
    },
    "2022-12-31": {
        "Tax Effect Of Unusual Items": NaN,
        "Tax Rate For Calcs": NaN,
        "Normalized EBITDA": NaN,
        "Total Unusual Items": 855000000.0,
        "Total Unusual Items Excluding Goodwill": 855000000.0,
        "Net Income From Continuing Operation Net Minority Interest": NaN,
        "Reconciled Depreciation": NaN,
        "Reconciled Cost Of Revenue": NaN,
        "EBITDA": NaN,
        "EBIT": NaN,
        "Net Interest Income": NaN,
        "Interest Expense": NaN,
        "Normalized Income": NaN,
        "Net Income From Continuing And Discontinued Operation": NaN,
        "Total Expenses": NaN,
        "Total Operating Income As Reported": NaN,
        "Diluted Average Shares": NaN,
        "Basic Average Shares": NaN,
        "Diluted EPS": NaN,
        "Basic EPS": NaN,
        "Diluted NI Availto Com Stockholders": NaN,
        "Net Income Common Stockholders": NaN,
        "Net Income": NaN,
        "Minority Interests": NaN,
        "Net Income Including Noncontrolling Interests": NaN,
        "Net Income Continuous Operations": NaN,
        "Tax Provision": NaN,
        "Pretax Income": NaN,
        "Other Income Expense": 855000000.0,
        "Special Income Charges": NaN,
        "Gain On Sale Of Business": NaN,
        "Gain On Sale Of Security": 855000000.0,
        "Net Non Operating Interest Income Expense": NaN,
        "Interest Expense Non Operating": NaN,
        "Operating Income": NaN,
        "Operating Expense": NaN,
        "Other Operating Expenses": NaN,
        "Depreciation Amortization Depletion Income Statement": NaN,
        "Depreciation And Amortization In Income Statement": NaN,
        "Gross Profit": NaN,
        "Cost Of Revenue": NaN,
        "Total Revenue": NaN,
        "Operating Revenue": NaN
    },
    "2022-09-30": {
        "Tax Effect Of Unusual Items": NaN,
        "Tax Rate For Calcs": NaN,
        "Normalized EBITDA": NaN,
        "Total Unusual Items": 513000000.0,
        "Total Unusual Items Excluding Goodwill": 513000000.0,
        "Net Income From Continuing Operation Net Minority Interest": NaN,
        "Reconciled Depreciation": NaN,
        "Reconciled Cost Of Revenue": NaN,
        "EBITDA": NaN,
        "EBIT": NaN,
        "Net Interest Income": NaN,
        "Interest Expense": NaN,
        "Normalized Income": NaN,
        "Net Income From Continuing And Discontinued Operation": NaN,
        "Total Expenses": NaN,
        "Total Operating Income As Reported": NaN,
        "Diluted Average Shares": NaN,
        "Basic Average Shares": NaN,
        "Diluted EPS": NaN,
        "Basic EPS": NaN,
        "Diluted NI Availto Com Stockholders": NaN,
        "Net Income Common Stockholders": NaN,
        "Net Income": NaN,
        "Minority Interests": NaN,
        "Net Income Including Noncontrolling Interests": NaN,
        "Net Income Continuous Operations": NaN,
        "Tax Provision": NaN,
        "Pretax Income": NaN,
        "Other Income Expense": 513000000.0,
        "Special Income Charges": NaN,
        "Gain On Sale Of Business": NaN,
        "Gain On Sale Of Security": 513000000.0,
        "Net Non Operating Interest Income Expense": NaN,
        "Interest Expense Non Operating": NaN,
        "Operating Income": NaN,
        "Operating Expense": NaN,
        "Other Operating Expenses": NaN,
        "Depreciation Amortization Depletion Income Statement": NaN,
        "Depreciation And Amortization In Income Statement": NaN,
        "Gross Profit": NaN,
        "Cost Of Revenue": NaN,
        "Total Revenue": NaN,
        "Operating Revenue": NaN
    },
    "2022-06-30": {
        "Tax Effect Of Unusual Items": 0.0,
        "Tax Rate For Calcs": 0.219955,
        "Normalized EBITDA": 7934000000.0,
        "Total Unusual Items": 295000000.0,
        "Total Unusual Items Excluding Goodwill": 295000000.0,
        "Net Income From Continuing Operation Net Minority Interest": 5070000000.0,
        "Reconciled Depreciation": 802000000.0,
        "Reconciled Cost Of Revenue": 60689000000.0,
        "EBITDA": 7934000000.0,
        "EBIT": 7132000000.0,
        "Net Interest Income": -467000000.0,
        "Interest Expense": 467000000.0,
        "Normalized Income": 5070000000.0,
        "Net Income From Continuing And Discontinued Operation": 5070000000.0,
        "Total Expenses": 73200000000.0,
        "Total Operating Income As Reported": 7132000000.0,
        "Diluted Average Shares": 950000000.0,
        "Basic Average Shares": 937000000.0,
        "Diluted EPS": 5.34,
        "Basic EPS": 5.41,
        "Diluted NI Availto Com Stockholders": 5070000000.0,
        "Net Income Common Stockholders": 5070000000.0,
        "Net Income": 5070000000.0,
        "Minority Interests": -129000000.0,
        "Net Income Including Noncontrolling Interests": 5199000000.0,
        "Net Income Continuous Operations": 5199000000.0,
        "Tax Provision": 1466000000.0,
        "Pretax Income": 6665000000.0,
        "Other Income Expense": 295000000.0,
        "Gain On Sale Of Security": 295000000.0,
        "Net Non Operating Interest Income Expense": -467000000.0,
        "Interest Expense Non Operating": 467000000.0,
        "Operating Income": 7132000000.0,
        "Operating Expense": 12511000000.0,
        "Other Operating Expenses": 11709000000.0,
        "Depreciation Amortization Depletion Income Statement": 802000000.0,
        "Depreciation And Amortization In Income Statement": 802000000.0,
        "Gross Profit": 19643000000.0,
        "Cost Of Revenue": 60689000000.0,
        "Total Revenue": 80332000000.0,
        "Operating Revenue": 80037000000.0
    },
    "2022-03-31": {
        "Diluted EPS": 5.27,
        "Total Revenue": NaN,
        "Gross Profit": NaN,
        "Operating Income": NaN,
        "EBIT": NaN,
        "Net Income": NaN
    },
    "2021-12-31": {
        "Diluted EPS": 4.26,
        "Total Revenue": NaN,
        "Gross Profit": NaN,
        "Operating Income": NaN,
        "EBIT": NaN,
        "Net Income": NaN
    },
    "2021-09-30": {
        "Diluted EPS": 4.28,
        "Total Revenue": NaN,
        "Gross Profit": NaN,
        "Operating Income": NaN,
        "EBIT": NaN,
        "Net Income": NaN
    },
    "2021-06-30": {
        "Diluted EPS": 4.46,
        "Total Revenue": NaN,
        "Gross Profit": NaN,
        "Operating Income": NaN,
        "EBIT": NaN,
        "Net Income": NaN
    },
    "2021-03-31": {
        "Diluted EPS": 5.08,
        "Total Revenue": NaN,
        "Gross Profit": NaN,
        "Operating Income": NaN,
        "EBIT": NaN,
        "Net Income": NaN
    },
    "2020-12-31": {
        "Diluted EPS": 2.3,
        "Total Revenue": NaN,
        "Gross Profit": NaN,
        "Operating Income": NaN,
        "EBIT": NaN,
        "Net Income": NaN
    },
    "2020-09-30": {
        "Diluted EPS": 3.3,
        "Total Revenue": NaN,
        "Gross Profit": NaN,
        "Operating Income": NaN,
        "EBIT": NaN,
        "Net Income": NaN
    },
    "2020-06-30": {
        "Diluted EPS": 6.91,
        "Total Revenue": NaN,
        "Gross Profit": NaN,
        "Operating Income": NaN,
        "EBIT": NaN,
        "Net Income": NaN
    },
    "2020-03-31": {
        "Diluted EPS": 3.52,
        "Total Revenue": NaN,
        "Gross Profit": NaN,
        "Operating Income": NaN,
        "EBIT": NaN,
        "Net Income": NaN
    },
    "2019-12-31": {
        "Diluted EPS": 3.68,
        "Total Revenue": NaN,
        "Gross Profit": NaN,
        "Operating Income": NaN,
        "EBIT": NaN,
        "Net Income": NaN
    },
    "2019-09-30": {
        "Diluted EPS": 3.67,
        "Total Revenue": NaN,
        "Gross Profit": NaN,
        "Operating Income": NaN,
        "EBIT": NaN,
        "Net Income": NaN
    },
    "2019-06-30": {
        "Diluted EPS": 3.42,
        "Total Revenue": NaN,
        "Gross Profit": NaN,
        "Operating Income": NaN,
        "EBIT": NaN,
        "Net Income": NaN
    },
    "2019-03-31": {
        "Diluted EPS": 3.56,
        "Total Revenue": NaN,
        "Gross Profit": NaN,
        "Operating Income": NaN,
        "EBIT": NaN,
        "Net Income": NaN
    },
    "2018-12-31": {
        "Diluted EPS": 3.1,
        "Total Revenue": NaN,
        "Gross Profit": NaN,
        "Operating Income": NaN,
        "EBIT": NaN,
        "Net Income": NaN
    },
    "2018-09-30": {
        "Diluted EPS": 3.24,
        "Total Revenue": NaN,
        "Gross Profit": NaN,
        "Operating Income": NaN,
        "EBIT": NaN,
        "Net Income": NaN
    },
    "2018-06-30": {
        "Diluted EPS": 2.98,
        "Total Revenue": NaN,
        "Gross Profit": NaN,
        "Operating Income": NaN,
        "EBIT": NaN,
        "Net Income": NaN
    },
    "2018-03-31": {
        "Diluted EPS": 2.87,
        "Total Revenue": NaN,
        "Gross Profit": NaN,
        "Operating Income": NaN,
        "EBIT": NaN,
        "Net Income": NaN
    },
    "2017-12-31": {
        "Diluted EPS": 3.66,
        "Total Revenue": NaN,
        "Gross Profit": NaN,
        "Operating Income": NaN,
        "EBIT": NaN,
        "Net Income": NaN
    },
    "2017-09-30": {
        "Diluted EPS": 2.51,
        "Total Revenue": NaN,
        "Gross Profit": NaN,
        "Operating Income": NaN,
        "EBIT": NaN,
        "Net Income": NaN
    },
    "2017-06-30": {
        "Diluted EPS": 2.32,
        "Total Revenue": NaN,
        "Gross Profit": NaN,
        "Operating Income": NaN,
        "EBIT": NaN,
        "Net Income": NaN
    },
    "2017-03-31": {
        "Diluted EPS": 2.23,
        "Total Revenue": NaN,
        "Gross Profit": NaN,
        "Operating Income": NaN,
        "EBIT": NaN,
        "Net Income": NaN
    },
    "2016-12-31": {
        "Diluted EPS": 1.74,
        "Total Revenue": NaN,
        "Gross Profit": NaN,
        "Operating Income": NaN,
        "EBIT": NaN,
        "Net Income": NaN
    },
    "2016-09-30": {
        "Diluted EPS": 2.03,
        "Total Revenue": NaN,
        "Gross Profit": NaN,
        "Operating Income": NaN,
        "EBIT": NaN,
        "Net Income": NaN
    },
    "2016-06-30": {
        "Diluted EPS": 1.81,
        "Total Revenue": NaN,
        "Gross Profit": NaN,
        "Operating Income": NaN,
        "EBIT": NaN,
        "Net Income": NaN
    },
    "2016-03-31": {
        "Diluted EPS": 1.67,
        "Total Revenue": NaN,
        "Gross Profit": NaN,
        "Operating Income": NaN,
        "EBIT": NaN,
        "Net Income": NaN
    },
    "2015-12-31": {
        "Diluted EPS": 1.26,
        "Total Revenue": NaN,
        "Gross Profit": NaN,
        "Operating Income": NaN,
        "EBIT": NaN,
        "Net Income": NaN
    },
    "2015-09-30": {
        "Diluted EPS": 1.65,
        "Total Revenue": NaN,
        "Gross Profit": NaN,
        "Operating Income": NaN,
        "EBIT": NaN,
        "Net Income": NaN
    },
    "2015-06-30": {
        "Diluted EPS": 1.64,
        "Total Revenue": NaN,
        "Gross Profit": NaN,
        "Operating Income": NaN,
        "EBIT": NaN,
        "Net Income": NaN
    },
    "2015-03-31": {
        "Diluted EPS": 1.46,
        "Total Revenue": NaN,
        "Gross Profit": NaN,
        "Operating Income": NaN,
        "EBIT": NaN,
        "Net Income": NaN
    },
    "2014-12-31": {
        "Diluted EPS": 1.55,
        "Total Revenue": NaN,
        "Gross Profit": NaN,
        "Operating Income": NaN,
        "EBIT": NaN,
        "Net Income": NaN
    },
    "2014-09-30": {
        "Diluted EPS": 1.63,
        "Total Revenue": NaN,
        "Gross Profit": NaN,
        "Operating Income": NaN,
        "EBIT": NaN,
        "Net Income": NaN
    },
    "2014-06-30": {
        "Diluted EPS": 1.42,
        "Total Revenue": NaN,
        "Gross Profit": NaN,
        "Operating Income": NaN,
        "EBIT": NaN,
        "Net Income": NaN
    },
    "2014-03-31": {
        "Diluted EPS": 1.1,
        "Total Revenue": NaN,
        "Gross Profit": NaN,
        "Operating Income": NaN,
        "EBIT": NaN,
        "Net Income": NaN
    },
    "2013-12-31": {
        "Diluted EPS": 1.41,
        "Total Revenue": NaN,
        "Gross Profit": NaN,
        "Operating Income": NaN,
        "EBIT": NaN,
        "Net Income": NaN
    },
    "2013-09-30": {
        "Diluted EPS": 1.53,
        "Total Revenue": NaN,
        "Gross Profit": NaN,
        "Operating Income": NaN,
        "EBIT": NaN,
        "Net Income": NaN
    },
    "2013-06-30": {
        "Diluted EPS": 1.4,
        "Total Revenue": NaN,
        "Gross Profit": NaN,
        "Operating Income": NaN,
        "EBIT": NaN,
        "Net Income": NaN
    },
    "2013-03-31": {
        "Diluted EPS": 1.16,
        "Total Revenue": NaN,
        "Gross Profit": NaN,
        "Operating Income": NaN,
        "EBIT": NaN,
        "Net Income": NaN
    },
    "2012-12-31": {
        "Diluted EPS": 1.2,
        "Total Revenue": NaN,
        "Gross Profit": NaN,
        "Operating Income": NaN,
        "EBIT": NaN,
        "Net Income": NaN
    },
    "2012-09-30": {
        "Diluted EPS": 1.5,
        "Total Revenue": NaN,
        "Gross Profit": NaN,
        "Operating Income": NaN,
        "EBIT": NaN,
        "Net Income": NaN
    },
    "2012-06-30": {
        "Diluted EPS": 1.27,
        "Total Revenue": NaN,
        "Gross Profit": NaN,
        "Operating Income": NaN,
        "EBIT": NaN,
        "Net Income": NaN
    },
    "2012-03-31": {
        "Diluted EPS": 1.31,
        "Total Revenue": NaN,
        "Gross Profit": NaN,
        "Operating Income": NaN,
        "EBIT": NaN,
        "Net Income": NaN
    },
    "2011-12-31": {
        "Diluted EPS": 1.18,
        "Total Revenue": NaN,
        "Gross Profit": NaN,
        "Operating Income": NaN,
        "EBIT": NaN,
        "Net Income": NaN
    },
    "2011-09-30": {
        "Diluted EPS": 1.17,
        "Total Revenue": NaN,
        "Gross Profit": NaN,
        "Operating Income": NaN,
        "EBIT": NaN,
        "Net Income": NaN
    },
    "2011-06-30": {
        "Diluted EPS": 1.16,
        "Total Revenue": NaN,
        "Gross Profit": NaN,
        "Operating Income": NaN,
        "EBIT": NaN,
        "Net Income": NaN
    },
    "2011-03-31": {
        "Diluted EPS": 1.22,
        "Total Revenue": NaN,
        "Gross Profit": NaN,
        "Operating Income": NaN,
        "EBIT": NaN,
        "Net Income": NaN
    },
    "2010-12-31": {
        "Diluted EPS": 0.94,
        "Total Revenue": NaN,
        "Gross Profit": NaN,
        "Operating Income": NaN,
        "EBIT": NaN,
        "Net Income": NaN
    },
    "2010-09-30": {
        "Diluted EPS": 1.14,
        "Total Revenue": NaN,
        "Gross Profit": NaN,
        "Operating Income": NaN,
        "EBIT": NaN,
        "Net Income": NaN
    },
    "2010-06-30": {
        "Diluted EPS": 0.99,
        "Total Revenue": NaN,
        "Gross Profit": NaN,
        "Operating Income": NaN,
        "EBIT": NaN,
        "Net Income": NaN
    },
    "2010-03-31": {
        "Diluted EPS": 1.03,
        "Total Revenue": NaN,
        "Gross Profit": NaN,
        "Operating Income": NaN,
        "EBIT": NaN,
        "Net Income": NaN
    },
    "2009-12-31": {
        "Diluted EPS": 0.81,
        "Total Revenue": NaN,
        "Gross Profit": NaN,
        "Operating Income": NaN,
        "EBIT": NaN,
        "Net Income": 944
    },
    "2009-09-30": {
        "Diluted EPS": 0.89,
        "Total Revenue": NaN,
        "Gross Profit": NaN,
        "Operating Income": NaN,
        "EBIT": NaN,
        "Net Income": NaN
    },
    "2009-06-30": {
        "Diluted EPS": 0.73,
        "Total Revenue": NaN,
        "Gross Profit": NaN,
        "Operating Income": NaN,
        "EBIT": NaN,
        "Net Income": 859
    },
    "2009-03-31": {
        "Diluted EPS": 0.81,
        "Total Revenue": NaN,
        "Gross Profit": NaN,
        "Operating Income": NaN,
        "EBIT": NaN,
        "Net Income": 984
    },
    "2023-09-30": {
        "Tax Effect Of Unusual Items": NaN,
        "Tax Rate For Calcs": NaN,
        "Normalized EBITDA": NaN,
        "Total Unusual Items": NaN,
        "Total Unusual Items Excluding Goodwill": NaN,
        "Net Income From Continuing Operation Net Minority Interest": NaN,
        "Reconciled Depreciation": NaN,
        "Reconciled Cost Of Revenue": NaN,
        "EBITDA": NaN,
        "EBIT": NaN,
        "Net Interest Income": NaN,
        "Interest Expense": NaN,
        "Normalized Income": NaN,
        "Net Income From Continuing And Discontinued Operation": NaN,
        "Total Expenses": NaN,
        "Total Operating Income As Reported": NaN,
        "Diluted Average Shares": NaN,
        "Basic Average Shares": NaN,
        "Diluted EPS": NaN,
        "Basic EPS": NaN,
        "Diluted NI Availto Com Stockholders": NaN,
        "Net Income Common Stockholders": NaN,
        "Net Income": NaN,
        "Minority Interests": NaN,
        "Net Income Including Noncontrolling Interests": NaN,
        "Net Income Continuous Operations": NaN,
        "Tax Provision": NaN,
        "Pretax Income": NaN,
        "Other Income Expense": NaN,
        "Special Income Charges": 0.0,
        "Gain On Sale Of Business": 0.0,
        "Gain On Sale Of Security": 997000000.0,
        "Net Non Operating Interest Income Expense": NaN,
        "Interest Expense Non Operating": NaN,
        "Operating Income": NaN,
        "Operating Expense": NaN,
        "Other Operating Expenses": NaN,
        "Depreciation Amortization Depletion Income Statement": NaN,
        "Depreciation And Amortization In Income Statement": NaN,
        "Gross Profit": NaN,
        "Cost Of Revenue": NaN,
        "Total Revenue": NaN,
        "Operating Revenue": NaN
    },
    "2023-12-31": {
        "Tax Effect Of Unusual Items": 0.0,
        "Tax Rate For Calcs": 0.17262,
        "Normalized EBITDA": 8663000000.0,
        "Total Unusual Items": 1179000000.0,
        "Total Unusual Items Excluding Goodwill": 1179000000.0,
        "Net Income From Continuing Operation Net Minority Interest": 5455000000.0,
        "Reconciled Depreciation": 974000000.0,
        "Reconciled Cost Of Revenue": 72425000000.0,
        "EBITDA": 8663000000.0,
        "EBIT": 7689000000.0,
        "Net Interest Income": -830000000.0,
        "Interest Expense": 830000000.0,
        "Normalized Income": 5455000000.0,
        "Net Income From Continuing And Discontinued Operation": 5455000000.0,
        "Total Expenses": 86738000000.0,
        "Total Operating Income As Reported": 7689000000.0,
        "Diluted Average Shares": 935000000.0,
        "Basic Average Shares": 924000000.0,
        "Diluted EPS": 5.83,
        "Basic EPS": 5.90368,
        "Diluted NI Availto Com Stockholders": 5455000000.0,
        "Net Income Common Stockholders": 5455000000.0,
        "Net Income": 5455000000.0,
        "Minority Interests": -220000000.0,
        "Net Income Including Noncontrolling Interests": 5675000000.0,
        "Net Income Continuous Operations": 5675000000.0,
        "Tax Provision": 1184000000.0,
        "Pretax Income": 6859000000.0,
        "Other Income Expense": 1179000000.0,
        "Special Income Charges": NaN,
        "Gain On Sale Of Business": NaN,
        "Gain On Sale Of Security": 1179000000.0,
        "Net Non Operating Interest Income Expense": -830000000.0,
        "Interest Expense Non Operating": 830000000.0,
        "Operating Income": 7689000000.0,
        "Operating Expense": 14313000000.0,
        "Other Operating Expenses": 13339000000.0,
        "Depreciation Amortization Depletion Income Statement": 974000000.0,
        "Depreciation And Amortization In Income Statement": 974000000.0,
        "Gross Profit": 22002000000.0,
        "Cost Of Revenue": 72425000000.0,
        "Total Revenue": 94427000000.0,
        "Operating Revenue": 94427000000.0
    },
    "2024-03-31": {
        "Tax Effect Of Unusual Items": -1488060000.0,
        "Tax Rate For Calcs": 0.21,
        "Normalized EBITDA": 8928000000.0,
        "Total Unusual Items": -7086000000.0,
        "Total Unusual Items Excluding Goodwill": -7086000000.0,
        "Net Income From Continuing Operation Net Minority Interest": -1409000000.0,
        "Reconciled Depreciation": 997000000.0,
        "Reconciled Cost Of Revenue": 76791000000.0,
        "EBITDA": 1842000000.0,
        "EBIT": 845000000.0,
        "Net Interest Income": -844000000.0,
        "Interest Expense": 844000000.0,
        "Normalized Income": 4188940000.0,
        "Net Income From Continuing And Discontinued Operation": -1409000000.0,
        "Total Expenses": 91865000000.0,
        "Total Operating Income As Reported": 7931000000.0,
        "Diluted Average Shares": 922000000.0,
        "Basic Average Shares": 920000000.0,
        "Diluted EPS": -1.531522,
        "Basic EPS": -1.531522,
        "Diluted NI Availto Com Stockholders": -1409000000.0,
        "Net Income Common Stockholders": -1409000000.0,
        "Net Income": -1409000000.0,
        "Minority Interests": -188000000.0,
        "Net Income Including Noncontrolling Interests": -1221000000.0,
        "Net Income Continuous Operations": -1221000000.0,
        "Tax Provision": 1222000000.0,
        "Pretax Income": 1000000.0,
        "Other Income Expense": -7086000000.0,
        "Special Income Charges": -7086000000.0,
        "Gain On Sale Of Business": -7086000000.0,
        "Gain On Sale Of Security": 1011000000.0,
        "Net Non Operating Interest Income Expense": -844000000.0,
        "Interest Expense Non Operating": 844000000.0,
        "Operating Income": 7931000000.0,
        "Operating Expense": 15074000000.0,
        "Other Operating Expenses": 14077000000.0,
        "Depreciation Amortization Depletion Income Statement": 997000000.0,
        "Depreciation And Amortization In Income Statement": 997000000.0,
        "Gross Profit": 23005000000.0,
        "Cost Of Revenue": 76791000000.0,
        "Total Revenue": 99796000000.0,
        "Operating Revenue": 99796000000.0
    },
    "2024-06-30": {
        "Tax Effect Of Unusual Items": -269500000.0,
        "Tax Rate For Calcs": 0.22,
        "Normalized EBITDA": 8895000000.0,
        "Total Unusual Items": -1225000000.0,
        "Total Unusual Items Excluding Goodwill": -1225000000.0,
        "Net Income From Continuing Operation Net Minority Interest": 4216000000.0,
        "Reconciled Depreciation": 1020000000.0,
        "Reconciled Cost Of Revenue": 76798000000.0,
        "EBITDA": 7670000000.0,
        "EBIT": 6650000000.0,
        "Net Interest Income": -985000000.0,
        "Interest Expense": 985000000.0,
        "Normalized Income": 5171500000.0,
        "Net Income From Continuing And Discontinued Operation": 4216000000.0,
        "Total Expenses": 90980000000.0,
        "Total Operating Income As Reported": 7875000000.0,
        "Diluted Average Shares": 928000000.0,
        "Basic Average Shares": 921000000.0,
        "Diluted EPS": 4.54,
        "Basic EPS": 4.577633,
        "Diluted NI Availto Com Stockholders": 4216000000.0,
        "Net Income Common Stockholders": 4216000000.0,
        "Net Income": 4216000000.0,
        "Minority Interests": -205000000.0,
        "Net Income Including Noncontrolling Interests": 4421000000.0,
        "Net Income Continuous Operations": 4421000000.0,
        "Tax Provision": 1244000000.0,
        "Pretax Income": 5665000000.0,
        "Other Income Expense": -1225000000.0,
        "Special Income Charges": -1225000000.0,
        "Gain On Sale Of Business": -1225000000.0,
        "Gain On Sale Of Security": 997000000.0,
        "Net Non Operating Interest Income Expense": -985000000.0,
        "Interest Expense Non Operating": 985000000.0,
        "Operating Income": 7875000000.0,
        "Operating Expense": 14182000000.0,
        "Other Operating Expenses": 13162000000.0,
        "Depreciation Amortization Depletion Income Statement": 1020000000.0,
        "Depreciation And Amortization In Income Statement": 1020000000.0,
        "Gross Profit": 22057000000.0,
        "Cost Of Revenue": 76798000000.0,
        "Total Revenue": 98855000000.0,
        "Operating Revenue": 98855000000.0
    },
    "2024-09-30": {
        "Tax Effect Of Unusual Items": -3560000.0,
        "Tax Rate For Calcs": 0.178,
        "Normalized EBITDA": 9749000000.0,
        "Total Unusual Items": -20000000.0,
        "Total Unusual Items Excluding Goodwill": -20000000.0,
        "Net Income From Continuing Operation Net Minority Interest": 6055000000.0,
        "Reconciled Depreciation": 1041000000.0,
        "Reconciled Cost Of Revenue": 77791000000.0,
        "EBITDA": 9729000000.0,
        "EBIT": 8688000000.0,
        "Net Interest Income": -1074000000.0,
        "Interest Expense": 1074000000.0,
        "Normalized Income": 6071440000.0,
        "Net Income From Continuing And Discontinued Operation": 6055000000.0,
        "Total Expenses": 92112000000.0,
        "Total Operating Income As Reported": 8708000000.0,
        "Diluted Average Shares": 930107527.0,
        "Basic Average Shares": 930107527.0,
        "Diluted EPS": 6.51,
        "Basic EPS": 6.51,
        "Diluted NI Availto Com Stockholders": 6055000000.0,
        "Net Income Common Stockholders": 6055000000.0,
        "Net Income": 6055000000.0,
        "Minority Interests": -203000000.0,
        "Net Income Including Noncontrolling Interests": 6258000000.0,
        "Net Income Continuous Operations": 6258000000.0,
        "Tax Provision": 1356000000.0,
        "Pretax Income": 7614000000.0,
        "Other Income Expense": -20000000.0,
        "Special Income Charges": -20000000.0,
        "Gain On Sale Of Business": -20000000.0,
        "Gain On Sale Of Security": 1643000000.0,
        "Net Non Operating Interest Income Expense": -1074000000.0,
        "Interest Expense Non Operating": 1074000000.0,
        "Operating Income": 8708000000.0,
        "Operating Expense": 14321000000.0,
        "Other Operating Expenses": 13280000000.0,
        "Depreciation Amortization Depletion Income Statement": 1041000000.0,
        "Depreciation And Amortization In Income Statement": 1041000000.0,
        "Gross Profit": 23029000000.0,
        "Cost Of Revenue": 77791000000.0,
        "Total Revenue": 100820000000.0,
        "Operating Revenue": 100820000000.0
    },
    "2024-12-31": {
        "Tax Effect Of Unusual Items": 3113974.377853,
        "Tax Rate For Calcs": 0.148284,
        "Normalized EBITDA": 8814000000.0,
        "Total Unusual Items": 21000000.0,
        "Total Unusual Items Excluding Goodwill": 21000000.0,
        "Net Income From Continuing Operation Net Minority Interest": 5543000000.0,
        "Reconciled Depreciation": 1041000000.0,
        "Reconciled Cost Of Revenue": 79499000000.0,
        "EBITDA": 8835000000.0,
        "EBIT": 7794000000.0,
        "Net Interest Income": -1003000000.0,
        "Interest Expense": 1003000000.0,
        "Normalized Income": 5525113974.377853,
        "Net Income From Continuing And Discontinued Operation": 5543000000.0,
        "Total Expenses": 93034000000.0,
        "Total Operating Income As Reported": 7773000000.0,
        "Diluted Average Shares": 927000000.0,
        "Basic Average Shares": 915000000.0,
        "Diluted EPS": 5.98,
        "Basic EPS": 6.057923,
        "Diluted NI Availto Com Stockholders": 5543000000.0,
        "Net Income Common Stockholders": 5543000000.0,
        "Net Income": 5543000000.0,
        "Minority Interests": -241000000.0,
        "Net Income Including Noncontrolling Interests": 5784000000.0,
        "Net Income Continuous Operations": 5784000000.0,
        "Tax Provision": 1007000000.0,
        "Pretax Income": 6791000000.0,
        "Other Income Expense": 21000000.0,
        "Special Income Charges": 21000000.0,
        "Gain On Sale Of Business": 21000000.0,
        "Gain On Sale Of Security": NaN,
        "Net Non Operating Interest Income Expense": -1003000000.0,
        "Interest Expense Non Operating": 1003000000.0,
        "Operating Income": 7773000000.0,
        "Operating Expense": 13535000000.0,
        "Other Operating Expenses": 12494000000.0,
        "Depreciation Amortization Depletion Income Statement": 1041000000.0,
        "Depreciation And Amortization In Income Statement": 1041000000.0,
        "Gross Profit": 21308000000.0,
        "Cost Of Revenue": 79499000000.0,
        "Total Revenue": 100807000000.0,
        "Operating Revenue": 100807000000.0
    }
}