{
    "2023-06-30": {
        "Tax Effect Of Unusual Items": NaN,
        "Tax Rate For Calcs": NaN,
        "Normalized EBITDA": NaN,
        "Total Unusual Items": NaN,
        "Total Unusual Items Excluding Goodwill": NaN,
        "Net Income From Continuing Operation Net Minority Interest": NaN,
        "Reconciled Depreciation": NaN,
        "Reconciled Cost Of Revenue": NaN,
        "EBITDA": NaN,
        "EBIT": NaN,
        "Net Interest Income": NaN,
        "Interest Expense": NaN,
        "Interest Income": 0.0,
        "Normalized Income": NaN,
        "Net Income From Continuing And Discontinued Operation": NaN,
        "Total Expenses": NaN,
        "Rent Expense Supplemental": NaN,
        "Total Operating Income As Reported": NaN,
        "Diluted Average Shares": NaN,
        "Basic Average Shares": NaN,
        "Diluted EPS": NaN,
        "Basic EPS": NaN,
        "Diluted NI Availto Com Stockholders": NaN,
        "Net Income Common Stockholders": NaN,
        "Net Income": NaN,
        "Net Income Including Noncontrolling Interests": NaN,
        "Net Income Continuous Operations": NaN,
        "Tax Provision": NaN,
        "Pretax Income": NaN,
        "Other Income Expense": NaN,
        "Other Non Operating Income Expenses": NaN,
        "Gain On Sale Of Security": NaN,
        "Net Non Operating Interest Income Expense": NaN,
        "Interest Expense Non Operating": NaN,
        "Interest Income Non Operating": 0.0,
        "Operating Income": NaN,
        "Operating Expense": NaN,
        "Other Operating Expenses": NaN,
        "Selling General And Administration": -14000000.0,
        "General And Administrative Expense": -14000000.0,
        "Salaries And Wages": -14000000.0,
        "Gross Profit": NaN,
        "Cost Of Revenue": NaN,
        "Total Revenue": NaN,
        "Operating Revenue": NaN
    },
    "2023-03-31": {
        "Tax Effect Of Unusual Items": NaN,
        "Tax Rate For Calcs": NaN,
        "Normalized EBITDA": NaN,
        "Total Unusual Items": NaN,
        "Total Unusual Items Excluding Goodwill": NaN,
        "Net Income From Continuing Operation Net Minority Interest": NaN,
        "Reconciled Depreciation": NaN,
        "Reconciled Cost Of Revenue": NaN,
        "EBITDA": NaN,
        "EBIT": NaN,
        "Net Interest Income": NaN,
        "Interest Expense": NaN,
        "Interest Income": NaN,
        "Normalized Income": NaN,
        "Net Income From Continuing And Discontinued Operation": NaN,
        "Total Expenses": NaN,
        "Rent Expense Supplemental": NaN,
        "Total Operating Income As Reported": NaN,
        "Diluted Average Shares": NaN,
        "Basic Average Shares": NaN,
        "Diluted EPS": NaN,
        "Basic EPS": NaN,
        "Diluted NI Availto Com Stockholders": NaN,
        "Net Income Common Stockholders": NaN,
        "Net Income": NaN,
        "Net Income Including Noncontrolling Interests": NaN,
        "Net Income Continuous Operations": NaN,
        "Tax Provision": NaN,
        "Pretax Income": NaN,
        "Other Income Expense": NaN,
        "Other Non Operating Income Expenses": NaN,
        "Gain On Sale Of Security": NaN,
        "Net Non Operating Interest Income Expense": NaN,
        "Interest Expense Non Operating": NaN,
        "Interest Income Non Operating": NaN,
        "Operating Income": NaN,
        "Operating Expense": NaN,
        "Other Operating Expenses": NaN,
        "Selling General And Administration": -14000000.0,
        "General And Administrative Expense": -14000000.0,
        "Salaries And Wages": -14000000.0,
        "Gross Profit": NaN,
        "Cost Of Revenue": NaN,
        "Total Revenue": NaN,
        "Operating Revenue": NaN
    },
    "2022-12-31": {
        "Tax Effect Of Unusual Items": 17676646.706587,
        "Tax Rate For Calcs": 0.245509,
        "Normalized EBITDA": 3001000000.0,
        "Total Unusual Items": 72000000.0,
        "Total Unusual Items Excluding Goodwill": 72000000.0,
        "Net Income From Continuing Operation Net Minority Interest": 1638000000.0,
        "Reconciled Depreciation": 569000000.0,
        "Reconciled Cost Of Revenue": 3467000000.0,
        "EBITDA": 3073000000.0,
        "EBIT": 2504000000.0,
        "Net Interest Income": -333000000.0,
        "Interest Expense": 333000000.0,
        "Normalized Income": 1583676646.706587,
        "Net Income From Continuing And Discontinued Operation": 1638000000.0,
        "Total Expenses": 3768000000.0,
        "Rent Expense Supplemental": 238000000.0,
        "Total Operating Income As Reported": 2412000000.0,
        "Diluted Average Shares": 613700000.0,
        "Basic Average Shares": 612700000.0,
        "Diluted EPS": 2.67,
        "Basic EPS": 2.67,
        "Diluted NI Availto Com Stockholders": 1638000000.0,
        "Net Income Common Stockholders": 1638000000.0,
        "Net Income": 1638000000.0,
        "Net Income Including Noncontrolling Interests": 1638000000.0,
        "Net Income Continuous Operations": 1638000000.0,
        "Tax Provision": 533000000.0,
        "Pretax Income": 2171000000.0,
        "Other Income Expense": 92000000.0,
        "Other Non Operating Income Expenses": 20000000.0,
        "Gain On Sale Of Security": 72000000.0,
        "Net Non Operating Interest Income Expense": -333000000.0,
        "Interest Expense Non Operating": 333000000.0,
        "Operating Income": 2412000000.0,
        "Operating Expense": 301000000.0,
        "Other Operating Expenses": 301000000.0,
        "Gross Profit": 2713000000.0,
        "Cost Of Revenue": 3467000000.0,
        "Total Revenue": 6180000000.0,
        "Operating Revenue": 5768000000.0
    },
    "2022-09-30": {
        "Tax Effect Of Unusual Items": 23071662.571663,
        "Tax Rate For Calcs": 0.223997,
        "Normalized EBITDA": 3217000000.0,
        "Total Unusual Items": 103000000.0,
        "Total Unusual Items Excluding Goodwill": 103000000.0,
        "Net Income From Continuing Operation Net Minority Interest": 1895000000.0,
        "Reconciled Depreciation": 563000000.0,
        "Reconciled Cost Of Revenue": 3614000000.0,
        "EBITDA": 3320000000.0,
        "EBIT": 2757000000.0,
        "Net Interest Income": -315000000.0,
        "Interest Expense": 315000000.0,
        "Normalized Income": 1815071662.571663,
        "Net Income From Continuing And Discontinued Operation": 1895000000.0,
        "Total Expenses": 3933000000.0,
        "Rent Expense Supplemental": 215000000.0,
        "Total Operating Income As Reported": 2633000000.0,
        "Diluted Average Shares": 621500000.0,
        "Basic Average Shares": 620400000.0,
        "Diluted EPS": 3.05,
        "Basic EPS": 3.05,
        "Diluted NI Availto Com Stockholders": 1895000000.0,
        "Net Income Common Stockholders": 1895000000.0,
        "Net Income": 1895000000.0,
        "Net Income Including Noncontrolling Interests": 1895000000.0,
        "Net Income Continuous Operations": 1895000000.0,
        "Tax Provision": 547000000.0,
        "Pretax Income": 2442000000.0,
        "Other Income Expense": 124000000.0,
        "Other Non Operating Income Expenses": 21000000.0,
        "Gain On Sale Of Security": 103000000.0,
        "Net Non Operating Interest Income Expense": -315000000.0,
        "Interest Expense Non Operating": 315000000.0,
        "Operating Income": 2633000000.0,
        "Operating Expense": 319000000.0,
        "Other Operating Expenses": 319000000.0,
        "Gross Profit": 2952000000.0,
        "Cost Of Revenue": 3614000000.0,
        "Total Revenue": 6566000000.0,
        "Operating Revenue": 6109000000.0
    },
    "2022-06-30": {
        "Tax Effect Of Unusual Items": 0.0,
        "Tax Rate For Calcs": 0.216,
        "Normalized EBITDA": 2658000000.0,
        "Total Unusual Items": 98000000.0,
        "Total Unusual Items Excluding Goodwill": 98000000.0,
        "Net Income From Continuing Operation Net Minority Interest": 1835000000.0,
        "Reconciled Depreciation": 559000000.0,
        "Reconciled Cost Of Revenue": 3443000000.0,
        "EBITDA": 2658000000.0,
        "EBIT": 2658000000.0,
        "Net Interest Income": -316000000.0,
        "Interest Expense": 316000000.0,
        "Normalized Income": 1835000000.0,
        "Net Income From Continuing And Discontinued Operation": 1835000000.0,
        "Total Expenses": 3774000000.0,
        "Rent Expense Supplemental": 230000000.0,
        "Total Operating Income As Reported": 2495000000.0,
        "Diluted Average Shares": 626800000.0,
        "Basic Average Shares": 625600000.0,
        "Diluted EPS": 2.93,
        "Basic EPS": 2.93,
        "Diluted NI Availto Com Stockholders": 1835000000.0,
        "Net Income Common Stockholders": 1835000000.0,
        "Net Income": 1835000000.0,
        "Net Income Including Noncontrolling Interests": 1835000000.0,
        "Net Income Continuous Operations": 1835000000.0,
        "Tax Provision": 507000000.0,
        "Pretax Income": 2342000000.0,
        "Other Income Expense": 163000000.0,
        "Other Non Operating Income Expenses": 163000000.0,
        "Special Income Charges": 98000000.0,
        "Gain On Sale Of Ppe": 98000000.0,
        "Gain On Sale Of Security": NaN,
        "Net Non Operating Interest Income Expense": -316000000.0,
        "Interest Expense Non Operating": 316000000.0,
        "Operating Income": 2495000000.0,
        "Operating Expense": 331000000.0,
        "Other Operating Expenses": 331000000.0,
        "Gross Profit": 2826000000.0,
        "Cost Of Revenue": 3443000000.0,
        "Total Revenue": 6269000000.0,
        "Operating Revenue": 5842000000.0
    },
    "2022-03-31": {
        "Diluted EPS": 2.57,
        "Total Revenue": NaN,
        "Gross Profit": NaN,
        "Operating Income": NaN,
        "EBIT": NaN,
        "Net Income": NaN
    },
    "2021-12-31": {
        "Diluted EPS": 2.66,
        "Total Revenue": NaN,
        "Gross Profit": NaN,
        "Operating Income": NaN,
        "EBIT": NaN,
        "Net Income": NaN
    },
    "2021-09-30": {
        "Diluted EPS": 2.57,
        "Total Revenue": NaN,
        "Gross Profit": NaN,
        "Operating Income": NaN,
        "EBIT": NaN,
        "Net Income": NaN
    },
    "2021-06-30": {
        "Diluted EPS": 2.72,
        "Total Revenue": NaN,
        "Gross Profit": NaN,
        "Operating Income": NaN,
        "EBIT": NaN,
        "Net Income": NaN
    },
    "2021-03-31": {
        "Diluted EPS": 2.0,
        "Total Revenue": NaN,
        "Gross Profit": NaN,
        "Operating Income": NaN,
        "EBIT": NaN,
        "Net Income": NaN
    },
    "2020-12-31": {
        "Diluted EPS": 2.05,
        "Total Revenue": NaN,
        "Gross Profit": NaN,
        "Operating Income": NaN,
        "EBIT": NaN,
        "Net Income": NaN
    },
    "2020-09-30": {
        "Diluted EPS": 2.01,
        "Total Revenue": NaN,
        "Gross Profit": NaN,
        "Operating Income": NaN,
        "EBIT": NaN,
        "Net Income": NaN
    },
    "2020-06-30": {
        "Diluted EPS": 1.67,
        "Total Revenue": NaN,
        "Gross Profit": NaN,
        "Operating Income": NaN,
        "EBIT": NaN,
        "Net Income": NaN
    },
    "2020-03-31": {
        "Diluted EPS": 2.15,
        "Total Revenue": NaN,
        "Gross Profit": NaN,
        "Operating Income": NaN,
        "EBIT": NaN,
        "Net Income": NaN
    },
    "2019-12-31": {
        "Diluted EPS": 2.01,
        "Total Revenue": NaN,
        "Gross Profit": NaN,
        "Operating Income": NaN,
        "EBIT": NaN,
        "Net Income": NaN
    },
    "2019-09-30": {
        "Diluted EPS": 2.22,
        "Total Revenue": NaN,
        "Gross Profit": NaN,
        "Operating Income": NaN,
        "EBIT": NaN,
        "Net Income": NaN
    },
    "2019-06-30": {
        "Diluted EPS": 2.22,
        "Total Revenue": NaN,
        "Gross Profit": NaN,
        "Operating Income": NaN,
        "EBIT": NaN,
        "Net Income": NaN
    },
    "2019-03-31": {
        "Diluted EPS": 1.93,
        "Total Revenue": NaN,
        "Gross Profit": NaN,
        "Operating Income": NaN,
        "EBIT": NaN,
        "Net Income": NaN
    },
    "2018-12-31": {
        "Diluted EPS": 2.1,
        "Total Revenue": NaN,
        "Gross Profit": NaN,
        "Operating Income": NaN,
        "EBIT": NaN,
        "Net Income": NaN
    },
    "2018-09-30": {
        "Diluted EPS": 2.15,
        "Total Revenue": NaN,
        "Gross Profit": NaN,
        "Operating Income": NaN,
        "EBIT": NaN,
        "Net Income": NaN
    },
    "2018-06-30": {
        "Diluted EPS": 1.98,
        "Total Revenue": NaN,
        "Gross Profit": NaN,
        "Operating Income": NaN,
        "EBIT": NaN,
        "Net Income": NaN
    },
    "2018-03-31": {
        "Diluted EPS": 1.68,
        "Total Revenue": NaN,
        "Gross Profit": NaN,
        "Operating Income": NaN,
        "EBIT": NaN,
        "Net Income": NaN
    },
    "2017-12-31": {
        "Diluted EPS": 9.09,
        "Total Revenue": NaN,
        "Gross Profit": NaN,
        "Operating Income": NaN,
        "EBIT": NaN,
        "Net Income": NaN
    },
    "2017-09-30": {
        "Diluted EPS": 1.5,
        "Total Revenue": NaN,
        "Gross Profit": NaN,
        "Operating Income": NaN,
        "EBIT": NaN,
        "Net Income": NaN
    },
    "2017-06-30": {
        "Diluted EPS": 1.45,
        "Total Revenue": NaN,
        "Gross Profit": NaN,
        "Operating Income": NaN,
        "EBIT": NaN,
        "Net Income": NaN
    },
    "2017-03-31": {
        "Diluted EPS": 1.32,
        "Total Revenue": NaN,
        "Gross Profit": NaN,
        "Operating Income": NaN,
        "EBIT": NaN,
        "Net Income": NaN
    },
    "2016-12-31": {
        "Diluted EPS": 1.38,
        "Total Revenue": NaN,
        "Gross Profit": NaN,
        "Operating Income": NaN,
        "EBIT": NaN,
        "Net Income": NaN
    },
    "2016-09-30": {
        "Diluted EPS": 1.36,
        "Total Revenue": NaN,
        "Gross Profit": NaN,
        "Operating Income": NaN,
        "EBIT": NaN,
        "Net Income": NaN
    },
    "2016-06-30": {
        "Diluted EPS": 1.17,
        "Total Revenue": NaN,
        "Gross Profit": NaN,
        "Operating Income": NaN,
        "EBIT": NaN,
        "Net Income": 979
    },
    "2016-03-31": {
        "Diluted EPS": 1.16,
        "Total Revenue": NaN,
        "Gross Profit": NaN,
        "Operating Income": NaN,
        "EBIT": NaN,
        "Net Income": 979
    },
    "2015-12-31": {
        "Diluted EPS": 1.31,
        "Total Revenue": NaN,
        "Gross Profit": NaN,
        "Operating Income": NaN,
        "EBIT": NaN,
        "Net Income": NaN
    },
    "2015-09-30": {
        "Diluted EPS": 1.5,
        "Total Revenue": NaN,
        "Gross Profit": NaN,
        "Operating Income": NaN,
        "EBIT": NaN,
        "Net Income": NaN
    },
    "2015-06-30": {
        "Diluted EPS": 1.38,
        "Total Revenue": NaN,
        "Gross Profit": NaN,
        "Operating Income": NaN,
        "EBIT": NaN,
        "Net Income": NaN
    },
    "2015-03-31": {
        "Diluted EPS": 1.3,
        "Total Revenue": NaN,
        "Gross Profit": NaN,
        "Operating Income": NaN,
        "EBIT": NaN,
        "Net Income": NaN
    },
    "2014-12-31": {
        "Diluted EPS": 1.6,
        "Total Revenue": NaN,
        "Gross Profit": NaN,
        "Operating Income": NaN,
        "EBIT": NaN,
        "Net Income": NaN
    },
    "2014-09-30": {
        "Diluted EPS": 1.53,
        "Total Revenue": NaN,
        "Gross Profit": NaN,
        "Operating Income": NaN,
        "EBIT": NaN,
        "Net Income": NaN
    },
    "2014-06-30": {
        "Diluted EPS": 1.43,
        "Total Revenue": NaN,
        "Gross Profit": NaN,
        "Operating Income": NaN,
        "EBIT": NaN,
        "Net Income": NaN
    },
    "2014-03-31": {
        "Diluted EPS": 1.19,
        "Total Revenue": NaN,
        "Gross Profit": NaN,
        "Operating Income": NaN,
        "EBIT": NaN,
        "Net Income": NaN
    },
    "2013-12-31": {
        "Diluted EPS": 1.28,
        "Total Revenue": NaN,
        "Gross Profit": NaN,
        "Operating Income": NaN,
        "EBIT": NaN,
        "Net Income": NaN
    },
    "2013-09-30": {
        "Diluted EPS": 1.24,
        "Total Revenue": NaN,
        "Gross Profit": NaN,
        "Operating Income": NaN,
        "EBIT": NaN,
        "Net Income": NaN
    },
    "2013-06-30": {
        "Diluted EPS": 1.18,
        "Total Revenue": NaN,
        "Gross Profit": NaN,
        "Operating Income": NaN,
        "EBIT": NaN,
        "Net Income": NaN
    },
    "2013-03-31": {
        "Diluted EPS": 1.02,
        "Total Revenue": NaN,
        "Gross Profit": NaN,
        "Operating Income": NaN,
        "EBIT": NaN,
        "Net Income": 957
    },
    "2012-12-31": {
        "Diluted EPS": 1.1,
        "Total Revenue": NaN,
        "Gross Profit": NaN,
        "Operating Income": NaN,
        "EBIT": NaN,
        "Net Income": NaN
    },
    "2012-09-30": {
        "Diluted EPS": 1.1,
        "Total Revenue": NaN,
        "Gross Profit": NaN,
        "Operating Income": NaN,
        "EBIT": NaN,
        "Net Income": NaN
    },
    "2012-06-30": {
        "Diluted EPS": 1.05,
        "Total Revenue": NaN,
        "Gross Profit": NaN,
        "Operating Income": NaN,
        "EBIT": NaN,
        "Net Income": NaN
    },
    "2012-03-31": {
        "Diluted EPS": 0.9,
        "Total Revenue": NaN,
        "Gross Profit": NaN,
        "Operating Income": NaN,
        "EBIT": NaN,
        "Net Income": 863
    },
    "2011-12-31": {
        "Diluted EPS": 1.0,
        "Total Revenue": NaN,
        "Gross Profit": NaN,
        "Operating Income": NaN,
        "EBIT": NaN,
        "Net Income": 964
    },
    "2011-09-30": {
        "Diluted EPS": 0.93,
        "Total Revenue": NaN,
        "Gross Profit": NaN,
        "Operating Income": NaN,
        "EBIT": NaN,
        "Net Income": 904
    },
    "2011-06-30": {
        "Diluted EPS": 0.8,
        "Total Revenue": NaN,
        "Gross Profit": NaN,
        "Operating Income": NaN,
        "EBIT": NaN,
        "Net Income": 785
    },
    "2011-03-31": {
        "Diluted EPS": 0.65,
        "Total Revenue": NaN,
        "Gross Profit": NaN,
        "Operating Income": NaN,
        "EBIT": NaN,
        "Net Income": 639
    },
    "2010-12-31": {
        "Diluted EPS": 0.78,
        "Total Revenue": NaN,
        "Gross Profit": NaN,
        "Operating Income": NaN,
        "EBIT": NaN,
        "Net Income": 775
    },
    "2010-09-30": {
        "Diluted EPS": 0.78,
        "Total Revenue": NaN,
        "Gross Profit": NaN,
        "Operating Income": NaN,
        "EBIT": NaN,
        "Net Income": 778
    },
    "2010-06-30": {
        "Diluted EPS": 0.7,
        "Total Revenue": NaN,
        "Gross Profit": NaN,
        "Operating Income": NaN,
        "EBIT": NaN,
        "Net Income": 711
    },
    "2010-03-31": {
        "Diluted EPS": 0.51,
        "Total Revenue": NaN,
        "Gross Profit": NaN,
        "Operating Income": 988,
        "EBIT": NaN,
        "Net Income": 516
    },
    "2009-12-31": {
        "Diluted EPS": 0.55,
        "Total Revenue": NaN,
        "Gross Profit": NaN,
        "Operating Income": 999,
        "EBIT": NaN,
        "Net Income": 549
    },
    "2009-09-30": {
        "Diluted EPS": 0.51,
        "Total Revenue": NaN,
        "Gross Profit": NaN,
        "Operating Income": 961,
        "EBIT": NaN,
        "Net Income": 514
    },
    "2009-06-30": {
        "Diluted EPS": 0.46,
        "Total Revenue": NaN,
        "Gross Profit": NaN,
        "Operating Income": 748,
        "EBIT": NaN,
        "Net Income": 465
    },
    "2009-03-31": {
        "Diluted EPS": 0.36,
        "Total Revenue": NaN,
        "Gross Profit": NaN,
        "Operating Income": 671,
        "EBIT": NaN,
        "Net Income": 362
    },
    "2023-09-30": {
        "Tax Effect Of Unusual Items": NaN,
        "Tax Rate For Calcs": NaN,
        "Normalized EBITDA": NaN,
        "Total Unusual Items": NaN,
        "Total Unusual Items Excluding Goodwill": NaN,
        "Net Income From Continuing Operation Net Minority Interest": NaN,
        "Reconciled Depreciation": NaN,
        "Reconciled Cost Of Revenue": NaN,
        "EBITDA": NaN,
        "EBIT": NaN,
        "Net Interest Income": NaN,
        "Interest Expense": NaN,
        "Interest Income": 0.0,
        "Normalized Income": NaN,
        "Net Income From Continuing And Discontinued Operation": NaN,
        "Total Expenses": NaN,
        "Rent Expense Supplemental": NaN,
        "Total Operating Income As Reported": NaN,
        "Diluted Average Shares": NaN,
        "Basic Average Shares": NaN,
        "Diluted EPS": NaN,
        "Basic EPS": NaN,
        "Diluted NI Availto Com Stockholders": NaN,
        "Net Income Common Stockholders": NaN,
        "Net Income": NaN,
        "Net Income Including Noncontrolling Interests": NaN,
        "Net Income Continuous Operations": NaN,
        "Tax Provision": NaN,
        "Pretax Income": NaN,
        "Other Income Expense": NaN,
        "Other Non Operating Income Expenses": NaN,
        "Gain On Sale Of Security": NaN,
        "Net Non Operating Interest Income Expense": NaN,
        "Interest Expense Non Operating": NaN,
        "Interest Income Non Operating": 0.0,
        "Operating Income": NaN,
        "Operating Expense": NaN,
        "Other Operating Expenses": NaN,
        "Selling General And Administration": NaN,
        "General And Administrative Expense": NaN,
        "Salaries And Wages": NaN,
        "Gross Profit": NaN,
        "Cost Of Revenue": NaN,
        "Total Revenue": NaN,
        "Operating Revenue": NaN
    },
    "2023-12-31": {
        "Tax Effect Of Unusual Items": NaN,
        "Tax Rate For Calcs": NaN,
        "Normalized EBITDA": NaN,
        "Total Unusual Items": 79000000.0,
        "Total Unusual Items Excluding Goodwill": 79000000.0,
        "Net Income From Continuing Operation Net Minority Interest": NaN,
        "Reconciled Depreciation": NaN,
        "Reconciled Cost Of Revenue": NaN,
        "EBITDA": NaN,
        "EBIT": NaN,
        "Net Interest Income": NaN,
        "Interest Expense": NaN,
        "Interest Income": NaN,
        "Normalized Income": NaN,
        "Net Income From Continuing And Discontinued Operation": NaN,
        "Total Expenses": NaN,
        "Rent Expense Supplemental": NaN,
        "Total Operating Income As Reported": NaN,
        "Diluted Average Shares": NaN,
        "Basic Average Shares": NaN,
        "Diluted EPS": NaN,
        "Basic EPS": NaN,
        "Diluted NI Availto Com Stockholders": NaN,
        "Net Income Common Stockholders": NaN,
        "Net Income": NaN,
        "Net Income Including Noncontrolling Interests": NaN,
        "Net Income Continuous Operations": NaN,
        "Tax Provision": NaN,
        "Pretax Income": NaN,
        "Other Income Expense": NaN,
        "Other Non Operating Income Expenses": NaN,
        "Gain On Sale Of Security": 79000000.0,
        "Net Non Operating Interest Income Expense": NaN,
        "Interest Expense Non Operating": NaN,
        "Interest Income Non Operating": NaN,
        "Operating Income": NaN,
        "Operating Expense": NaN,
        "Other Operating Expenses": NaN,
        "Selling General And Administration": NaN,
        "General And Administrative Expense": NaN,
        "Salaries And Wages": NaN,
        "Gross Profit": NaN,
        "Cost Of Revenue": NaN,
        "Total Revenue": NaN,
        "Operating Revenue": NaN
    },
    "2024-03-31": {
        "Tax Effect Of Unusual Items": NaN,
        "Tax Rate For Calcs": NaN,
        "Normalized EBITDA": NaN,
        "Total Unusual Items": 65000000.0,
        "Total Unusual Items Excluding Goodwill": 65000000.0,
        "Net Income From Continuing Operation Net Minority Interest": NaN,
        "Reconciled Depreciation": NaN,
        "Reconciled Cost Of Revenue": NaN,
        "EBITDA": NaN,
        "EBIT": NaN,
        "Net Interest Income": NaN,
        "Interest Expense": NaN,
        "Interest Income": NaN,
        "Normalized Income": NaN,
        "Net Income From Continuing And Discontinued Operation": NaN,
        "Total Expenses": NaN,
        "Rent Expense Supplemental": NaN,
        "Total Operating Income As Reported": NaN,
        "Diluted Average Shares": NaN,
        "Basic Average Shares": NaN,
        "Diluted EPS": NaN,
        "Basic EPS": NaN,
        "Diluted NI Availto Com Stockholders": NaN,
        "Net Income Common Stockholders": NaN,
        "Net Income": NaN,
        "Net Income Including Noncontrolling Interests": NaN,
        "Net Income Continuous Operations": NaN,
        "Tax Provision": NaN,
        "Pretax Income": NaN,
        "Other Income Expense": NaN,
        "Other Non Operating Income Expenses": NaN,
        "Gain On Sale Of Security": 65000000.0,
        "Net Non Operating Interest Income Expense": NaN,
        "Interest Expense Non Operating": NaN,
        "Interest Income Non Operating": NaN,
        "Operating Income": NaN,
        "Operating Expense": NaN,
        "Other Operating Expenses": NaN,
        "Selling General And Administration": -15000000.0,
        "General And Administrative Expense": -15000000.0,
        "Salaries And Wages": -15000000.0,
        "Gross Profit": NaN,
        "Cost Of Revenue": NaN,
        "Total Revenue": NaN,
        "Operating Revenue": NaN
    },
    "2024-06-30": {
        "Tax Effect Of Unusual Items": NaN,
        "Tax Rate For Calcs": NaN,
        "Normalized EBITDA": NaN,
        "Total Unusual Items": 57000000.0,
        "Total Unusual Items Excluding Goodwill": 57000000.0,
        "Net Income From Continuing Operation Net Minority Interest": NaN,
        "Reconciled Depreciation": NaN,
        "Reconciled Cost Of Revenue": NaN,
        "EBITDA": NaN,
        "EBIT": NaN,
        "Net Interest Income": NaN,
        "Interest Expense": NaN,
        "Interest Income": 34000000.0,
        "Normalized Income": NaN,
        "Net Income From Continuing And Discontinued Operation": NaN,
        "Total Expenses": NaN,
        "Rent Expense Supplemental": NaN,
        "Total Operating Income As Reported": NaN,
        "Diluted Average Shares": NaN,
        "Basic Average Shares": NaN,
        "Diluted EPS": NaN,
        "Basic EPS": NaN,
        "Diluted NI Availto Com Stockholders": NaN,
        "Net Income Common Stockholders": NaN,
        "Net Income": NaN,
        "Net Income Including Noncontrolling Interests": NaN,
        "Net Income Continuous Operations": NaN,
        "Tax Provision": NaN,
        "Pretax Income": NaN,
        "Other Income Expense": NaN,
        "Other Non Operating Income Expenses": NaN,
        "Gain On Sale Of Security": 57000000.0,
        "Net Non Operating Interest Income Expense": NaN,
        "Interest Expense Non Operating": NaN,
        "Interest Income Non Operating": 34000000.0,
        "Operating Income": NaN,
        "Operating Expense": NaN,
        "Other Operating Expenses": NaN,
        "Selling General And Administration": -15000000.0,
        "General And Administrative Expense": -15000000.0,
        "Salaries And Wages": -15000000.0,
        "Gross Profit": NaN,
        "Cost Of Revenue": NaN,
        "Total Revenue": NaN,
        "Operating Revenue": NaN
    },
    "2024-09-30": {
        "Tax Effect Of Unusual Items": 0.0,
        "Tax Rate For Calcs": 0.236638,
        "Normalized EBITDA": 3105000000.0,
        "Total Unusual Items": 70000000.0,
        "Total Unusual Items Excluding Goodwill": 70000000.0,
        "Net Income From Continuing Operation Net Minority Interest": 1671000000.0,
        "Reconciled Depreciation": 602000000.0,
        "Reconciled Cost Of Revenue": 3321000000.0,
        "EBITDA": 3105000000.0,
        "EBIT": 2503000000.0,
        "Net Interest Income": -299000000.0,
        "Interest Expense": 314000000.0,
        "Interest Income": 15000000.0,
        "Normalized Income": 1671000000.0,
        "Net Income From Continuing And Discontinued Operation": 1671000000.0,
        "Total Expenses": 3675000000.0,
        "Rent Expense Supplemental": 237000000.0,
        "Total Operating Income As Reported": 2416000000.0,
        "Diluted Average Shares": 608600000.0,
        "Basic Average Shares": 607600000.0,
        "Diluted EPS": 2.75,
        "Basic EPS": 2.75,
        "Diluted NI Availto Com Stockholders": 1671000000.0,
        "Net Income Common Stockholders": 1671000000.0,
        "Net Income": 1671000000.0,
        "Net Income Including Noncontrolling Interests": 1671000000.0,
        "Net Income Continuous Operations": 1671000000.0,
        "Tax Provision": 518000000.0,
        "Pretax Income": 2189000000.0,
        "Other Income Expense": 72000000.0,
        "Other Non Operating Income Expenses": 72000000.0,
        "Gain On Sale Of Security": 70000000.0,
        "Net Non Operating Interest Income Expense": -299000000.0,
        "Interest Expense Non Operating": 314000000.0,
        "Interest Income Non Operating": 15000000.0,
        "Operating Income": 2416000000.0,
        "Operating Expense": 354000000.0,
        "Other Operating Expenses": 354000000.0,
        "Selling General And Administration": NaN,
        "General And Administrative Expense": NaN,
        "Salaries And Wages": NaN,
        "Gross Profit": 2770000000.0,
        "Cost Of Revenue": 3321000000.0,
        "Total Revenue": 6091000000.0,
        "Operating Revenue": 5768000000.0
    },
    "2024-12-31": {
        "Tax Effect Of Unusual Items": 0.0,
        "Tax Rate For Calcs": 0.227532,
        "Normalized EBITDA": 3199000000.0,
        "Total Unusual Items": 71000000.0,
        "Total Unusual Items Excluding Goodwill": 71000000.0,
        "Net Income From Continuing Operation Net Minority Interest": 1762000000.0,
        "Reconciled Depreciation": 606000000.0,
        "Reconciled Cost Of Revenue": 3315000000.0,
        "EBITDA": 3199000000.0,
        "EBIT": 2593000000.0,
        "Net Interest Income": -260000000.0,
        "Interest Expense": 312000000.0,
        "Interest Income": 52000000.0,
        "Normalized Income": 1762000000.0,
        "Net Income From Continuing And Discontinued Operation": 1762000000.0,
        "Total Expenses": 3596000000.0,
        "Rent Expense Supplemental": 248000000.0,
        "Total Operating Income As Reported": 2525000000.0,
        "Diluted Average Shares": 605200000.0,
        "Basic Average Shares": 604200000.0,
        "Diluted EPS": 2.91,
        "Basic EPS": 2.92,
        "Diluted NI Availto Com Stockholders": 1762000000.0,
        "Net Income Common Stockholders": 1762000000.0,
        "Net Income": 1762000000.0,
        "Net Income Including Noncontrolling Interests": 1762000000.0,
        "Net Income Continuous Operations": 1762000000.0,
        "Tax Provision": 519000000.0,
        "Pretax Income": 2281000000.0,
        "Other Income Expense": 16000000.0,
        "Other Non Operating Income Expenses": 16000000.0,
        "Gain On Sale Of Security": 71000000.0,
        "Net Non Operating Interest Income Expense": -260000000.0,
        "Interest Expense Non Operating": 312000000.0,
        "Interest Income Non Operating": 52000000.0,
        "Operating Income": 2525000000.0,
        "Operating Expense": 281000000.0,
        "Other Operating Expenses": 281000000.0,
        "Selling General And Administration": NaN,
        "General And Administrative Expense": NaN,
        "Salaries And Wages": NaN,
        "Gross Profit": 2806000000.0,
        "Cost Of Revenue": 3315000000.0,
        "Total Revenue": 6121000000.0,
        "Operating Revenue": 5789000000.0
    },
    "2025-03-31": {
        "Tax Effect Of Unusual Items": 0.0,
        "Tax Rate For Calcs": 0.236,
        "Normalized EBITDA": 3059000000.0,
        "Total Unusual Items": NaN,
        "Total Unusual Items Excluding Goodwill": NaN,
        "Net Income From Continuing Operation Net Minority Interest": 1626000000.0,
        "Reconciled Depreciation": 610000000.0,
        "Reconciled Cost Of Revenue": 3297000000.0,
        "EBITDA": 3059000000.0,
        "EBIT": 2449000000.0,
        "Net Interest Income": -322000000.0,
        "Interest Expense": 322000000.0,
        "Interest Income": NaN,
        "Normalized Income": 1626000000.0,
        "Net Income From Continuing And Discontinued Operation": 1626000000.0,
        "Total Expenses": 3656000000.0,
        "Rent Expense Supplemental": 241000000.0,
        "Total Operating Income As Reported": 2371000000.0,
        "Diluted Average Shares": 601900000.0,
        "Basic Average Shares": 601000000.0,
        "Diluted EPS": 2.7,
        "Basic EPS": 2.71,
        "Diluted NI Availto Com Stockholders": 1626000000.0,
        "Net Income Common Stockholders": 1626000000.0,
        "Net Income": 1626000000.0,
        "Net Income Including Noncontrolling Interests": 1626000000.0,
        "Net Income Continuous Operations": 1626000000.0,
        "Tax Provision": 501000000.0,
        "Pretax Income": 2127000000.0,
        "Other Income Expense": 78000000.0,
        "Other Non Operating Income Expenses": 78000000.0,
        "Gain On Sale Of Security": NaN,
        "Net Non Operating Interest Income Expense": -322000000.0,
        "Interest Expense Non Operating": 322000000.0,
        "Interest Income Non Operating": NaN,
        "Operating Income": 2371000000.0,
        "Operating Expense": 359000000.0,
        "Other Operating Expenses": 359000000.0,
        "Selling General And Administration": -13000000.0,
        "General And Administrative Expense": -13000000.0,
        "Salaries And Wages": -13000000.0,
        "Gross Profit": 2730000000.0,
        "Cost Of Revenue": 3297000000.0,
        "Total Revenue": 6027000000.0,
        "Operating Revenue": 5691000000.0
    },
    "2025-06-30": {
        "Tax Effect Of Unusual Items": 0.0,
        "Tax Rate For Calcs": 0.189,
        "Normalized EBITDA": 3261000000.0,
        "Total Unusual Items": NaN,
        "Total Unusual Items Excluding Goodwill": NaN,
        "Net Income From Continuing Operation Net Minority Interest": 1876000000.0,
        "Reconciled Depreciation": 613000000.0,
        "Reconciled Cost Of Revenue": 3310000000.0,
        "EBITDA": 3261000000.0,
        "EBIT": 2648000000.0,
        "Net Interest Income": -319000000.0,
        "Interest Expense": 335000000.0,
        "Interest Income": 16000000.0,
        "Normalized Income": 1876000000.0,
        "Net Income From Continuing And Discontinued Operation": 1876000000.0,
        "Total Expenses": 3629000000.0,
        "Rent Expense Supplemental": 230000000.0,
        "Total Operating Income As Reported": 2525000000.0,
        "Diluted Average Shares": 594800000.0,
        "Basic Average Shares": 594100000.0,
        "Diluted EPS": 3.15,
        "Basic EPS": 3.16,
        "Diluted NI Availto Com Stockholders": 1876000000.0,
        "Net Income Common Stockholders": 1876000000.0,
        "Net Income": 1876000000.0,
        "Net Income Including Noncontrolling Interests": 1876000000.0,
        "Net Income Continuous Operations": 1876000000.0,
        "Tax Provision": 437000000.0,
        "Pretax Income": 2313000000.0,
        "Other Income Expense": 107000000.0,
        "Other Non Operating Income Expenses": 107000000.0,
        "Gain On Sale Of Security": NaN,
        "Net Non Operating Interest Income Expense": -319000000.0,
        "Interest Expense Non Operating": 335000000.0,
        "Interest Income Non Operating": 16000000.0,
        "Operating Income": 2525000000.0,
        "Operating Expense": 319000000.0,
        "Other Operating Expenses": 319000000.0,
        "Selling General And Administration": NaN,
        "General And Administrative Expense": NaN,
        "Salaries And Wages": NaN,
        "Gross Profit": 2844000000.0,
        "Cost Of Revenue": 3310000000.0,
        "Total Revenue": 6154000000.0,
        "Operating Revenue": 5843000000.0
    },
    "2025-09-30": {
        "Tax Effect Of Unusual Items": 0.0,
        "Tax Rate For Calcs": 0.228645,
        "Normalized EBITDA": 3263000000.0,
        "Total Unusual Items": NaN,
        "Total Unusual Items Excluding Goodwill": NaN,
        "Net Income From Continuing Operation Net Minority Interest": 1788000000.0,
        "Reconciled Depreciation": 618000000.0,
        "Reconciled Cost Of Revenue": 3343000000.0,
        "EBITDA": 3263000000.0,
        "EBIT": 2645000000.0,
        "Net Interest Income": -315000000.0,
        "Interest Expense": 327000000.0,
        "Interest Income": 12000000.0,
        "Normalized Income": 1788000000.0,
        "Net Income From Continuing And Discontinued Operation": 1788000000.0,
        "Total Expenses": 3695000000.0,
        "Rent Expense Supplemental": 212000000.0,
        "Total Operating Income As Reported": 2549000000.0,
        "Diluted Average Shares": 593200000.0,
        "Basic Average Shares": 592400000.0,
        "Diluted EPS": 3.01,
        "Basic EPS": 3.02,
        "Diluted NI Availto Com Stockholders": 1788000000.0,
        "Net Income Common Stockholders": 1788000000.0,
        "Net Income": 1788000000.0,
        "Net Income Including Noncontrolling Interests": 1788000000.0,
        "Net Income Continuous Operations": 1788000000.0,
        "Tax Provision": 530000000.0,
        "Pretax Income": 2318000000.0,
        "Other Income Expense": 84000000.0,
        "Other Non Operating Income Expenses": 84000000.0,
        "Gain On Sale Of Security": NaN,
        "Net Non Operating Interest Income Expense": -315000000.0,
        "Interest Expense Non Operating": 327000000.0,
        "Interest Income Non Operating": 12000000.0,
        "Operating Income": 2549000000.0,
        "Operating Expense": 352000000.0,
        "Other Operating Expenses": 352000000.0,
        "Selling General And Administration": NaN,
        "General And Administrative Expense": NaN,
        "Salaries And Wages": NaN,
        "Gross Profit": 2901000000.0,
        "Cost Of Revenue": 3343000000.0,
        "Total Revenue": 6244000000.0,
        "Operating Revenue": 5927000000.0
    }
}