{
    "2023-03-31": {
        "Tax Effect Of Unusual Items": 42081000.0,
        "Tax Rate For Calcs": 0.249,
        "Normalized EBITDA": 3375000000.0,
        "Total Unusual Items": 169000000.0,
        "Total Unusual Items Excluding Goodwill": 169000000.0,
        "Net Income From Continuing Operation Net Minority Interest": 1895000000.0,
        "Reconciled Depreciation": 834000000.0,
        "Reconciled Cost Of Revenue": 18386000000.0,
        "EBITDA": 3544000000.0,
        "EBIT": 2710000000.0,
        "Net Interest Income": -188000000.0,
        "Interest Expense": 188000000.0,
        "Normalized Income": 1768081000.0,
        "Net Income From Continuing And Discontinued Operation": 1895000000.0,
        "Total Expenses": 20384000000.0,
        "Rent Expense Supplemental": 551000000.0,
        "Total Operating Income As Reported": 2541000000.0,
        "Diluted Average Shares": 865000000.0,
        "Basic Average Shares": 862000000.0,
        "Diluted EPS": 2.19,
        "Basic EPS": 2.2,
        "Diluted NI Availto Com Stockholders": 1895000000.0,
        "Net Income Common Stockholders": 1895000000.0,
        "Net Income": 1895000000.0,
        "Net Income Including Noncontrolling Interests": 1895000000.0,
        "Net Income Continuous Operations": 1895000000.0,
        "Tax Provision": 627000000.0,
        "Pretax Income": 2522000000.0,
        "Other Income Expense": 169000000.0,
        "Gain On Sale Of Security": 169000000.0,
        "Net Non Operating Interest Income Expense": -188000000.0,
        "Interest Expense Non Operating": 188000000.0,
        "Operating Income": 2541000000.0,
        "Operating Expense": 1998000000.0,
        "Other Operating Expenses": 1998000000.0,
        "Gross Profit": 4539000000.0,
        "Cost Of Revenue": 18386000000.0,
        "Total Revenue": 22925000000.0,
        "Operating Revenue": 22925000000.0
    },
    "2022-12-31": {
        "Tax Effect Of Unusual Items": 330055070.517126,
        "Tax Rate For Calcs": 0.226998,
        "Normalized EBITDA": 4083000000.0,
        "Total Unusual Items": 1454000000.0,
        "Total Unusual Items Excluding Goodwill": 1454000000.0,
        "Net Income From Continuing Operation Net Minority Interest": 3453000000.0,
        "Reconciled Depreciation": 888000000.0,
        "Reconciled Cost Of Revenue": 21342000000.0,
        "EBITDA": 5537000000.0,
        "EBIT": 4649000000.0,
        "Net Interest Income": -182000000.0,
        "Interest Expense": 182000000.0,
        "Normalized Income": 2329055070.517126,
        "Net Income From Continuing And Discontinued Operation": 3453000000.0,
        "Total Expenses": 23838000000.0,
        "Rent Expense Supplemental": 480000000.0,
        "Total Operating Income As Reported": 3195000000.0,
        "Diluted Average Shares": 871000000.0,
        "Basic Average Shares": 867000000.0,
        "Diluted EPS": 3.96,
        "Basic EPS": 3.98,
        "Diluted NI Availto Com Stockholders": 3453000000.0,
        "Net Income Common Stockholders": 3453000000.0,
        "Net Income": 3453000000.0,
        "Net Income Including Noncontrolling Interests": 3453000000.0,
        "Net Income Continuous Operations": 3453000000.0,
        "Tax Provision": 1014000000.0,
        "Pretax Income": 4467000000.0,
        "Other Income Expense": 1454000000.0,
        "Gain On Sale Of Security": 1454000000.0,
        "Net Non Operating Interest Income Expense": -182000000.0,
        "Interest Expense Non Operating": 182000000.0,
        "Operating Income": 3195000000.0,
        "Operating Expense": 2496000000.0,
        "Other Operating Expenses": 2496000000.0,
        "Gross Profit": 5691000000.0,
        "Cost Of Revenue": 21342000000.0,
        "Total Revenue": 27033000000.0,
        "Operating Revenue": 27033000000.0
    },
    "2022-09-30": {
        "Tax Effect Of Unusual Items": 7543591.312328,
        "Tax Rate For Calcs": 0.209544,
        "Normalized EBITDA": 4184000000.0,
        "Total Unusual Items": 36000000.0,
        "Total Unusual Items Excluding Goodwill": 36000000.0,
        "Net Income From Continuing Operation Net Minority Interest": 2584000000.0,
        "Reconciled Depreciation": 774000000.0,
        "Reconciled Cost Of Revenue": 21048000000.0,
        "EBITDA": 4220000000.0,
        "EBIT": 3446000000.0,
        "Net Interest Income": -177000000.0,
        "Interest Expense": 177000000.0,
        "Normalized Income": 2555543591.312328,
        "Net Income From Continuing And Discontinued Operation": 2584000000.0,
        "Total Expenses": 21048000000.0,
        "Rent Expense Supplemental": 427000000.0,
        "Total Operating Income As Reported": 3113000000.0,
        "Diluted Average Shares": 872000000.0,
        "Basic Average Shares": 870000000.0,
        "Diluted EPS": 2.96,
        "Basic EPS": 2.97,
        "Diluted NI Availto Com Stockholders": 2584000000.0,
        "Net Income Common Stockholders": 2584000000.0,
        "Net Income": 2584000000.0,
        "Net Income Including Noncontrolling Interests": 2584000000.0,
        "Net Income Continuous Operations": 2584000000.0,
        "Tax Provision": 685000000.0,
        "Pretax Income": 3269000000.0,
        "Other Income Expense": 333000000.0,
        "Other Non Operating Income Expenses": 297000000.0,
        "Gain On Sale Of Security": 36000000.0,
        "Net Non Operating Interest Income Expense": -177000000.0,
        "Interest Expense Non Operating": 177000000.0,
        "Operating Income": 3113000000.0,
        "Operating Expense": 1999000000.0,
        "Other Operating Expenses": 1999000000.0,
        "Gross Profit": 3113000000.0,
        "Cost Of Revenue": 21048000000.0,
        "Total Revenue": 24161000000.0,
        "Operating Revenue": 24161000000.0
    },
    "2022-06-30": {
        "Tax Effect Of Unusual Items": 8028130.91696,
        "Tax Rate For Calcs": 0.229375,
        "Normalized EBITDA": 4595000000.0,
        "Total Unusual Items": 35000000.0,
        "Total Unusual Items Excluding Goodwill": 35000000.0,
        "Net Income From Continuing Operation Net Minority Interest": 2849000000.0,
        "Reconciled Depreciation": 762000000.0,
        "Reconciled Cost Of Revenue": 21231000000.0,
        "EBITDA": 4630000000.0,
        "EBIT": 3868000000.0,
        "Net Interest Income": -171000000.0,
        "Interest Expense": 171000000.0,
        "Normalized Income": 2822028130.91696,
        "Net Income From Continuing And Discontinued Operation": 2849000000.0,
        "Total Expenses": 21231000000.0,
        "Rent Expense Supplemental": 420000000.0,
        "Total Operating Income As Reported": 3535000000.0,
        "Diluted Average Shares": 876000000.0,
        "Basic Average Shares": 874000000.0,
        "Diluted EPS": 3.25,
        "Basic EPS": 3.26,
        "Diluted NI Availto Com Stockholders": 2849000000.0,
        "Net Income Common Stockholders": 2849000000.0,
        "Net Income": 2849000000.0,
        "Net Income Including Noncontrolling Interests": 2849000000.0,
        "Net Income Continuous Operations": 2849000000.0,
        "Tax Provision": 848000000.0,
        "Pretax Income": 3697000000.0,
        "Other Income Expense": 333000000.0,
        "Other Non Operating Income Expenses": 298000000.0,
        "Gain On Sale Of Security": 35000000.0,
        "Net Non Operating Interest Income Expense": -171000000.0,
        "Interest Expense Non Operating": 171000000.0,
        "Operating Income": 3535000000.0,
        "Operating Expense": 1966000000.0,
        "Other Operating Expenses": 1966000000.0,
        "Gross Profit": 3535000000.0,
        "Cost Of Revenue": 21231000000.0,
        "Total Revenue": 24766000000.0,
        "Operating Revenue": 24766000000.0
    },
    "2022-03-31": {
        "Diluted EPS": 3.03,
        "Total Revenue": NaN,
        "Gross Profit": NaN,
        "Operating Income": NaN,
        "EBIT": NaN,
        "Net Income": NaN
    },
    "2021-12-31": {
        "Diluted EPS": 3.51,
        "Total Revenue": NaN,
        "Gross Profit": NaN,
        "Operating Income": NaN,
        "EBIT": NaN,
        "Net Income": NaN
    },
    "2021-09-30": {
        "Diluted EPS": 2.65,
        "Total Revenue": NaN,
        "Gross Profit": NaN,
        "Operating Income": NaN,
        "EBIT": NaN,
        "Net Income": NaN
    },
    "2021-06-30": {
        "Diluted EPS": 3.05,
        "Total Revenue": NaN,
        "Gross Profit": NaN,
        "Operating Income": NaN,
        "EBIT": NaN,
        "Net Income": NaN
    },
    "2021-03-31": {
        "Diluted EPS": 5.47,
        "Total Revenue": NaN,
        "Gross Profit": NaN,
        "Operating Income": NaN,
        "EBIT": NaN,
        "Net Income": NaN
    },
    "2020-12-31": {
        "Diluted EPS": -3.84,
        "Total Revenue": NaN,
        "Gross Profit": NaN,
        "Operating Income": NaN,
        "EBIT": NaN,
        "Net Income": NaN
    },
    "2020-09-30": {
        "Diluted EPS": 2.24,
        "Total Revenue": NaN,
        "Gross Profit": NaN,
        "Operating Income": NaN,
        "EBIT": NaN,
        "Net Income": NaN
    },
    "2020-06-30": {
        "Diluted EPS": 2.03,
        "Total Revenue": NaN,
        "Gross Profit": NaN,
        "Operating Income": NaN,
        "EBIT": NaN,
        "Net Income": NaN
    },
    "2020-03-31": {
        "Diluted EPS": 1.11,
        "Total Revenue": NaN,
        "Gross Profit": NaN,
        "Operating Income": NaN,
        "EBIT": NaN,
        "Net Income": 965
    },
    "2019-12-31": {
        "Diluted EPS": -0.12,
        "Total Revenue": NaN,
        "Gross Profit": NaN,
        "Operating Income": NaN,
        "EBIT": NaN,
        "Net Income": -106
    },
    "2019-09-30": {
        "Diluted EPS": 2.01,
        "Total Revenue": NaN,
        "Gross Profit": NaN,
        "Operating Income": NaN,
        "EBIT": NaN,
        "Net Income": NaN
    },
    "2019-06-30": {
        "Diluted EPS": 1.94,
        "Total Revenue": NaN,
        "Gross Profit": NaN,
        "Operating Income": NaN,
        "EBIT": NaN,
        "Net Income": NaN
    },
    "2019-03-31": {
        "Diluted EPS": 1.28,
        "Total Revenue": NaN,
        "Gross Profit": NaN,
        "Operating Income": NaN,
        "EBIT": NaN,
        "Net Income": NaN
    },
    "2018-12-31": {
        "Diluted EPS": 0.52,
        "Total Revenue": NaN,
        "Gross Profit": NaN,
        "Operating Income": NaN,
        "EBIT": NaN,
        "Net Income": 453
    },
    "2018-09-30": {
        "Diluted EPS": 1.73,
        "Total Revenue": NaN,
        "Gross Profit": NaN,
        "Operating Income": NaN,
        "EBIT": NaN,
        "Net Income": NaN
    },
    "2018-06-30": {
        "Diluted EPS": 1.71,
        "Total Revenue": NaN,
        "Gross Profit": NaN,
        "Operating Income": NaN,
        "EBIT": NaN,
        "Net Income": NaN
    },
    "2018-03-31": {
        "Diluted EPS": 1.55,
        "Total Revenue": NaN,
        "Gross Profit": NaN,
        "Operating Income": NaN,
        "EBIT": NaN,
        "Net Income": NaN
    },
    "2017-12-31": {
        "Diluted EPS": 1.26,
        "Total Revenue": NaN,
        "Gross Profit": NaN,
        "Operating Income": NaN,
        "EBIT": NaN,
        "Net Income": NaN
    },
    "2017-09-30": {
        "Diluted EPS": 1.44,
        "Total Revenue": NaN,
        "Gross Profit": NaN,
        "Operating Income": NaN,
        "EBIT": NaN,
        "Net Income": NaN
    },
    "2017-06-30": {
        "Diluted EPS": 1.58,
        "Total Revenue": NaN,
        "Gross Profit": NaN,
        "Operating Income": NaN,
        "EBIT": NaN,
        "Net Income": NaN
    },
    "2017-03-31": {
        "Diluted EPS": 1.33,
        "Total Revenue": NaN,
        "Gross Profit": NaN,
        "Operating Income": NaN,
        "EBIT": NaN,
        "Net Income": NaN
    },
    "2016-12-31": {
        "Diluted EPS": -0.28,
        "Total Revenue": NaN,
        "Gross Profit": NaN,
        "Operating Income": NaN,
        "EBIT": NaN,
        "Net Income": -248
    },
    "2016-09-30": {
        "Diluted EPS": 1.44,
        "Total Revenue": NaN,
        "Gross Profit": NaN,
        "Operating Income": NaN,
        "EBIT": NaN,
        "Net Income": NaN
    },
    "2016-06-30": {
        "Diluted EPS": 1.43,
        "Total Revenue": NaN,
        "Gross Profit": NaN,
        "Operating Income": NaN,
        "EBIT": NaN,
        "Net Income": NaN
    },
    "2016-03-31": {
        "Diluted EPS": 1.27,
        "Total Revenue": NaN,
        "Gross Profit": NaN,
        "Operating Income": NaN,
        "EBIT": NaN,
        "Net Income": NaN
    },
    "2015-12-31": {
        "Diluted EPS": 1.49,
        "Total Revenue": NaN,
        "Gross Profit": NaN,
        "Operating Income": NaN,
        "EBIT": NaN,
        "Net Income": NaN
    },
    "2015-09-30": {
        "Diluted EPS": 1.39,
        "Total Revenue": NaN,
        "Gross Profit": NaN,
        "Operating Income": NaN,
        "EBIT": NaN,
        "Net Income": NaN
    },
    "2015-06-30": {
        "Diluted EPS": 1.35,
        "Total Revenue": NaN,
        "Gross Profit": NaN,
        "Operating Income": NaN,
        "EBIT": NaN,
        "Net Income": NaN
    },
    "2015-03-31": {
        "Diluted EPS": 1.12,
        "Total Revenue": NaN,
        "Gross Profit": NaN,
        "Operating Income": NaN,
        "EBIT": NaN,
        "Net Income": NaN
    },
    "2014-12-31": {
        "Diluted EPS": 0.49,
        "Total Revenue": NaN,
        "Gross Profit": NaN,
        "Operating Income": 754,
        "EBIT": NaN,
        "Net Income": 453
    },
    "2014-09-30": {
        "Diluted EPS": 1.32,
        "Total Revenue": NaN,
        "Gross Profit": NaN,
        "Operating Income": NaN,
        "EBIT": NaN,
        "Net Income": NaN
    },
    "2014-06-30": {
        "Diluted EPS": 0.49,
        "Total Revenue": NaN,
        "Gross Profit": NaN,
        "Operating Income": 747,
        "EBIT": NaN,
        "Net Income": 454
    },
    "2014-03-31": {
        "Diluted EPS": 0.98,
        "Total Revenue": NaN,
        "Gross Profit": NaN,
        "Operating Income": NaN,
        "EBIT": NaN,
        "Net Income": 911
    },
    "2013-12-31": {
        "Diluted EPS": 1.24,
        "Total Revenue": NaN,
        "Gross Profit": NaN,
        "Operating Income": NaN,
        "EBIT": NaN,
        "Net Income": NaN
    },
    "2013-09-30": {
        "Diluted EPS": 1.16,
        "Total Revenue": NaN,
        "Gross Profit": NaN,
        "Operating Income": NaN,
        "EBIT": NaN,
        "Net Income": NaN
    },
    "2013-06-30": {
        "Diluted EPS": 1.13,
        "Total Revenue": NaN,
        "Gross Profit": NaN,
        "Operating Income": NaN,
        "EBIT": NaN,
        "Net Income": NaN
    },
    "2013-03-31": {
        "Diluted EPS": 1.08,
        "Total Revenue": NaN,
        "Gross Profit": NaN,
        "Operating Income": NaN,
        "EBIT": NaN,
        "Net Income": NaN
    },
    "2012-12-31": {
        "Diluted EPS": -1.8,
        "Total Revenue": NaN,
        "Gross Profit": NaN,
        "Operating Income": NaN,
        "EBIT": NaN,
        "Net Income": NaN
    },
    "2012-09-30": {
        "Diluted EPS": 0.48,
        "Total Revenue": NaN,
        "Gross Profit": NaN,
        "Operating Income": 766,
        "EBIT": NaN,
        "Net Income": 469
    },
    "2012-06-30": {
        "Diluted EPS": 1.15,
        "Total Revenue": NaN,
        "Gross Profit": NaN,
        "Operating Income": NaN,
        "EBIT": NaN,
        "Net Income": NaN
    },
    "2012-03-31": {
        "Diluted EPS": 1.0,
        "Total Revenue": NaN,
        "Gross Profit": NaN,
        "Operating Income": NaN,
        "EBIT": NaN,
        "Net Income": 970
    },
    "2011-12-31": {
        "Diluted EPS": 0.75,
        "Total Revenue": NaN,
        "Gross Profit": NaN,
        "Operating Income": NaN,
        "EBIT": NaN,
        "Net Income": 725
    },
    "2011-09-30": {
        "Diluted EPS": 1.09,
        "Total Revenue": NaN,
        "Gross Profit": NaN,
        "Operating Income": NaN,
        "EBIT": NaN,
        "Net Income": NaN
    },
    "2011-06-30": {
        "Diluted EPS": 1.09,
        "Total Revenue": NaN,
        "Gross Profit": NaN,
        "Operating Income": NaN,
        "EBIT": NaN,
        "Net Income": NaN
    },
    "2011-03-31": {
        "Diluted EPS": 0.91,
        "Total Revenue": NaN,
        "Gross Profit": NaN,
        "Operating Income": NaN,
        "EBIT": NaN,
        "Net Income": 915
    },
    "2010-12-31": {
        "Diluted EPS": 0.97,
        "Total Revenue": NaN,
        "Gross Profit": NaN,
        "Operating Income": NaN,
        "EBIT": NaN,
        "Net Income": 969
    },
    "2010-09-30": {
        "Diluted EPS": 0.99,
        "Total Revenue": NaN,
        "Gross Profit": NaN,
        "Operating Income": NaN,
        "EBIT": NaN,
        "Net Income": 991
    },
    "2010-06-30": {
        "Diluted EPS": 0.84,
        "Total Revenue": NaN,
        "Gross Profit": NaN,
        "Operating Income": NaN,
        "EBIT": NaN,
        "Net Income": 845
    },
    "2010-03-31": {
        "Diluted EPS": 0.53,
        "Total Revenue": NaN,
        "Gross Profit": NaN,
        "Operating Income": NaN,
        "EBIT": NaN,
        "Net Income": 533
    },
    "2009-12-31": {
        "Diluted EPS": 0.57,
        "Total Revenue": NaN,
        "Gross Profit": NaN,
        "Operating Income": 966,
        "EBIT": NaN,
        "Net Income": 573
    },
    "2009-09-30": {
        "Diluted EPS": 0.55,
        "Total Revenue": NaN,
        "Gross Profit": NaN,
        "Operating Income": 929,
        "EBIT": NaN,
        "Net Income": 549
    },
    "2009-06-30": {
        "Diluted EPS": 0.44,
        "Total Revenue": NaN,
        "Gross Profit": NaN,
        "Operating Income": 895,
        "EBIT": NaN,
        "Net Income": 445
    },
    "2009-03-31": {
        "Diluted EPS": 0.4,
        "Total Revenue": NaN,
        "Gross Profit": NaN,
        "Operating Income": 718,
        "EBIT": NaN,
        "Net Income": 401
    },
    "2023-06-30": {
        "Tax Effect Of Unusual Items": 30785000.0,
        "Tax Rate For Calcs": 0.235,
        "Normalized EBITDA": 3608000000.0,
        "Total Unusual Items": 131000000.0,
        "Total Unusual Items Excluding Goodwill": 131000000.0,
        "Net Income From Continuing Operation Net Minority Interest": 2081000000.0,
        "Reconciled Depreciation": 828000000.0,
        "Reconciled Cost Of Revenue": 17425000000.0,
        "EBITDA": 3739000000.0,
        "EBIT": 2911000000.0,
        "Net Interest Income": -191000000.0,
        "Interest Expense": 191000000.0,
        "Normalized Income": 1980785000.0,
        "Net Income From Continuing And Discontinued Operation": 2081000000.0,
        "Total Expenses": 19275000000.0,
        "Rent Expense Supplemental": 458000000.0,
        "Total Operating Income As Reported": 2780000000.0,
        "Diluted Average Shares": 861000000.0,
        "Basic Average Shares": 860000000.0,
        "Diluted EPS": 2.42,
        "Basic EPS": 2.42,
        "Diluted NI Availto Com Stockholders": 2081000000.0,
        "Net Income Common Stockholders": 2081000000.0,
        "Net Income": 2081000000.0,
        "Net Income Including Noncontrolling Interests": 2081000000.0,
        "Net Income Continuous Operations": 2081000000.0,
        "Tax Provision": 639000000.0,
        "Pretax Income": 2720000000.0,
        "Other Income Expense": 131000000.0,
        "Gain On Sale Of Security": 131000000.0,
        "Net Non Operating Interest Income Expense": -191000000.0,
        "Interest Expense Non Operating": 191000000.0,
        "Operating Income": 2780000000.0,
        "Operating Expense": 1850000000.0,
        "Other Operating Expenses": 1850000000.0,
        "Gross Profit": 4630000000.0,
        "Cost Of Revenue": 17425000000.0,
        "Total Revenue": 22055000000.0,
        "Operating Revenue": 22055000000.0
    },
    "2023-09-30": {
        "Tax Effect Of Unusual Items": NaN,
        "Tax Rate For Calcs": NaN,
        "Normalized EBITDA": NaN,
        "Total Unusual Items": NaN,
        "Total Unusual Items Excluding Goodwill": NaN,
        "Net Income From Continuing Operation Net Minority Interest": NaN,
        "Reconciled Depreciation": NaN,
        "Reconciled Cost Of Revenue": NaN,
        "EBITDA": NaN,
        "EBIT": NaN,
        "Net Interest Income": NaN,
        "Interest Expense": NaN,
        "Normalized Income": NaN,
        "Net Income From Continuing And Discontinued Operation": NaN,
        "Total Expenses": NaN,
        "Rent Expense Supplemental": NaN,
        "Total Operating Income As Reported": NaN,
        "Diluted Average Shares": 858000000.0,
        "Basic Average Shares": 857000000.0,
        "Diluted EPS": 1.31,
        "Basic EPS": 1.31,
        "Diluted NI Availto Com Stockholders": NaN,
        "Net Income Common Stockholders": NaN,
        "Net Income": NaN,
        "Net Income Including Noncontrolling Interests": NaN,
        "Net Income Continuous Operations": NaN,
        "Tax Provision": NaN,
        "Pretax Income": NaN,
        "Other Income Expense": NaN,
        "Gain On Sale Of Security": NaN,
        "Net Non Operating Interest Income Expense": NaN,
        "Interest Expense Non Operating": NaN,
        "Operating Income": NaN,
        "Operating Expense": NaN,
        "Other Operating Expenses": NaN,
        "Gross Profit": NaN,
        "Cost Of Revenue": NaN,
        "Total Revenue": NaN,
        "Operating Revenue": NaN
    },
    "2023-12-31": {
        "Tax Effect Of Unusual Items": -45955404.750364,
        "Tax Rate For Calcs": 0.222007,
        "Normalized EBITDA": 3344000000.0,
        "Total Unusual Items": -207000000.0,
        "Total Unusual Items Excluding Goodwill": -207000000.0,
        "Net Income From Continuing Operation Net Minority Interest": 1605000000.0,
        "Reconciled Depreciation": 867000000.0,
        "Reconciled Cost Of Revenue": 20098000000.0,
        "EBITDA": 3137000000.0,
        "EBIT": 2270000000.0,
        "Net Interest Income": -207000000.0,
        "Interest Expense": 207000000.0,
        "Normalized Income": 1766044595.249636,
        "Net Income From Continuing And Discontinued Operation": 1605000000.0,
        "Total Expenses": 22440000000.0,
        "Rent Expense Supplemental": 529000000.0,
        "Total Operating Income As Reported": 2477000000.0,
        "Diluted Average Shares": 858000000.0,
        "Basic Average Shares": 856000000.0,
        "Diluted EPS": 1.87,
        "Basic EPS": 1.88,
        "Diluted NI Availto Com Stockholders": 1605000000.0,
        "Net Income Common Stockholders": 1605000000.0,
        "Net Income": 1605000000.0,
        "Net Income Including Noncontrolling Interests": 1605000000.0,
        "Net Income Continuous Operations": 1605000000.0,
        "Tax Provision": 458000000.0,
        "Pretax Income": 2063000000.0,
        "Other Income Expense": -207000000.0,
        "Gain On Sale Of Security": -207000000.0,
        "Net Non Operating Interest Income Expense": -207000000.0,
        "Interest Expense Non Operating": 207000000.0,
        "Operating Income": 2477000000.0,
        "Operating Expense": 2342000000.0,
        "Other Operating Expenses": 2342000000.0,
        "Gross Profit": 4819000000.0,
        "Cost Of Revenue": 20098000000.0,
        "Total Revenue": 24917000000.0,
        "Operating Revenue": 24917000000.0
    },
    "2024-03-31": {
        "Tax Effect Of Unusual Items": 32496093.75,
        "Tax Rate For Calcs": 0.275391,
        "Normalized EBITDA": 2511000000.0,
        "Total Unusual Items": 118000000.0,
        "Total Unusual Items Excluding Goodwill": 118000000.0,
        "Net Income From Continuing Operation Net Minority Interest": 1113000000.0,
        "Reconciled Depreciation": 898000000.0,
        "Reconciled Cost Of Revenue": 18125000000.0,
        "EBITDA": 2629000000.0,
        "EBIT": 1731000000.0,
        "Net Interest Income": -195000000.0,
        "Interest Expense": 195000000.0,
        "Normalized Income": 1027496093.75,
        "Net Income From Continuing And Discontinued Operation": 1113000000.0,
        "Total Expenses": 20093000000.0,
        "Rent Expense Supplemental": 564000000.0,
        "Total Operating Income As Reported": 1613000000.0,
        "Diluted Average Shares": 857000000.0,
        "Basic Average Shares": 856000000.0,
        "Diluted EPS": 1.3,
        "Basic EPS": 1.3,
        "Diluted NI Availto Com Stockholders": 1113000000.0,
        "Net Income Common Stockholders": 1113000000.0,
        "Net Income": 1113000000.0,
        "Net Income Including Noncontrolling Interests": 1113000000.0,
        "Net Income Continuous Operations": 1113000000.0,
        "Tax Provision": 423000000.0,
        "Pretax Income": 1536000000.0,
        "Other Income Expense": 118000000.0,
        "Gain On Sale Of Security": 118000000.0,
        "Net Non Operating Interest Income Expense": -195000000.0,
        "Interest Expense Non Operating": 195000000.0,
        "Operating Income": 1613000000.0,
        "Operating Expense": 1968000000.0,
        "Other Operating Expenses": 1968000000.0,
        "Gross Profit": 3581000000.0,
        "Cost Of Revenue": 18125000000.0,
        "Total Revenue": 21706000000.0,
        "Operating Revenue": 21706000000.0
    },
    "2024-06-30": {
        "Tax Effect Of Unusual Items": 33702000.0,
        "Tax Rate For Calcs": 0.246,
        "Normalized EBITDA": 2831000000.0,
        "Total Unusual Items": 137000000.0,
        "Total Unusual Items Excluding Goodwill": 137000000.0,
        "Net Income From Continuing Operation Net Minority Interest": 1409000000.0,
        "Reconciled Depreciation": 887000000.0,
        "Reconciled Cost Of Revenue": 18015000000.0,
        "EBITDA": 2968000000.0,
        "EBIT": 2081000000.0,
        "Net Interest Income": -212000000.0,
        "Interest Expense": 212000000.0,
        "Normalized Income": 1305702000.0,
        "Net Income From Continuing And Discontinued Operation": 1409000000.0,
        "Total Expenses": 19874000000.0,
        "Rent Expense Supplemental": 492000000.0,
        "Total Operating Income As Reported": 1944000000.0,
        "Diluted Average Shares": 857000000.0,
        "Basic Average Shares": 856000000.0,
        "Diluted EPS": 1.65,
        "Basic EPS": 1.65,
        "Diluted NI Availto Com Stockholders": 1409000000.0,
        "Net Income Common Stockholders": 1409000000.0,
        "Net Income": 1409000000.0,
        "Net Income Including Noncontrolling Interests": 1409000000.0,
        "Net Income Continuous Operations": 1409000000.0,
        "Tax Provision": 460000000.0,
        "Pretax Income": 1869000000.0,
        "Other Income Expense": 137000000.0,
        "Gain On Sale Of Security": 137000000.0,
        "Net Non Operating Interest Income Expense": -212000000.0,
        "Interest Expense Non Operating": 212000000.0,
        "Operating Income": 1944000000.0,
        "Operating Expense": 1859000000.0,
        "Other Operating Expenses": 1859000000.0,
        "Gross Profit": 3803000000.0,
        "Cost Of Revenue": 18015000000.0,
        "Total Revenue": 21818000000.0,
        "Operating Revenue": 21818000000.0
    },
    "2024-09-30": {
        "Tax Effect Of Unusual Items": 30070000.0,
        "Tax Rate For Calcs": 0.194,
        "Normalized EBITDA": 2890000000.0,
        "Total Unusual Items": 155000000.0,
        "Total Unusual Items Excluding Goodwill": 155000000.0,
        "Net Income From Continuing Operation Net Minority Interest": 1539000000.0,
        "Reconciled Depreciation": 905000000.0,
        "Reconciled Cost Of Revenue": 18533000000.0,
        "EBITDA": 3045000000.0,
        "EBIT": 2140000000.0,
        "Net Interest Income": -230000000.0,
        "Interest Expense": 230000000.0,
        "Normalized Income": 1414070000.0,
        "Net Income From Continuing And Discontinued Operation": 1539000000.0,
        "Total Expenses": 20260000000.0,
        "Rent Expense Supplemental": 517000000.0,
        "Total Operating Income As Reported": 1985000000.0,
        "Diluted Average Shares": NaN,
        "Basic Average Shares": NaN,
        "Diluted EPS": NaN,
        "Basic EPS": NaN,
        "Diluted NI Availto Com Stockholders": 1539000000.0,
        "Net Income Common Stockholders": 1539000000.0,
        "Net Income": 1539000000.0,
        "Net Income Including Noncontrolling Interests": 1539000000.0,
        "Net Income Continuous Operations": 1539000000.0,
        "Tax Provision": 371000000.0,
        "Pretax Income": 1910000000.0,
        "Other Income Expense": 155000000.0,
        "Gain On Sale Of Security": 155000000.0,
        "Net Non Operating Interest Income Expense": -230000000.0,
        "Interest Expense Non Operating": 230000000.0,
        "Operating Income": 1985000000.0,
        "Operating Expense": 1727000000.0,
        "Other Operating Expenses": 1727000000.0,
        "Gross Profit": 3712000000.0,
        "Cost Of Revenue": 18533000000.0,
        "Total Revenue": 22245000000.0,
        "Operating Revenue": 22245000000.0
    },
    "2024-12-31": {
        "Tax Effect Of Unusual Items": -108801128.349788,
        "Tax Rate For Calcs": 0.190879,
        "Normalized EBITDA": 3845000000.0,
        "Total Unusual Items": -570000000.0,
        "Total Unusual Items Excluding Goodwill": -570000000.0,
        "Net Income From Continuing Operation Net Minority Interest": 1721000000.0,
        "Reconciled Depreciation": 919000000.0,
        "Reconciled Cost Of Revenue": 20041000000.0,
        "EBITDA": 3275000000.0,
        "EBIT": 2356000000.0,
        "Net Interest Income": -229000000.0,
        "Interest Expense": 229000000.0,
        "Normalized Income": 2182198871.650212,
        "Net Income From Continuing And Discontinued Operation": 1721000000.0,
        "Total Expenses": 22375000000.0,
        "Rent Expense Supplemental": 544000000.0,
        "Total Operating Income As Reported": 2926000000.0,
        "Diluted Average Shares": 858000000.0,
        "Basic Average Shares": 854000000.0,
        "Diluted EPS": 2.01,
        "Basic EPS": 2.02,
        "Diluted NI Availto Com Stockholders": 1721000000.0,
        "Net Income Common Stockholders": 1721000000.0,
        "Net Income": 1721000000.0,
        "Net Income Including Noncontrolling Interests": 1721000000.0,
        "Net Income Continuous Operations": 1721000000.0,
        "Tax Provision": 406000000.0,
        "Pretax Income": 2127000000.0,
        "Other Income Expense": -570000000.0,
        "Gain On Sale Of Security": -570000000.0,
        "Net Non Operating Interest Income Expense": -229000000.0,
        "Interest Expense Non Operating": 229000000.0,
        "Operating Income": 2926000000.0,
        "Operating Expense": 2334000000.0,
        "Other Operating Expenses": 2334000000.0,
        "Gross Profit": 5260000000.0,
        "Cost Of Revenue": 20041000000.0,
        "Total Revenue": 25301000000.0,
        "Operating Revenue": 25301000000.0
    },
    "2025-03-31": {
        "Tax Effect Of Unusual Items": 17459000.0,
        "Tax Rate For Calcs": 0.221,
        "Normalized EBITDA": 2578000000.0,
        "Total Unusual Items": 79000000.0,
        "Total Unusual Items Excluding Goodwill": 79000000.0,
        "Net Income From Continuing Operation Net Minority Interest": 1187000000.0,
        "Reconciled Depreciation": 912000000.0,
        "Reconciled Cost Of Revenue": 17866000000.0,
        "EBITDA": 2657000000.0,
        "EBIT": 1745000000.0,
        "Net Interest Income": -222000000.0,
        "Interest Expense": 222000000.0,
        "Normalized Income": 1125459000.0,
        "Net Income From Continuing And Discontinued Operation": 1187000000.0,
        "Total Expenses": 19880000000.0,
        "Rent Expense Supplemental": 607000000.0,
        "Total Operating Income As Reported": 1666000000.0,
        "Diluted Average Shares": 850000000.0,
        "Basic Average Shares": 850000000.0,
        "Diluted EPS": 1.4,
        "Basic EPS": 1.4,
        "Diluted NI Availto Com Stockholders": 1187000000.0,
        "Net Income Common Stockholders": 1187000000.0,
        "Net Income": 1187000000.0,
        "Net Income Including Noncontrolling Interests": 1187000000.0,
        "Net Income Continuous Operations": 1187000000.0,
        "Tax Provision": 336000000.0,
        "Pretax Income": 1523000000.0,
        "Other Income Expense": 79000000.0,
        "Gain On Sale Of Security": 79000000.0,
        "Net Non Operating Interest Income Expense": -222000000.0,
        "Interest Expense Non Operating": 222000000.0,
        "Operating Income": 1666000000.0,
        "Operating Expense": 2014000000.0,
        "Other Operating Expenses": 2014000000.0,
        "Gross Profit": 3680000000.0,
        "Cost Of Revenue": 17866000000.0,
        "Total Revenue": 21546000000.0,
        "Operating Revenue": 21546000000.0
    },
    "2025-06-30": {
        "Tax Effect Of Unusual Items": 17784000.0,
        "Tax Rate For Calcs": 0.228,
        "Normalized EBITDA": 2758000000.0,
        "Total Unusual Items": 78000000.0,
        "Total Unusual Items Excluding Goodwill": 78000000.0,
        "Net Income From Continuing Operation Net Minority Interest": 1283000000.0,
        "Reconciled Depreciation": 936000000.0,
        "Reconciled Cost Of Revenue": 17441000000.0,
        "EBITDA": 2836000000.0,
        "EBIT": 1900000000.0,
        "Net Interest Income": -238000000.0,
        "Interest Expense": 238000000.0,
        "Normalized Income": 1222784000.0,
        "Net Income From Continuing And Discontinued Operation": 1283000000.0,
        "Total Expenses": 19399000000.0,
        "Rent Expense Supplemental": 544000000.0,
        "Total Operating Income As Reported": 1822000000.0,
        "Diluted Average Shares": 847000000.0,
        "Basic Average Shares": 847000000.0,
        "Diluted EPS": 1.51,
        "Basic EPS": 1.51,
        "Diluted NI Availto Com Stockholders": 1283000000.0,
        "Net Income Common Stockholders": 1283000000.0,
        "Net Income": 1283000000.0,
        "Net Income Including Noncontrolling Interests": 1283000000.0,
        "Net Income Continuous Operations": 1283000000.0,
        "Tax Provision": 379000000.0,
        "Pretax Income": 1662000000.0,
        "Other Income Expense": 78000000.0,
        "Gain On Sale Of Security": 78000000.0,
        "Net Non Operating Interest Income Expense": -238000000.0,
        "Interest Expense Non Operating": 238000000.0,
        "Operating Income": 1822000000.0,
        "Operating Expense": 1958000000.0,
        "Other Operating Expenses": 1958000000.0,
        "Gross Profit": 3780000000.0,
        "Cost Of Revenue": 17441000000.0,
        "Total Revenue": 21221000000.0,
        "Operating Revenue": 21221000000.0
    },
    "2025-09-30": {
        "Tax Effect Of Unusual Items": 17296000.0,
        "Tax Rate For Calcs": 0.184,
        "Normalized EBITDA": 2730000000.0,
        "Total Unusual Items": 94000000.0,
        "Total Unusual Items Excluding Goodwill": 94000000.0,
        "Net Income From Continuing Operation Net Minority Interest": 1311000000.0,
        "Reconciled Depreciation": 926000000.0,
        "Reconciled Cost Of Revenue": 17929000000.0,
        "EBITDA": 2824000000.0,
        "EBIT": 1898000000.0,
        "Net Interest Income": -291000000.0,
        "Interest Expense": 291000000.0,
        "Normalized Income": 1234296000.0,
        "Net Income From Continuing And Discontinued Operation": 1311000000.0,
        "Total Expenses": 19611000000.0,
        "Rent Expense Supplemental": 548000000.0,
        "Total Operating Income As Reported": 1804000000.0,
        "Diluted Average Shares": 848000000.0,
        "Basic Average Shares": 848000000.0,
        "Diluted EPS": 1.55,
        "Basic EPS": 1.55,
        "Diluted NI Availto Com Stockholders": 1311000000.0,
        "Net Income Common Stockholders": 1311000000.0,
        "Net Income": 1311000000.0,
        "Net Income Including Noncontrolling Interests": 1311000000.0,
        "Net Income Continuous Operations": 1311000000.0,
        "Tax Provision": 296000000.0,
        "Pretax Income": 1607000000.0,
        "Other Income Expense": 94000000.0,
        "Gain On Sale Of Security": 94000000.0,
        "Net Non Operating Interest Income Expense": -291000000.0,
        "Interest Expense Non Operating": 291000000.0,
        "Operating Income": 1804000000.0,
        "Operating Expense": 1682000000.0,
        "Other Operating Expenses": 1682000000.0,
        "Gross Profit": 3486000000.0,
        "Cost Of Revenue": 17929000000.0,
        "Total Revenue": 21415000000.0,
        "Operating Revenue": 21415000000.0
    },
    "2025-12-31": {
        "Tax Effect Of Unusual Items": NaN,
        "Tax Rate For Calcs": NaN,
        "Normalized EBITDA": NaN,
        "Total Unusual Items": NaN,
        "Total Unusual Items Excluding Goodwill": NaN,
        "Net Income From Continuing Operation Net Minority Interest": NaN,
        "Reconciled Depreciation": NaN,
        "Reconciled Cost Of Revenue": NaN,
        "EBITDA": NaN,
        "EBIT": NaN,
        "Net Interest Income": NaN,
        "Interest Expense": NaN,
        "Normalized Income": NaN,
        "Net Income From Continuing And Discontinued Operation": NaN,
        "Total Expenses": NaN,
        "Rent Expense Supplemental": NaN,
        "Total Operating Income As Reported": NaN,
        "Diluted Average Shares": 853000000.0,
        "Basic Average Shares": 849000000.0,
        "Diluted EPS": 2.1,
        "Basic EPS": 2.11,
        "Diluted NI Availto Com Stockholders": NaN,
        "Net Income Common Stockholders": NaN,
        "Net Income": NaN,
        "Net Income Including Noncontrolling Interests": NaN,
        "Net Income Continuous Operations": NaN,
        "Tax Provision": NaN,
        "Pretax Income": NaN,
        "Other Income Expense": NaN,
        "Gain On Sale Of Security": NaN,
        "Net Non Operating Interest Income Expense": NaN,
        "Interest Expense Non Operating": NaN,
        "Operating Income": NaN,
        "Operating Expense": NaN,
        "Other Operating Expenses": NaN,
        "Gross Profit": NaN,
        "Cost Of Revenue": NaN,
        "Total Revenue": NaN,
        "Operating Revenue": NaN
    }
}