{
    "2023-12-31": {
        "Tax Effect Of Unusual Items": 0.0,
        "Tax Rate For Calcs": 0.0,
        "Normalized EBITDA": -10349000.0,
        "Total Unusual Items": 2559000.0,
        "Total Unusual Items Excluding Goodwill": 2559000.0,
        "Net Income From Continuing Operation Net Minority Interest": -5472000.0,
        "Reconciled Depreciation": 607000.0,
        "Reconciled Cost Of Revenue": 5055000.0,
        "EBITDA": -7790000.0,
        "EBIT": -8397000.0,
        "Net Interest Income": 392000.0,
        "Interest Income": NaN,
        "Normalized Income": -8031000.0,
        "Net Income From Continuing And Discontinued Operation": -5472000.0,
        "Total Expenses": 13838000.0,
        "Total Operating Income As Reported": -8397000.0,
        "Diluted Average Shares": NaN,
        "Basic Average Shares": NaN,
        "Diluted EPS": NaN,
        "Basic EPS": NaN,
        "Diluted NI Availto Com Stockholders": -5472000.0,
        "Net Income Common Stockholders": -5472000.0,
        "Net Income": -5472000.0,
        "Net Income Including Noncontrolling Interests": -5472000.0,
        "Net Income Continuous Operations": -5472000.0,
        "Pretax Income": -5472000.0,
        "Other Income Expense": 2533000.0,
        "Other Non Operating Income Expenses": -26000.0,
        "Gain On Sale Of Security": 2559000.0,
        "Net Non Operating Interest Income Expense": 392000.0,
        "Total Other Finance Cost": NaN,
        "Interest Income Non Operating": NaN,
        "Operating Income": -8397000.0,
        "Operating Expense": 8783000.0,
        "Other Operating Expenses": 548000.0,
        "Research And Development": 6819000.0,
        "Selling General And Administration": 1416000.0,
        "General And Administrative Expense": 1416000.0,
        "Other Gand A": 1416000.0,
        "Gross Profit": 386000.0,
        "Cost Of Revenue": 5055000.0,
        "Total Revenue": 5441000.0,
        "Operating Revenue": 5441000.0
    },
    "2023-09-30": {
        "Tax Effect Of Unusual Items": NaN,
        "Tax Rate For Calcs": NaN,
        "Normalized EBITDA": NaN,
        "Total Unusual Items": NaN,
        "Total Unusual Items Excluding Goodwill": NaN,
        "Net Income From Continuing Operation Net Minority Interest": NaN,
        "Reconciled Depreciation": NaN,
        "Reconciled Cost Of Revenue": NaN,
        "EBITDA": NaN,
        "EBIT": NaN,
        "Net Interest Income": NaN,
        "Interest Expense": NaN,
        "Interest Income": NaN,
        "Normalized Income": NaN,
        "Net Income From Continuing And Discontinued Operation": NaN,
        "Total Expenses": NaN,
        "Total Operating Income As Reported": NaN,
        "Diluted Average Shares": 265279380.0,
        "Basic Average Shares": 265279380.0,
        "Diluted EPS": -0.07,
        "Basic EPS": -0.07,
        "Diluted NI Availto Com Stockholders": NaN,
        "Net Income Common Stockholders": NaN,
        "Net Income": NaN,
        "Net Income Including Noncontrolling Interests": NaN,
        "Net Income Continuous Operations": NaN,
        "Pretax Income": NaN,
        "Other Income Expense": NaN,
        "Other Non Operating Income Expenses": NaN,
        "Gain On Sale Of Security": NaN,
        "Net Non Operating Interest Income Expense": NaN,
        "Total Other Finance Cost": -406000.0,
        "Interest Expense Non Operating": NaN,
        "Interest Income Non Operating": NaN,
        "Operating Income": NaN,
        "Operating Expense": NaN,
        "Other Operating Expenses": NaN,
        "Research And Development": NaN,
        "Selling General And Administration": NaN,
        "General And Administrative Expense": NaN,
        "Other Gand A": NaN,
        "Gross Profit": NaN,
        "Cost Of Revenue": NaN,
        "Total Revenue": NaN,
        "Operating Revenue": NaN
    },
    "2023-06-30": {
        "Tax Effect Of Unusual Items": NaN,
        "Tax Rate For Calcs": NaN,
        "Normalized EBITDA": NaN,
        "Total Unusual Items": NaN,
        "Total Unusual Items Excluding Goodwill": NaN,
        "Net Income From Continuing Operation Net Minority Interest": NaN,
        "Reconciled Depreciation": NaN,
        "Reconciled Cost Of Revenue": NaN,
        "EBITDA": NaN,
        "EBIT": NaN,
        "Net Interest Income": NaN,
        "Interest Income": NaN,
        "Normalized Income": NaN,
        "Net Income From Continuing And Discontinued Operation": NaN,
        "Total Expenses": NaN,
        "Total Operating Income As Reported": NaN,
        "Diluted Average Shares": 264826804.0,
        "Basic Average Shares": 264826804.0,
        "Diluted EPS": -0.03,
        "Basic EPS": -0.03,
        "Diluted NI Availto Com Stockholders": NaN,
        "Net Income Common Stockholders": NaN,
        "Net Income": NaN,
        "Net Income Including Noncontrolling Interests": NaN,
        "Net Income Continuous Operations": NaN,
        "Pretax Income": NaN,
        "Other Income Expense": NaN,
        "Other Non Operating Income Expenses": NaN,
        "Gain On Sale Of Security": NaN,
        "Net Non Operating Interest Income Expense": NaN,
        "Total Other Finance Cost": -460000.0,
        "Interest Income Non Operating": NaN,
        "Operating Income": NaN,
        "Operating Expense": NaN,
        "Other Operating Expenses": NaN,
        "Research And Development": NaN,
        "Selling General And Administration": NaN,
        "General And Administrative Expense": NaN,
        "Other Gand A": NaN,
        "Gross Profit": NaN,
        "Cost Of Revenue": NaN,
        "Total Revenue": NaN,
        "Operating Revenue": NaN
    },
    "2023-03-31": {
        "Tax Effect Of Unusual Items": NaN,
        "Tax Rate For Calcs": NaN,
        "Normalized EBITDA": NaN,
        "Total Unusual Items": NaN,
        "Total Unusual Items Excluding Goodwill": NaN,
        "Net Income From Continuing Operation Net Minority Interest": NaN,
        "Reconciled Depreciation": NaN,
        "Reconciled Cost Of Revenue": NaN,
        "EBITDA": NaN,
        "EBIT": NaN,
        "Net Interest Income": NaN,
        "Interest Income": 213000.0,
        "Normalized Income": NaN,
        "Net Income From Continuing And Discontinued Operation": NaN,
        "Total Expenses": NaN,
        "Total Operating Income As Reported": NaN,
        "Diluted Average Shares": NaN,
        "Basic Average Shares": NaN,
        "Diluted EPS": NaN,
        "Basic EPS": NaN,
        "Diluted NI Availto Com Stockholders": NaN,
        "Net Income Common Stockholders": NaN,
        "Net Income": NaN,
        "Net Income Including Noncontrolling Interests": NaN,
        "Net Income Continuous Operations": NaN,
        "Pretax Income": NaN,
        "Other Income Expense": NaN,
        "Other Non Operating Income Expenses": NaN,
        "Gain On Sale Of Security": NaN,
        "Net Non Operating Interest Income Expense": NaN,
        "Total Other Finance Cost": -213000.0,
        "Interest Income Non Operating": 213000.0,
        "Operating Income": NaN,
        "Operating Expense": NaN,
        "Other Operating Expenses": NaN,
        "Research And Development": NaN,
        "Selling General And Administration": NaN,
        "General And Administrative Expense": NaN,
        "Other Gand A": NaN,
        "Gross Profit": NaN,
        "Cost Of Revenue": NaN,
        "Total Revenue": NaN,
        "Operating Revenue": NaN
    },
    "2024-03-31": {
        "Tax Effect Of Unusual Items": NaN,
        "Tax Rate For Calcs": NaN,
        "Normalized EBITDA": NaN,
        "Total Unusual Items": NaN,
        "Total Unusual Items Excluding Goodwill": NaN,
        "Net Income From Continuing Operation Net Minority Interest": NaN,
        "Reconciled Depreciation": NaN,
        "Reconciled Cost Of Revenue": NaN,
        "EBITDA": NaN,
        "EBIT": NaN,
        "Net Interest Income": NaN,
        "Interest Expense": 131000.0,
        "Interest Income": 619000.0,
        "Normalized Income": NaN,
        "Net Income From Continuing And Discontinued Operation": NaN,
        "Total Expenses": NaN,
        "Total Operating Income As Reported": NaN,
        "Diluted Average Shares": 278030162.0,
        "Basic Average Shares": 278030162.0,
        "Diluted EPS": -0.07,
        "Basic EPS": -0.07,
        "Diluted NI Availto Com Stockholders": NaN,
        "Net Income Common Stockholders": NaN,
        "Net Income": NaN,
        "Net Income Including Noncontrolling Interests": NaN,
        "Net Income Continuous Operations": NaN,
        "Pretax Income": NaN,
        "Other Income Expense": NaN,
        "Other Non Operating Income Expenses": NaN,
        "Gain On Sale Of Security": NaN,
        "Net Non Operating Interest Income Expense": NaN,
        "Total Other Finance Cost": NaN,
        "Interest Expense Non Operating": 131000.0,
        "Interest Income Non Operating": 619000.0,
        "Operating Income": NaN,
        "Operating Expense": NaN,
        "Other Operating Expenses": NaN,
        "Research And Development": NaN,
        "Selling General And Administration": NaN,
        "General And Administrative Expense": NaN,
        "Other Gand A": NaN,
        "Gross Profit": NaN,
        "Cost Of Revenue": NaN,
        "Total Revenue": NaN,
        "Operating Revenue": NaN
    },
    "2022-12-31": {
        "Tax Effect Of Unusual Items": NaN,
        "Tax Rate For Calcs": NaN,
        "Normalized EBITDA": NaN,
        "Total Unusual Items": NaN,
        "Total Unusual Items Excluding Goodwill": NaN,
        "Net Income From Continuing Operation Net Minority Interest": NaN,
        "Reconciled Depreciation": NaN,
        "Reconciled Cost Of Revenue": NaN,
        "EBITDA": NaN,
        "EBIT": NaN,
        "Net Interest Income": NaN,
        "Interest Expense": 12000.0,
        "Interest Income": NaN,
        "Normalized Income": NaN,
        "Net Income From Continuing And Discontinued Operation": NaN,
        "Total Expenses": NaN,
        "Total Operating Income As Reported": NaN,
        "Diluted Average Shares": NaN,
        "Basic Average Shares": NaN,
        "Diluted EPS": NaN,
        "Basic EPS": NaN,
        "Diluted NI Availto Com Stockholders": NaN,
        "Net Income Common Stockholders": NaN,
        "Net Income": NaN,
        "Net Income Including Noncontrolling Interests": NaN,
        "Net Income Continuous Operations": NaN,
        "Pretax Income": NaN,
        "Other Income Expense": NaN,
        "Other Non Operating Income Expenses": NaN,
        "Gain On Sale Of Security": NaN,
        "Net Non Operating Interest Income Expense": NaN,
        "Total Other Finance Cost": NaN,
        "Interest Expense Non Operating": 12000.0,
        "Interest Income Non Operating": NaN,
        "Operating Income": NaN,
        "Operating Expense": NaN,
        "Other Operating Expenses": NaN,
        "Research And Development": NaN,
        "Selling General And Administration": NaN,
        "General And Administrative Expense": NaN,
        "Other Gand A": NaN,
        "Gross Profit": NaN,
        "Cost Of Revenue": NaN,
        "Total Revenue": NaN,
        "Operating Revenue": NaN
    },
    "2022-09-30": {
        "Tax Effect Of Unusual Items": NaN,
        "Tax Rate For Calcs": NaN,
        "Normalized EBITDA": NaN,
        "Total Unusual Items": NaN,
        "Total Unusual Items Excluding Goodwill": NaN,
        "Net Income From Continuing Operation Net Minority Interest": NaN,
        "Reconciled Depreciation": NaN,
        "Reconciled Cost Of Revenue": NaN,
        "EBITDA": NaN,
        "EBIT": NaN,
        "Net Interest Income": NaN,
        "Interest Expense": 114000.0,
        "Interest Income": NaN,
        "Normalized Income": NaN,
        "Net Income From Continuing And Discontinued Operation": NaN,
        "Total Expenses": NaN,
        "Total Operating Income As Reported": NaN,
        "Diluted Average Shares": 221844180.0,
        "Basic Average Shares": 221844180.0,
        "Diluted EPS": -0.03,
        "Basic EPS": -0.03,
        "Diluted NI Availto Com Stockholders": NaN,
        "Net Income Common Stockholders": NaN,
        "Net Income": NaN,
        "Net Income Including Noncontrolling Interests": NaN,
        "Net Income Continuous Operations": NaN,
        "Pretax Income": NaN,
        "Other Income Expense": NaN,
        "Other Non Operating Income Expenses": NaN,
        "Gain On Sale Of Security": NaN,
        "Net Non Operating Interest Income Expense": NaN,
        "Total Other Finance Cost": 114000.0,
        "Interest Expense Non Operating": 114000.0,
        "Interest Income Non Operating": NaN,
        "Operating Income": NaN,
        "Operating Expense": NaN,
        "Other Operating Expenses": NaN,
        "Research And Development": NaN,
        "Selling General And Administration": NaN,
        "General And Administrative Expense": NaN,
        "Other Gand A": NaN,
        "Gross Profit": NaN,
        "Cost Of Revenue": NaN,
        "Total Revenue": NaN,
        "Operating Revenue": NaN
    },
    "2024-06-30": {
        "Tax Effect Of Unusual Items": 0.0,
        "Tax Rate For Calcs": 0.0,
        "Normalized EBITDA": -10073000.0,
        "Total Unusual Items": 4234000.0,
        "Total Unusual Items Excluding Goodwill": 4234000.0,
        "Net Income From Continuing Operation Net Minority Interest": -6584000.0,
        "Reconciled Depreciation": 712000.0,
        "Reconciled Cost Of Revenue": 3327000.0,
        "EBITDA": -5839000.0,
        "EBIT": -6551000.0,
        "Net Interest Income": 580000.0,
        "Interest Expense": 33000.0,
        "Interest Income": 613000.0,
        "Normalized Income": -10818000.0,
        "Net Income From Continuing And Discontinued Operation": -6584000.0,
        "Total Expenses": 16060000.0,
        "Total Operating Income As Reported": -11407000.0,
        "Diluted Average Shares": 286352188.0,
        "Basic Average Shares": 286352188.0,
        "Diluted EPS": -0.02,
        "Basic EPS": -0.02,
        "Diluted NI Availto Com Stockholders": -6584000.0,
        "Net Income Common Stockholders": -6584000.0,
        "Net Income": -6584000.0,
        "Net Income Including Noncontrolling Interests": -6584000.0,
        "Net Income Continuous Operations": -6584000.0,
        "Pretax Income": -6584000.0,
        "Other Income Expense": 4243000.0,
        "Other Non Operating Income Expenses": 9000.0,
        "Gain On Sale Of Security": 4234000.0,
        "Net Non Operating Interest Income Expense": 580000.0,
        "Total Other Finance Cost": -580000.0,
        "Interest Expense Non Operating": 33000.0,
        "Interest Income Non Operating": 613000.0,
        "Operating Income": -11407000.0,
        "Operating Expense": 12733000.0,
        "Other Operating Expenses": 1191000.0,
        "Research And Development": 10090000.0,
        "Selling General And Administration": 1452000.0,
        "General And Administrative Expense": 1452000.0,
        "Other Gand A": 1452000.0,
        "Gross Profit": 1326000.0,
        "Cost Of Revenue": 3327000.0,
        "Total Revenue": 4653000.0,
        "Operating Revenue": 4653000.0
    },
    "2024-09-30": {
        "Tax Effect Of Unusual Items": 0.0,
        "Tax Rate For Calcs": 0.0,
        "Normalized EBITDA": -13946000.0,
        "Total Unusual Items": 2974000.0,
        "Total Unusual Items Excluding Goodwill": 2974000.0,
        "Net Income From Continuing Operation Net Minority Interest": -8002000.0,
        "Reconciled Depreciation": 891000.0,
        "Reconciled Cost Of Revenue": 5613000.0,
        "EBITDA": -10972000.0,
        "EBIT": -11863000.0,
        "Net Interest Income": 1220000.0,
        "Interest Expense": NaN,
        "Interest Income": NaN,
        "Normalized Income": -10976000.0,
        "Net Income From Continuing And Discontinued Operation": -8002000.0,
        "Total Expenses": 18263000.0,
        "Total Operating Income As Reported": -11863000.0,
        "Diluted Average Shares": 341418122.0,
        "Basic Average Shares": 341418122.0,
        "Diluted EPS": -0.02,
        "Basic EPS": -0.02,
        "Diluted NI Availto Com Stockholders": -8002000.0,
        "Net Income Common Stockholders": -8002000.0,
        "Net Income": -8002000.0,
        "Net Income Including Noncontrolling Interests": -8002000.0,
        "Net Income Continuous Operations": -8002000.0,
        "Pretax Income": -8002000.0,
        "Other Income Expense": 2641000.0,
        "Other Non Operating Income Expenses": -333000.0,
        "Gain On Sale Of Security": 2974000.0,
        "Net Non Operating Interest Income Expense": 1220000.0,
        "Total Other Finance Cost": -1220000.0,
        "Interest Expense Non Operating": NaN,
        "Interest Income Non Operating": NaN,
        "Operating Income": -11863000.0,
        "Operating Expense": 12650000.0,
        "Other Operating Expenses": 1165000.0,
        "Research And Development": 10088000.0,
        "Selling General And Administration": 1397000.0,
        "General And Administrative Expense": 1397000.0,
        "Other Gand A": 1397000.0,
        "Gross Profit": 787000.0,
        "Cost Of Revenue": 5613000.0,
        "Total Revenue": 6400000.0,
        "Operating Revenue": 6165000.0
    },
    "2024-12-31": {
        "Tax Effect Of Unusual Items": 0.0,
        "Tax Rate For Calcs": 0.0,
        "Normalized EBITDA": -24657000.0,
        "Total Unusual Items": 2060000.0,
        "Total Unusual Items Excluding Goodwill": 2060000.0,
        "Net Income From Continuing Operation Net Minority Interest": -20062000.0,
        "Reconciled Depreciation": 938000.0,
        "Reconciled Cost Of Revenue": 32600000.0,
        "EBITDA": -22597000.0,
        "EBIT": -23535000.0,
        "Net Interest Income": 1053000.0,
        "Interest Expense": NaN,
        "Interest Income": NaN,
        "Normalized Income": -22122000.0,
        "Net Income From Continuing And Discontinued Operation": -20062000.0,
        "Total Expenses": 46188000.0,
        "Total Operating Income As Reported": -23535000.0,
        "Diluted Average Shares": NaN,
        "Basic Average Shares": NaN,
        "Diluted EPS": NaN,
        "Basic EPS": NaN,
        "Diluted NI Availto Com Stockholders": -20062000.0,
        "Net Income Common Stockholders": -20062000.0,
        "Net Income": -20062000.0,
        "Net Income Including Noncontrolling Interests": -20062000.0,
        "Net Income Continuous Operations": -20062000.0,
        "Pretax Income": -20062000.0,
        "Other Income Expense": 2420000.0,
        "Other Non Operating Income Expenses": 360000.0,
        "Gain On Sale Of Security": 2060000.0,
        "Net Non Operating Interest Income Expense": 1053000.0,
        "Total Other Finance Cost": NaN,
        "Interest Expense Non Operating": NaN,
        "Interest Income Non Operating": NaN,
        "Operating Income": -23535000.0,
        "Operating Expense": 13588000.0,
        "Other Operating Expenses": 1183000.0,
        "Research And Development": 9779000.0,
        "Selling General And Administration": 2626000.0,
        "General And Administrative Expense": 2626000.0,
        "Other Gand A": 2626000.0,
        "Gross Profit": -9947000.0,
        "Cost Of Revenue": 32600000.0,
        "Total Revenue": 22653000.0,
        "Operating Revenue": 22357000.0
    },
    "2025-03-31": {
        "Tax Effect Of Unusual Items": 0.0,
        "Tax Rate For Calcs": 0.0,
        "Normalized EBITDA": -13943000.0,
        "Total Unusual Items": 4310000.0,
        "Total Unusual Items Excluding Goodwill": 4310000.0,
        "Net Income From Continuing Operation Net Minority Interest": -10898000.0,
        "Reconciled Depreciation": 999000.0,
        "Reconciled Cost Of Revenue": 2598000.0,
        "EBITDA": -9633000.0,
        "EBIT": -10632000.0,
        "Net Interest Income": 601000.0,
        "Interest Expense": 266000.0,
        "Interest Income": 867000.0,
        "Normalized Income": -15208000.0,
        "Net Income From Continuing And Discontinued Operation": -10898000.0,
        "Total Expenses": 15835000.0,
        "Total Operating Income As Reported": -15835000.0,
        "Diluted Average Shares": 364434300.0,
        "Basic Average Shares": 364434300.0,
        "Diluted EPS": -0.03,
        "Basic EPS": -0.03,
        "Diluted NI Availto Com Stockholders": -10898000.0,
        "Net Income Common Stockholders": -10898000.0,
        "Net Income": -10898000.0,
        "Net Income Including Noncontrolling Interests": -10898000.0,
        "Net Income Continuous Operations": -10898000.0,
        "Pretax Income": -10898000.0,
        "Other Income Expense": 4336000.0,
        "Other Non Operating Income Expenses": 26000.0,
        "Gain On Sale Of Security": 4310000.0,
        "Net Non Operating Interest Income Expense": 601000.0,
        "Total Other Finance Cost": NaN,
        "Interest Expense Non Operating": 266000.0,
        "Interest Income Non Operating": 867000.0,
        "Operating Income": -15835000.0,
        "Operating Expense": 13237000.0,
        "Other Operating Expenses": 1321000.0,
        "Research And Development": 9743000.0,
        "Selling General And Administration": 2173000.0,
        "General And Administrative Expense": 2173000.0,
        "Other Gand A": 2173000.0,
        "Gross Profit": -2598000.0,
        "Cost Of Revenue": 2598000.0,
        "Total Revenue": 0.0,
        "Operating Revenue": 0.0
    },
    "2025-06-30": {
        "Tax Effect Of Unusual Items": 0.0,
        "Tax Rate For Calcs": 0.0,
        "Normalized EBITDA": -13785000.0,
        "Total Unusual Items": -5646000.0,
        "Total Unusual Items Excluding Goodwill": -5646000.0,
        "Net Income From Continuing Operation Net Minority Interest": -20956000.0,
        "Reconciled Depreciation": 1235000.0,
        "Reconciled Cost Of Revenue": 8495000.0,
        "EBITDA": -19431000.0,
        "EBIT": -20666000.0,
        "Net Interest Income": 411000.0,
        "Interest Expense": 290000.0,
        "Interest Income": 701000.0,
        "Normalized Income": -15310000.0,
        "Net Income From Continuing And Discontinued Operation": -20956000.0,
        "Total Expenses": 26198000.0,
        "Total Operating Income As Reported": -15763000.0,
        "Diluted Average Shares": 364819260.0,
        "Basic Average Shares": 364819260.0,
        "Diluted EPS": -0.06,
        "Basic EPS": -0.06,
        "Diluted NI Availto Com Stockholders": -20956000.0,
        "Net Income Common Stockholders": -20956000.0,
        "Net Income": -20956000.0,
        "Net Income Including Noncontrolling Interests": -20956000.0,
        "Net Income Continuous Operations": -20956000.0,
        "Pretax Income": -20956000.0,
        "Other Income Expense": -5604000.0,
        "Other Non Operating Income Expenses": 42000.0,
        "Gain On Sale Of Security": -5646000.0,
        "Net Non Operating Interest Income Expense": 411000.0,
        "Total Other Finance Cost": NaN,
        "Interest Expense Non Operating": 290000.0,
        "Interest Income Non Operating": 701000.0,
        "Operating Income": -15763000.0,
        "Operating Expense": 17703000.0,
        "Other Operating Expenses": 1442000.0,
        "Research And Development": 14062000.0,
        "Selling General And Administration": 2199000.0,
        "General And Administrative Expense": 2199000.0,
        "Other Gand A": 2199000.0,
        "Gross Profit": 1940000.0,
        "Cost Of Revenue": 8495000.0,
        "Total Revenue": 10435000.0,
        "Operating Revenue": 10435000.0
    }
}