{
    "2023-03-31": {
        "Tax Effect Of Unusual Items": NaN,
        "Tax Rate For Calcs": NaN,
        "Normalized EBITDA": NaN,
        "Total Unusual Items": NaN,
        "Total Unusual Items Excluding Goodwill": NaN,
        "Net Income From Continuing Operation Net Minority Interest": NaN,
        "Reconciled Depreciation": NaN,
        "Reconciled Cost Of Revenue": NaN,
        "EBITDA": NaN,
        "EBIT": NaN,
        "Net Interest Income": NaN,
        "Interest Expense": NaN,
        "Interest Income": NaN,
        "Normalized Income": NaN,
        "Net Income From Continuing And Discontinued Operation": NaN,
        "Total Expenses": NaN,
        "Total Operating Income As Reported": NaN,
        "Diluted Average Shares": 23279951.0,
        "Basic Average Shares": 23279951.0,
        "Diluted EPS": -1.3,
        "Basic EPS": -1.3,
        "Diluted NI Availto Com Stockholders": NaN,
        "Net Income Common Stockholders": NaN,
        "Net Income": NaN,
        "Net Income Including Noncontrolling Interests": NaN,
        "Net Income Continuous Operations": NaN,
        "Tax Provision": NaN,
        "Pretax Income": NaN,
        "Other Income Expense": NaN,
        "Other Non Operating Income Expenses": NaN,
        "Gain On Sale Of Security": NaN,
        "Net Non Operating Interest Income Expense": NaN,
        "Interest Expense Non Operating": NaN,
        "Interest Income Non Operating": NaN,
        "Operating Income": NaN,
        "Operating Expense": NaN,
        "Research And Development": NaN,
        "Selling General And Administration": NaN,
        "Gross Profit": NaN,
        "Cost Of Revenue": NaN,
        "Total Revenue": NaN,
        "Operating Revenue": NaN
    },
    "2022-12-31": {
        "Tax Effect Of Unusual Items": NaN,
        "Tax Rate For Calcs": NaN,
        "Normalized EBITDA": NaN,
        "Total Unusual Items": NaN,
        "Total Unusual Items Excluding Goodwill": NaN,
        "Net Income From Continuing Operation Net Minority Interest": NaN,
        "Reconciled Depreciation": NaN,
        "Reconciled Cost Of Revenue": NaN,
        "EBITDA": NaN,
        "EBIT": NaN,
        "Net Interest Income": NaN,
        "Interest Expense": NaN,
        "Interest Income": NaN,
        "Normalized Income": NaN,
        "Net Income From Continuing And Discontinued Operation": NaN,
        "Total Expenses": NaN,
        "Total Operating Income As Reported": NaN,
        "Diluted Average Shares": 23088891.0,
        "Basic Average Shares": 23088891.0,
        "Diluted EPS": -1.22,
        "Basic EPS": -1.22,
        "Diluted NI Availto Com Stockholders": NaN,
        "Net Income Common Stockholders": NaN,
        "Net Income": NaN,
        "Net Income Including Noncontrolling Interests": NaN,
        "Net Income Continuous Operations": NaN,
        "Tax Provision": NaN,
        "Pretax Income": NaN,
        "Other Income Expense": NaN,
        "Other Non Operating Income Expenses": NaN,
        "Gain On Sale Of Security": NaN,
        "Net Non Operating Interest Income Expense": NaN,
        "Interest Expense Non Operating": NaN,
        "Interest Income Non Operating": NaN,
        "Operating Income": NaN,
        "Operating Expense": NaN,
        "Research And Development": NaN,
        "Selling General And Administration": NaN,
        "Gross Profit": NaN,
        "Cost Of Revenue": NaN,
        "Total Revenue": NaN,
        "Operating Revenue": NaN
    },
    "2022-09-30": {
        "Tax Effect Of Unusual Items": NaN,
        "Tax Rate For Calcs": NaN,
        "Normalized EBITDA": NaN,
        "Total Unusual Items": NaN,
        "Total Unusual Items Excluding Goodwill": NaN,
        "Net Income From Continuing Operation Net Minority Interest": NaN,
        "Reconciled Depreciation": NaN,
        "Reconciled Cost Of Revenue": NaN,
        "EBITDA": NaN,
        "EBIT": NaN,
        "Net Interest Income": NaN,
        "Interest Expense": NaN,
        "Interest Income": NaN,
        "Normalized Income": NaN,
        "Net Income From Continuing And Discontinued Operation": NaN,
        "Total Expenses": NaN,
        "Total Operating Income As Reported": NaN,
        "Diluted Average Shares": NaN,
        "Basic Average Shares": NaN,
        "Diluted EPS": NaN,
        "Basic EPS": NaN,
        "Diluted NI Availto Com Stockholders": NaN,
        "Net Income Common Stockholders": NaN,
        "Net Income": NaN,
        "Net Income Including Noncontrolling Interests": NaN,
        "Net Income Continuous Operations": NaN,
        "Tax Provision": NaN,
        "Pretax Income": NaN,
        "Other Income Expense": NaN,
        "Other Non Operating Income Expenses": 37000.0,
        "Gain On Sale Of Security": NaN,
        "Net Non Operating Interest Income Expense": NaN,
        "Interest Expense Non Operating": NaN,
        "Interest Income Non Operating": NaN,
        "Operating Income": NaN,
        "Operating Expense": NaN,
        "Research And Development": NaN,
        "Selling General And Administration": NaN,
        "Gross Profit": NaN,
        "Cost Of Revenue": NaN,
        "Total Revenue": NaN,
        "Operating Revenue": NaN
    },
    "2022-06-30": {
        "Tax Effect Of Unusual Items": -2333200.0,
        "Tax Rate For Calcs": 0.4,
        "Normalized EBITDA": -18111000.0,
        "Total Unusual Items": -5833000.0,
        "Total Unusual Items Excluding Goodwill": -5833000.0,
        "Net Income From Continuing Operation Net Minority Interest": -26691000.0,
        "Reconciled Depreciation": 476000.0,
        "Reconciled Cost Of Revenue": 1846000.0,
        "EBITDA": -23944000.0,
        "EBIT": -24420000.0,
        "Net Interest Income": -2111000.0,
        "Interest Expense": 2239000.0,
        "Interest Income": 128000.0,
        "Normalized Income": -23191200.0,
        "Net Income From Continuing And Discontinued Operation": -26691000.0,
        "Total Expenses": 35319000.0,
        "Total Operating Income As Reported": -18715000.0,
        "Diluted Average Shares": 22703572.0,
        "Basic Average Shares": 22703572.0,
        "Diluted EPS": -1.18,
        "Basic EPS": -1.18,
        "Diluted NI Availto Com Stockholders": -26691000.0,
        "Net Income Common Stockholders": -26691000.0,
        "Net Income": -26691000.0,
        "Net Income Including Noncontrolling Interests": -26691000.0,
        "Net Income Continuous Operations": -26691000.0,
        "Tax Provision": 32000.0,
        "Pretax Income": -26659000.0,
        "Other Income Expense": -5833000.0,
        "Other Non Operating Income Expenses": NaN,
        "Gain On Sale Of Security": -5833000.0,
        "Net Non Operating Interest Income Expense": -2111000.0,
        "Interest Expense Non Operating": 2239000.0,
        "Interest Income Non Operating": 128000.0,
        "Operating Income": -18715000.0,
        "Operating Expense": 33473000.0,
        "Research And Development": 12640000.0,
        "Selling General And Administration": 20833000.0,
        "Gross Profit": 14758000.0,
        "Cost Of Revenue": 1846000.0,
        "Total Revenue": 16604000.0,
        "Operating Revenue": 16604000.0
    },
    "2022-03-31": {
        "Diluted EPS": -1.25,
        "Total Revenue": 14,
        "Gross Profit": 12,
        "Operating Income": -22,
        "EBIT": -22,
        "Net Income": -28
    },
    "2021-12-31": {
        "Diluted EPS": -1.27,
        "Total Revenue": 16,
        "Gross Profit": 15,
        "Operating Income": -20,
        "EBIT": -20,
        "Net Income": -28
    },
    "2021-09-30": {
        "Diluted EPS": -1.35,
        "Total Revenue": 11,
        "Gross Profit": 10,
        "Operating Income": -23,
        "EBIT": -23,
        "Net Income": -30
    },
    "2021-06-30": {
        "Diluted EPS": -1.17,
        "Total Revenue": 13,
        "Gross Profit": 12,
        "Operating Income": -23,
        "EBIT": -23,
        "Net Income": -26
    },
    "2021-03-31": {
        "Diluted EPS": -1.17,
        "Total Revenue": 7,
        "Gross Profit": 7,
        "Operating Income": -26,
        "EBIT": -26,
        "Net Income": -26
    },
    "2020-12-31": {
        "Diluted EPS": -1.36,
        "Total Revenue": 8,
        "Gross Profit": 7,
        "Operating Income": -27,
        "EBIT": -27,
        "Net Income": -31
    },
    "2020-09-30": {
        "Diluted EPS": -1.31,
        "Total Revenue": 3,
        "Gross Profit": 3,
        "Operating Income": -29,
        "EBIT": -29,
        "Net Income": -29
    },
    "2020-06-30": {
        "Diluted EPS": -1.44,
        "Total Revenue": 0,
        "Gross Profit": 0,
        "Operating Income": -32,
        "EBIT": -32,
        "Net Income": -31
    },
    "2020-03-31": {
        "Diluted EPS": -1.79,
        "Total Revenue": NaN,
        "Gross Profit": NaN,
        "Operating Income": -39,
        "EBIT": -38,
        "Net Income": -38
    },
    "2019-12-31": {
        "Diluted EPS": -1.87,
        "Total Revenue": NaN,
        "Gross Profit": NaN,
        "Operating Income": -40,
        "EBIT": -40,
        "Net Income": -39
    },
    "2019-09-30": {
        "Diluted EPS": -1.06,
        "Total Revenue": NaN,
        "Gross Profit": NaN,
        "Operating Income": -23,
        "EBIT": -24,
        "Net Income": -22
    },
    "2019-06-30": {
        "Diluted EPS": -1.08,
        "Total Revenue": 0,
        "Gross Profit": 0,
        "Operating Income": -24,
        "EBIT": -24,
        "Net Income": -22
    },
    "2019-03-31": {
        "Diluted EPS": -1.11,
        "Total Revenue": NaN,
        "Gross Profit": NaN,
        "Operating Income": -22,
        "EBIT": -22,
        "Net Income": -21
    },
    "2018-12-31": {
        "Diluted EPS": -1.5,
        "Total Revenue": 0,
        "Gross Profit": NaN,
        "Operating Income": -24,
        "EBIT": -24,
        "Net Income": -24
    },
    "2018-09-30": {
        "Diluted EPS": -1.28,
        "Total Revenue": 0,
        "Gross Profit": -1,
        "Operating Income": -21,
        "EBIT": -21,
        "Net Income": -21
    },
    "2018-06-30": {
        "Diluted EPS": -1.14,
        "Total Revenue": 0,
        "Gross Profit": 0,
        "Operating Income": -18,
        "EBIT": -18,
        "Net Income": -18
    },
    "2018-03-31": {
        "Diluted EPS": -0.88,
        "Total Revenue": 0,
        "Gross Profit": 0,
        "Operating Income": -14,
        "EBIT": -13,
        "Net Income": -13
    },
    "2017-12-31": {
        "Diluted EPS": 0.32,
        "Total Revenue": 0,
        "Gross Profit": 0,
        "Operating Income": -10,
        "EBIT": -10,
        "Net Income": -10
    },
    "2017-09-30": {
        "Diluted EPS": -0.02,
        "Total Revenue": 8,
        "Gross Profit": 8,
        "Operating Income": 0,
        "EBIT": 0,
        "Net Income": 0
    },
    "2017-06-30": {
        "Diluted EPS": -0.7,
        "Total Revenue": NaN,
        "Gross Profit": NaN,
        "Operating Income": -6,
        "EBIT": -6,
        "Net Income": -6
    },
    "2017-03-31": {
        "Diluted EPS": -1.74,
        "Total Revenue": 0,
        "Gross Profit": 0,
        "Operating Income": -4,
        "EBIT": -3,
        "Net Income": -3
    },
    "2016-12-31": {
        "Diluted EPS": 0.0,
        "Total Revenue": NaN,
        "Gross Profit": NaN,
        "Operating Income": NaN,
        "EBIT": NaN,
        "Net Income": NaN
    },
    "2016-09-30": {
        "Diluted EPS": -3.73,
        "Total Revenue": NaN,
        "Gross Profit": NaN,
        "Operating Income": -6,
        "EBIT": -6,
        "Net Income": -8
    },
    "2016-06-30": {
        "Diluted EPS": -1.7,
        "Total Revenue": NaN,
        "Gross Profit": NaN,
        "Operating Income": -3,
        "EBIT": -3,
        "Net Income": -3
    },
    "2015-12-31": {
        "Diluted EPS": 0.0,
        "Total Revenue": NaN,
        "Gross Profit": NaN,
        "Operating Income": NaN,
        "EBIT": NaN,
        "Net Income": NaN
    },
    "2023-06-30": {
        "Tax Effect Of Unusual Items": NaN,
        "Tax Rate For Calcs": NaN,
        "Normalized EBITDA": NaN,
        "Total Unusual Items": NaN,
        "Total Unusual Items Excluding Goodwill": NaN,
        "Net Income From Continuing Operation Net Minority Interest": NaN,
        "Reconciled Depreciation": NaN,
        "Reconciled Cost Of Revenue": NaN,
        "EBITDA": NaN,
        "EBIT": NaN,
        "Net Interest Income": NaN,
        "Interest Expense": NaN,
        "Interest Income": NaN,
        "Normalized Income": NaN,
        "Net Income From Continuing And Discontinued Operation": NaN,
        "Total Expenses": NaN,
        "Total Operating Income As Reported": NaN,
        "Diluted Average Shares": 23462016.0,
        "Basic Average Shares": 23462016.0,
        "Diluted EPS": -1.03,
        "Basic EPS": -1.03,
        "Diluted NI Availto Com Stockholders": NaN,
        "Net Income Common Stockholders": NaN,
        "Net Income": NaN,
        "Net Income Including Noncontrolling Interests": NaN,
        "Net Income Continuous Operations": NaN,
        "Tax Provision": NaN,
        "Pretax Income": NaN,
        "Other Income Expense": NaN,
        "Other Non Operating Income Expenses": NaN,
        "Gain On Sale Of Security": NaN,
        "Net Non Operating Interest Income Expense": NaN,
        "Interest Expense Non Operating": NaN,
        "Interest Income Non Operating": NaN,
        "Operating Income": NaN,
        "Operating Expense": NaN,
        "Research And Development": NaN,
        "Selling General And Administration": NaN,
        "Gross Profit": NaN,
        "Cost Of Revenue": NaN,
        "Total Revenue": NaN,
        "Operating Revenue": NaN
    },
    "2023-09-30": {
        "Tax Effect Of Unusual Items": NaN,
        "Tax Rate For Calcs": NaN,
        "Normalized EBITDA": NaN,
        "Total Unusual Items": NaN,
        "Total Unusual Items Excluding Goodwill": NaN,
        "Net Income From Continuing Operation Net Minority Interest": NaN,
        "Reconciled Depreciation": NaN,
        "Reconciled Cost Of Revenue": NaN,
        "EBITDA": NaN,
        "EBIT": NaN,
        "Net Interest Income": NaN,
        "Interest Expense": NaN,
        "Interest Income": NaN,
        "Normalized Income": NaN,
        "Net Income From Continuing And Discontinued Operation": NaN,
        "Total Expenses": NaN,
        "Total Operating Income As Reported": NaN,
        "Diluted Average Shares": 32298182.0,
        "Basic Average Shares": 32298182.0,
        "Diluted EPS": -0.68,
        "Basic EPS": -0.68,
        "Diluted NI Availto Com Stockholders": NaN,
        "Net Income Common Stockholders": NaN,
        "Net Income": NaN,
        "Net Income Including Noncontrolling Interests": NaN,
        "Net Income Continuous Operations": NaN,
        "Tax Provision": NaN,
        "Pretax Income": NaN,
        "Other Income Expense": NaN,
        "Other Non Operating Income Expenses": NaN,
        "Gain On Sale Of Security": NaN,
        "Net Non Operating Interest Income Expense": NaN,
        "Interest Expense Non Operating": NaN,
        "Interest Income Non Operating": NaN,
        "Operating Income": NaN,
        "Operating Expense": NaN,
        "Research And Development": NaN,
        "Selling General And Administration": NaN,
        "Gross Profit": NaN,
        "Cost Of Revenue": NaN,
        "Total Revenue": NaN,
        "Operating Revenue": NaN
    },
    "2023-12-31": {
        "Tax Effect Of Unusual Items": -1156050.0,
        "Tax Rate For Calcs": 0.21,
        "Normalized EBITDA": -12647000.0,
        "Total Unusual Items": -5505000.0,
        "Total Unusual Items Excluding Goodwill": -5505000.0,
        "Net Income From Continuing Operation Net Minority Interest": -26016000.0,
        "Reconciled Depreciation": 424000.0,
        "Reconciled Cost Of Revenue": 2286000.0,
        "EBITDA": -18152000.0,
        "EBIT": -18576000.0,
        "Net Interest Income": -2860000.0,
        "Interest Expense": 3586000.0,
        "Interest Income": 726000.0,
        "Normalized Income": -21667050.0,
        "Net Income From Continuing And Discontinued Operation": -26016000.0,
        "Total Expenses": 38139000.0,
        "Total Operating Income As Reported": -14609000.0,
        "Diluted Average Shares": NaN,
        "Basic Average Shares": NaN,
        "Diluted EPS": NaN,
        "Basic EPS": NaN,
        "Diluted NI Availto Com Stockholders": -26016000.0,
        "Net Income Common Stockholders": -26016000.0,
        "Net Income": -26016000.0,
        "Net Income Including Noncontrolling Interests": -26016000.0,
        "Net Income Continuous Operations": -26016000.0,
        "Tax Provision": 3854000.0,
        "Pretax Income": -22162000.0,
        "Other Income Expense": -4693000.0,
        "Other Non Operating Income Expenses": 812000.0,
        "Gain On Sale Of Security": -5505000.0,
        "Net Non Operating Interest Income Expense": -2860000.0,
        "Interest Expense Non Operating": 3586000.0,
        "Interest Income Non Operating": 726000.0,
        "Operating Income": -14609000.0,
        "Operating Expense": 35853000.0,
        "Research And Development": 11302000.0,
        "Selling General And Administration": 24551000.0,
        "Gross Profit": 21244000.0,
        "Cost Of Revenue": 2286000.0,
        "Total Revenue": 23530000.0,
        "Operating Revenue": 23530000.0
    },
    "2024-03-31": {
        "Tax Effect Of Unusual Items": NaN,
        "Tax Rate For Calcs": NaN,
        "Normalized EBITDA": NaN,
        "Total Unusual Items": NaN,
        "Total Unusual Items Excluding Goodwill": NaN,
        "Net Income From Continuing Operation Net Minority Interest": NaN,
        "Reconciled Depreciation": 351000.0,
        "Reconciled Cost Of Revenue": NaN,
        "EBITDA": NaN,
        "EBIT": NaN,
        "Net Interest Income": NaN,
        "Interest Expense": NaN,
        "Interest Income": NaN,
        "Normalized Income": NaN,
        "Net Income From Continuing And Discontinued Operation": NaN,
        "Total Expenses": NaN,
        "Total Operating Income As Reported": NaN,
        "Diluted Average Shares": NaN,
        "Basic Average Shares": NaN,
        "Diluted EPS": NaN,
        "Basic EPS": NaN,
        "Diluted NI Availto Com Stockholders": NaN,
        "Net Income Common Stockholders": NaN,
        "Net Income": NaN,
        "Net Income Including Noncontrolling Interests": NaN,
        "Net Income Continuous Operations": NaN,
        "Tax Provision": NaN,
        "Pretax Income": NaN,
        "Other Income Expense": NaN,
        "Other Non Operating Income Expenses": NaN,
        "Gain On Sale Of Security": NaN,
        "Net Non Operating Interest Income Expense": NaN,
        "Interest Expense Non Operating": NaN,
        "Interest Income Non Operating": NaN,
        "Operating Income": NaN,
        "Operating Expense": NaN,
        "Research And Development": NaN,
        "Selling General And Administration": NaN,
        "Gross Profit": NaN,
        "Cost Of Revenue": NaN,
        "Total Revenue": NaN,
        "Operating Revenue": NaN
    },
    "2024-06-30": {
        "Tax Effect Of Unusual Items": -1212330.0,
        "Tax Rate For Calcs": 0.21,
        "Normalized EBITDA": -23868000.0,
        "Total Unusual Items": -5773000.0,
        "Total Unusual Items Excluding Goodwill": -5773000.0,
        "Net Income From Continuing Operation Net Minority Interest": -33403000.0,
        "Reconciled Depreciation": 263000.0,
        "Reconciled Cost Of Revenue": 2229000.0,
        "EBITDA": -29641000.0,
        "EBIT": -29904000.0,
        "Net Interest Income": -1739000.0,
        "Interest Expense": 3461000.0,
        "Interest Income": 1722000.0,
        "Normalized Income": -28842330.0,
        "Net Income From Continuing And Discontinued Operation": -33403000.0,
        "Total Expenses": 47687000.0,
        "Total Operating Income As Reported": -25839000.0,
        "Diluted Average Shares": NaN,
        "Basic Average Shares": NaN,
        "Diluted EPS": NaN,
        "Basic EPS": NaN,
        "Diluted NI Availto Com Stockholders": -33403000.0,
        "Net Income Common Stockholders": -33403000.0,
        "Net Income": -33403000.0,
        "Net Income Including Noncontrolling Interests": -33403000.0,
        "Net Income Continuous Operations": -33403000.0,
        "Tax Provision": 38000.0,
        "Pretax Income": -33365000.0,
        "Other Income Expense": -5787000.0,
        "Other Non Operating Income Expenses": -14000.0,
        "Gain On Sale Of Security": -5773000.0,
        "Net Non Operating Interest Income Expense": -1739000.0,
        "Interest Expense Non Operating": 3461000.0,
        "Interest Income Non Operating": 1722000.0,
        "Operating Income": -25839000.0,
        "Operating Expense": 45458000.0,
        "Research And Development": 15402000.0,
        "Selling General And Administration": 30056000.0,
        "Gross Profit": 19619000.0,
        "Cost Of Revenue": 2229000.0,
        "Total Revenue": 21848000.0,
        "Operating Revenue": 21848000.0
    },
    "2024-09-30": {
        "Tax Effect Of Unusual Items": -1242150.0,
        "Tax Rate For Calcs": 0.21,
        "Normalized EBITDA": -14680000.0,
        "Total Unusual Items": -5915000.0,
        "Total Unusual Items Excluding Goodwill": -5915000.0,
        "Net Income From Continuing Operation Net Minority Interest": -23673000.0,
        "Reconciled Depreciation": 266000.0,
        "Reconciled Cost Of Revenue": 2453000.0,
        "EBITDA": -20595000.0,
        "EBIT": -20861000.0,
        "Net Interest Income": 36000.0,
        "Interest Expense": 2721000.0,
        "Interest Income": 2757000.0,
        "Normalized Income": -19000150.0,
        "Net Income From Continuing And Discontinued Operation": -23673000.0,
        "Total Expenses": 42749000.0,
        "Total Operating Income As Reported": -17545000.0,
        "Diluted Average Shares": 46779637.0,
        "Basic Average Shares": 46779637.0,
        "Diluted EPS": -0.51,
        "Basic EPS": -0.51,
        "Diluted NI Availto Com Stockholders": -23673000.0,
        "Net Income Common Stockholders": -23673000.0,
        "Net Income": -23673000.0,
        "Net Income Including Noncontrolling Interests": -23673000.0,
        "Net Income Continuous Operations": -23673000.0,
        "Tax Provision": 91000.0,
        "Pretax Income": -23582000.0,
        "Other Income Expense": -6073000.0,
        "Other Non Operating Income Expenses": -158000.0,
        "Gain On Sale Of Security": -5915000.0,
        "Net Non Operating Interest Income Expense": 36000.0,
        "Interest Expense Non Operating": 2721000.0,
        "Interest Income Non Operating": 2757000.0,
        "Operating Income": -17545000.0,
        "Operating Expense": 40296000.0,
        "Research And Development": 11355000.0,
        "Selling General And Administration": 28941000.0,
        "Gross Profit": 22751000.0,
        "Cost Of Revenue": 2453000.0,
        "Total Revenue": 25204000.0,
        "Operating Revenue": 25204000.0
    },
    "2024-12-31": {
        "Tax Effect Of Unusual Items": -1273230.0,
        "Tax Rate For Calcs": 0.21,
        "Normalized EBITDA": -24602000.0,
        "Total Unusual Items": -6063000.0,
        "Total Unusual Items Excluding Goodwill": -6063000.0,
        "Net Income From Continuing Operation Net Minority Interest": -37512000.0,
        "Reconciled Depreciation": 306000.0,
        "Reconciled Cost Of Revenue": 2471000.0,
        "EBITDA": -30665000.0,
        "EBIT": -30971000.0,
        "Net Interest Income": -1080000.0,
        "Interest Expense": 3892000.0,
        "Interest Income": 2812000.0,
        "Normalized Income": -32722230.0,
        "Net Income From Continuing And Discontinued Operation": -37512000.0,
        "Total Expenses": 52223000.0,
        "Total Operating Income As Reported": -27658000.0,
        "Diluted Average Shares": 47030820.0,
        "Basic Average Shares": 47030820.0,
        "Diluted EPS": -0.8,
        "Basic EPS": -0.8,
        "Diluted NI Availto Com Stockholders": -37512000.0,
        "Net Income Common Stockholders": -37512000.0,
        "Net Income": -37512000.0,
        "Net Income Including Noncontrolling Interests": -37512000.0,
        "Net Income Continuous Operations": -37512000.0,
        "Tax Provision": 2649000.0,
        "Pretax Income": -34863000.0,
        "Other Income Expense": -6125000.0,
        "Other Non Operating Income Expenses": -62000.0,
        "Gain On Sale Of Security": -6063000.0,
        "Net Non Operating Interest Income Expense": -1080000.0,
        "Interest Expense Non Operating": 3892000.0,
        "Interest Income Non Operating": 2812000.0,
        "Operating Income": -27658000.0,
        "Operating Expense": 49752000.0,
        "Research And Development": 14894000.0,
        "Selling General And Administration": 34858000.0,
        "Gross Profit": 22094000.0,
        "Cost Of Revenue": 2471000.0,
        "Total Revenue": 24565000.0,
        "Operating Revenue": 24565000.0
    },
    "2025-03-31": {
        "Tax Effect Of Unusual Items": -962430.0,
        "Tax Rate For Calcs": 0.21,
        "Normalized EBITDA": -34303000.0,
        "Total Unusual Items": -4583000.0,
        "Total Unusual Items Excluding Goodwill": -4583000.0,
        "Net Income From Continuing Operation Net Minority Interest": -43843000.0,
        "Reconciled Depreciation": 497000.0,
        "Reconciled Cost Of Revenue": 2330000.0,
        "EBITDA": -38886000.0,
        "EBIT": -39383000.0,
        "Net Interest Income": -1864000.0,
        "Interest Expense": 4068000.0,
        "Interest Income": 2204000.0,
        "Normalized Income": -40222430.0,
        "Net Income From Continuing And Discontinued Operation": -43843000.0,
        "Total Expenses": 57168000.0,
        "Total Operating Income As Reported": -36914000.0,
        "Diluted Average Shares": 47422119.0,
        "Basic Average Shares": 47422119.0,
        "Diluted EPS": -0.92,
        "Basic EPS": -0.92,
        "Diluted NI Availto Com Stockholders": -43843000.0,
        "Net Income Common Stockholders": -43843000.0,
        "Net Income": -43843000.0,
        "Net Income Including Noncontrolling Interests": -43843000.0,
        "Net Income Continuous Operations": -43843000.0,
        "Tax Provision": 392000.0,
        "Pretax Income": -43451000.0,
        "Other Income Expense": -4673000.0,
        "Other Non Operating Income Expenses": -90000.0,
        "Gain On Sale Of Security": -4583000.0,
        "Net Non Operating Interest Income Expense": -1864000.0,
        "Interest Expense Non Operating": 4068000.0,
        "Interest Income Non Operating": 2204000.0,
        "Operating Income": -36914000.0,
        "Operating Expense": 54838000.0,
        "Research And Development": 19871000.0,
        "Selling General And Administration": 34967000.0,
        "Gross Profit": 17924000.0,
        "Cost Of Revenue": 2330000.0,
        "Total Revenue": 20254000.0,
        "Operating Revenue": 20254000.0
    },
    "2025-06-30": {
        "Tax Effect Of Unusual Items": -975240.0,
        "Tax Rate For Calcs": 0.21,
        "Normalized EBITDA": -39553000.0,
        "Total Unusual Items": -4644000.0,
        "Total Unusual Items Excluding Goodwill": -4644000.0,
        "Net Income From Continuing Operation Net Minority Interest": -49940000.0,
        "Reconciled Depreciation": 596000.0,
        "Reconciled Cost Of Revenue": 3550000.0,
        "EBITDA": -44197000.0,
        "EBIT": -44793000.0,
        "Net Interest Income": -2455000.0,
        "Interest Expense": 4132000.0,
        "Interest Income": 1677000.0,
        "Normalized Income": -46271240.0,
        "Net Income From Continuing And Discontinued Operation": -49940000.0,
        "Total Expenses": 65663000.0,
        "Total Operating Income As Reported": -41448000.0,
        "Diluted Average Shares": 47739816.0,
        "Basic Average Shares": 47739816.0,
        "Diluted EPS": -1.05,
        "Basic EPS": -1.05,
        "Diluted NI Availto Com Stockholders": -49940000.0,
        "Net Income Common Stockholders": -49940000.0,
        "Net Income": -49940000.0,
        "Net Income Including Noncontrolling Interests": -49940000.0,
        "Net Income Continuous Operations": -49940000.0,
        "Tax Provision": 1015000.0,
        "Pretax Income": -48925000.0,
        "Other Income Expense": -5022000.0,
        "Other Non Operating Income Expenses": -378000.0,
        "Gain On Sale Of Security": -4644000.0,
        "Net Non Operating Interest Income Expense": -2455000.0,
        "Interest Expense Non Operating": 4132000.0,
        "Interest Income Non Operating": 1677000.0,
        "Operating Income": -41448000.0,
        "Operating Expense": 62113000.0,
        "Research And Development": 18914000.0,
        "Selling General And Administration": 43199000.0,
        "Gross Profit": 20665000.0,
        "Cost Of Revenue": 3550000.0,
        "Total Revenue": 24215000.0,
        "Operating Revenue": 24215000.0
    },
    "2025-09-30": {
        "Tax Effect Of Unusual Items": -141581.174966,
        "Tax Rate For Calcs": 0.030639,
        "Normalized EBITDA": -25768000.0,
        "Total Unusual Items": -4621000.0,
        "Total Unusual Items Excluding Goodwill": -4621000.0,
        "Net Income From Continuing Operation Net Minority Interest": -33347000.0,
        "Reconciled Depreciation": 639000.0,
        "Reconciled Cost Of Revenue": 3278000.0,
        "EBITDA": -30389000.0,
        "EBIT": -31028000.0,
        "Net Interest Income": -2197000.0,
        "Interest Expense": 3373000.0,
        "Interest Income": 1176000.0,
        "Normalized Income": -28867581.174966,
        "Net Income From Continuing And Discontinued Operation": -33347000.0,
        "Total Expenses": 54868000.0,
        "Total Operating Income As Reported": -27386000.0,
        "Diluted Average Shares": 48057386.0,
        "Basic Average Shares": 48057386.0,
        "Diluted EPS": -0.69,
        "Basic EPS": -0.69,
        "Diluted NI Availto Com Stockholders": -33347000.0,
        "Net Income Common Stockholders": -33347000.0,
        "Net Income": -33347000.0,
        "Net Income Including Noncontrolling Interests": -33347000.0,
        "Net Income Continuous Operations": -33347000.0,
        "Tax Provision": -1054000.0,
        "Pretax Income": -34401000.0,
        "Other Income Expense": -4818000.0,
        "Other Non Operating Income Expenses": -197000.0,
        "Gain On Sale Of Security": -4621000.0,
        "Net Non Operating Interest Income Expense": -2197000.0,
        "Interest Expense Non Operating": 3373000.0,
        "Interest Income Non Operating": 1176000.0,
        "Operating Income": -27386000.0,
        "Operating Expense": 51590000.0,
        "Research And Development": 14008000.0,
        "Selling General And Administration": 37582000.0,
        "Gross Profit": 24204000.0,
        "Cost Of Revenue": 3278000.0,
        "Total Revenue": 27482000.0,
        "Operating Revenue": 27482000.0
    }
}