{
    "2023-06-30": {
        "Tax Effect Of Unusual Items": NaN,
        "Tax Rate For Calcs": NaN,
        "Normalized EBITDA": NaN,
        "Total Unusual Items": NaN,
        "Total Unusual Items Excluding Goodwill": NaN,
        "Net Income From Continuing Operation Net Minority Interest": NaN,
        "Reconciled Depreciation": NaN,
        "Reconciled Cost Of Revenue": NaN,
        "EBITDA": NaN,
        "EBIT": NaN,
        "Net Interest Income": NaN,
        "Interest Expense": NaN,
        "Normalized Income": NaN,
        "Net Income From Continuing And Discontinued Operation": NaN,
        "Total Expenses": NaN,
        "Total Operating Income As Reported": NaN,
        "Diluted Average Shares": 68841000.0,
        "Basic Average Shares": 68718000.0,
        "Diluted EPS": 8.58,
        "Basic EPS": 8.6,
        "Diluted NI Availto Com Stockholders": NaN,
        "Net Income Common Stockholders": NaN,
        "Net Income": NaN,
        "Net Income Including Noncontrolling Interests": NaN,
        "Net Income Continuous Operations": NaN,
        "Tax Provision": NaN,
        "Pretax Income": NaN,
        "Other Income Expense": NaN,
        "Other Non Operating Income Expenses": NaN,
        "Special Income Charges": NaN,
        "Restructuring And Mergern Acquisition": NaN,
        "Net Non Operating Interest Income Expense": NaN,
        "Interest Expense Non Operating": NaN,
        "Operating Income": NaN,
        "Operating Expense": NaN,
        "Depreciation Amortization Depletion Income Statement": NaN,
        "Depreciation And Amortization In Income Statement": NaN,
        "Selling General And Administration": NaN,
        "Gross Profit": NaN,
        "Cost Of Revenue": NaN,
        "Total Revenue": NaN,
        "Operating Revenue": NaN
    },
    "2023-03-31": {
        "Tax Effect Of Unusual Items": NaN,
        "Tax Rate For Calcs": NaN,
        "Normalized EBITDA": NaN,
        "Total Unusual Items": NaN,
        "Total Unusual Items Excluding Goodwill": NaN,
        "Net Income From Continuing Operation Net Minority Interest": NaN,
        "Reconciled Depreciation": NaN,
        "Reconciled Cost Of Revenue": NaN,
        "EBITDA": NaN,
        "EBIT": NaN,
        "Net Interest Income": NaN,
        "Interest Expense": NaN,
        "Normalized Income": NaN,
        "Net Income From Continuing And Discontinued Operation": NaN,
        "Total Expenses": NaN,
        "Total Operating Income As Reported": NaN,
        "Diluted Average Shares": 69745000.0,
        "Basic Average Shares": 69414000.0,
        "Diluted EPS": 6.47,
        "Basic EPS": 6.5,
        "Diluted NI Availto Com Stockholders": NaN,
        "Net Income Common Stockholders": NaN,
        "Net Income": NaN,
        "Net Income Including Noncontrolling Interests": NaN,
        "Net Income Continuous Operations": NaN,
        "Tax Provision": NaN,
        "Pretax Income": NaN,
        "Other Income Expense": NaN,
        "Other Non Operating Income Expenses": NaN,
        "Special Income Charges": NaN,
        "Restructuring And Mergern Acquisition": NaN,
        "Net Non Operating Interest Income Expense": NaN,
        "Interest Expense Non Operating": NaN,
        "Operating Income": NaN,
        "Operating Expense": NaN,
        "Depreciation Amortization Depletion Income Statement": NaN,
        "Depreciation And Amortization In Income Statement": NaN,
        "Selling General And Administration": NaN,
        "Gross Profit": NaN,
        "Cost Of Revenue": NaN,
        "Total Revenue": NaN,
        "Operating Revenue": NaN
    },
    "2022-12-31": {
        "Tax Effect Of Unusual Items": NaN,
        "Tax Rate For Calcs": NaN,
        "Normalized EBITDA": NaN,
        "Total Unusual Items": NaN,
        "Total Unusual Items Excluding Goodwill": NaN,
        "Net Income From Continuing Operation Net Minority Interest": NaN,
        "Reconciled Depreciation": NaN,
        "Reconciled Cost Of Revenue": NaN,
        "EBITDA": NaN,
        "EBIT": NaN,
        "Net Interest Income": NaN,
        "Interest Expense": NaN,
        "Normalized Income": NaN,
        "Net Income From Continuing And Discontinued Operation": NaN,
        "Total Expenses": NaN,
        "Total Operating Income As Reported": NaN,
        "Diluted Average Shares": 69800000.0,
        "Basic Average Shares": 69400000.0,
        "Diluted EPS": 9.15,
        "Basic EPS": 9.207493,
        "Diluted NI Availto Com Stockholders": NaN,
        "Net Income Common Stockholders": NaN,
        "Net Income": NaN,
        "Net Income Including Noncontrolling Interests": NaN,
        "Net Income Continuous Operations": NaN,
        "Tax Provision": NaN,
        "Pretax Income": NaN,
        "Other Income Expense": NaN,
        "Other Non Operating Income Expenses": NaN,
        "Special Income Charges": NaN,
        "Restructuring And Mergern Acquisition": NaN,
        "Net Non Operating Interest Income Expense": NaN,
        "Interest Expense Non Operating": NaN,
        "Operating Income": NaN,
        "Operating Expense": NaN,
        "Depreciation Amortization Depletion Income Statement": NaN,
        "Depreciation And Amortization In Income Statement": NaN,
        "Selling General And Administration": NaN,
        "Gross Profit": NaN,
        "Cost Of Revenue": NaN,
        "Total Revenue": NaN,
        "Operating Revenue": NaN
    },
    "2022-09-30": {
        "Tax Effect Of Unusual Items": 257000.0,
        "Tax Rate For Calcs": 0.257,
        "Normalized EBITDA": 1481000000.0,
        "Total Unusual Items": 1000000.0,
        "Total Unusual Items Excluding Goodwill": 1000000.0,
        "Net Income From Continuing Operation Net Minority Interest": 606000000.0,
        "Reconciled Depreciation": 560000000.0,
        "Reconciled Cost Of Revenue": 1215000000.0,
        "EBITDA": 1482000000.0,
        "EBIT": 922000000.0,
        "Net Interest Income": -106000000.0,
        "Interest Expense": 106000000.0,
        "Normalized Income": 605257000.0,
        "Net Income From Continuing And Discontinued Operation": 606000000.0,
        "Total Expenses": 2131000000.0,
        "Total Operating Income As Reported": 921000000.0,
        "Diluted Average Shares": 70053000.0,
        "Basic Average Shares": 69854000.0,
        "Diluted EPS": 8.66,
        "Basic EPS": 8.69,
        "Diluted NI Availto Com Stockholders": 606000000.0,
        "Net Income Common Stockholders": 606000000.0,
        "Net Income": 606000000.0,
        "Net Income Including Noncontrolling Interests": 606000000.0,
        "Net Income Continuous Operations": 606000000.0,
        "Tax Provision": 210000000.0,
        "Pretax Income": 816000000.0,
        "Other Income Expense": 2000000.0,
        "Other Non Operating Income Expenses": 1000000.0,
        "Special Income Charges": 1000000.0,
        "Restructuring And Mergern Acquisition": -1000000.0,
        "Net Non Operating Interest Income Expense": -106000000.0,
        "Interest Expense Non Operating": 106000000.0,
        "Operating Income": 920000000.0,
        "Operating Expense": 446000000.0,
        "Depreciation Amortization Depletion Income Statement": 90000000.0,
        "Depreciation And Amortization In Income Statement": 90000000.0,
        "Selling General And Administration": 356000000.0,
        "Gross Profit": 1366000000.0,
        "Cost Of Revenue": 1685000000.0,
        "Total Revenue": 3051000000.0,
        "Operating Revenue": 3051000000.0
    },
    "2022-06-30": {
        "Tax Effect Of Unusual Items": -189000.0,
        "Tax Rate For Calcs": 0.189,
        "Normalized EBITDA": 1270000000.0,
        "Total Unusual Items": -1000000.0,
        "Total Unusual Items Excluding Goodwill": -1000000.0,
        "Net Income From Continuing Operation Net Minority Interest": 493000000.0,
        "Reconciled Depreciation": 548000000.0,
        "Reconciled Cost Of Revenue": 1164000000.0,
        "EBITDA": 1269000000.0,
        "EBIT": 721000000.0,
        "Net Interest Income": -113000000.0,
        "Interest Expense": 113000000.0,
        "Normalized Income": 493811000.0,
        "Net Income From Continuing And Discontinued Operation": 493000000.0,
        "Total Expenses": 2055000000.0,
        "Total Operating Income As Reported": 715000000.0,
        "Diluted Average Shares": 71354000.0,
        "Basic Average Shares": 71221000.0,
        "Diluted EPS": 6.9,
        "Basic EPS": 6.91,
        "Diluted NI Availto Com Stockholders": 493000000.0,
        "Net Income Common Stockholders": 493000000.0,
        "Net Income": 493000000.0,
        "Net Income Including Noncontrolling Interests": 493000000.0,
        "Net Income Continuous Operations": 493000000.0,
        "Tax Provision": 115000000.0,
        "Pretax Income": 608000000.0,
        "Other Income Expense": 5000000.0,
        "Other Non Operating Income Expenses": 6000000.0,
        "Special Income Charges": -1000000.0,
        "Restructuring And Mergern Acquisition": 1000000.0,
        "Net Non Operating Interest Income Expense": -113000000.0,
        "Interest Expense Non Operating": 113000000.0,
        "Operating Income": 716000000.0,
        "Operating Expense": 434000000.0,
        "Depreciation Amortization Depletion Income Statement": 91000000.0,
        "Depreciation And Amortization In Income Statement": 91000000.0,
        "Selling General And Administration": 343000000.0,
        "Gross Profit": 1150000000.0,
        "Cost Of Revenue": 1621000000.0,
        "Total Revenue": 2771000000.0,
        "Operating Revenue": 2771000000.0
    },
    "2022-03-31": {
        "Diluted EPS": 5.05,
        "Total Revenue": NaN,
        "Gross Profit": 992,
        "Operating Income": 572,
        "EBIT": NaN,
        "Net Income": 367
    },
    "2021-12-31": {
        "Diluted EPS": 6.59,
        "Total Revenue": NaN,
        "Gross Profit": NaN,
        "Operating Income": 745,
        "EBIT": NaN,
        "Net Income": 481
    },
    "2021-09-30": {
        "Diluted EPS": 5.63,
        "Total Revenue": NaN,
        "Gross Profit": NaN,
        "Operating Income": 679,
        "EBIT": NaN,
        "Net Income": 409
    },
    "2021-06-30": {
        "Diluted EPS": 4.02,
        "Total Revenue": NaN,
        "Gross Profit": 875,
        "Operating Income": 481,
        "EBIT": 959,
        "Net Income": 293
    },
    "2021-03-31": {
        "Diluted EPS": 2.8,
        "Total Revenue": NaN,
        "Gross Profit": 714,
        "Operating Income": 372,
        "EBIT": 841,
        "Net Income": 203
    },
    "2020-12-31": {
        "Diluted EPS": 4.07,
        "Total Revenue": NaN,
        "Gross Profit": 869,
        "Operating Income": 510,
        "EBIT": 993,
        "Net Income": 297
    },
    "2020-09-30": {
        "Diluted EPS": 2.87,
        "Total Revenue": NaN,
        "Gross Profit": 886,
        "Operating Income": 551,
        "EBIT": NaN,
        "Net Income": 208
    },
    "2020-06-30": {
        "Diluted EPS": 2.93,
        "Total Revenue": NaN,
        "Gross Profit": 701,
        "Operating Income": 381,
        "EBIT": 874,
        "Net Income": 212
    },
    "2020-03-31": {
        "Diluted EPS": 2.33,
        "Total Revenue": NaN,
        "Gross Profit": 727,
        "Operating Income": 358,
        "EBIT": 888,
        "Net Income": 173
    },
    "2019-12-31": {
        "Diluted EPS": 4.4,
        "Total Revenue": NaN,
        "Gross Profit": 965,
        "Operating Income": 599,
        "EBIT": NaN,
        "Net Income": 338
    },
    "2019-09-30": {
        "Diluted EPS": 5.08,
        "Total Revenue": NaN,
        "Gross Profit": NaN,
        "Operating Income": 656,
        "EBIT": NaN,
        "Net Income": 391
    },
    "2019-06-30": {
        "Diluted EPS": 3.44,
        "Total Revenue": NaN,
        "Gross Profit": 911,
        "Operating Income": 529,
        "EBIT": NaN,
        "Net Income": 270
    },
    "2019-03-31": {
        "Diluted EPS": 2.19,
        "Total Revenue": NaN,
        "Gross Profit": 761,
        "Operating Income": 368,
        "EBIT": 871,
        "Net Income": 175
    },
    "2018-12-31": {
        "Diluted EPS": 3.76,
        "Total Revenue": NaN,
        "Gross Profit": 998,
        "Operating Income": 563,
        "EBIT": NaN,
        "Net Income": 310
    },
    "2018-09-30": {
        "Diluted EPS": 4.01,
        "Total Revenue": NaN,
        "Gross Profit": 938,
        "Operating Income": 578,
        "EBIT": 999,
        "Net Income": 333
    },
    "2018-06-30": {
        "Diluted EPS": 3.2,
        "Total Revenue": NaN,
        "Gross Profit": 782,
        "Operating Income": 470,
        "EBIT": 863,
        "Net Income": 270
    },
    "2018-03-31": {
        "Diluted EPS": 2.15,
        "Total Revenue": NaN,
        "Gross Profit": 646,
        "Operating Income": 340,
        "EBIT": 736,
        "Net Income": 183
    },
    "2017-12-31": {
        "Diluted EPS": 10.48,
        "Total Revenue": NaN,
        "Gross Profit": 827,
        "Operating Income": 462,
        "EBIT": 855,
        "Net Income": 897
    },
    "2017-09-30": {
        "Diluted EPS": 2.33,
        "Total Revenue": NaN,
        "Gross Profit": 773,
        "Operating Income": 448,
        "EBIT": 803,
        "Net Income": 199
    },
    "2017-06-30": {
        "Diluted EPS": 1.65,
        "Total Revenue": NaN,
        "Gross Profit": 655,
        "Operating Income": 340,
        "EBIT": 672,
        "Net Income": 141
    },
    "2017-03-31": {
        "Diluted EPS": 1.27,
        "Total Revenue": NaN,
        "Gross Profit": 514,
        "Operating Income": 257,
        "EBIT": 569,
        "Net Income": 109
    },
    "2016-12-31": {
        "Diluted EPS": 1.76,
        "Total Revenue": NaN,
        "Gross Profit": 657,
        "Operating Income": 402,
        "EBIT": 722,
        "Net Income": 153
    },
    "2016-09-30": {
        "Diluted EPS": 2.16,
        "Total Revenue": NaN,
        "Gross Profit": 656,
        "Operating Income": 412,
        "EBIT": 726,
        "Net Income": 187
    },
    "2016-06-30": {
        "Diluted EPS": 1.52,
        "Total Revenue": NaN,
        "Gross Profit": 590,
        "Operating Income": 347,
        "EBIT": 655,
        "Net Income": 134
    },
    "2016-03-31": {
        "Diluted EPS": 1.01,
        "Total Revenue": NaN,
        "Gross Profit": 500,
        "Operating Income": 254,
        "EBIT": 566,
        "Net Income": 92
    },
    "2015-12-31": {
        "Diluted EPS": 1.78,
        "Total Revenue": NaN,
        "Gross Profit": 648,
        "Operating Income": 397,
        "EBIT": 717,
        "Net Income": 169
    },
    "2015-09-30": {
        "Diluted EPS": 2.25,
        "Total Revenue": NaN,
        "Gross Profit": 690,
        "Operating Income": 446,
        "EBIT": 764,
        "Net Income": 215
    },
    "2015-06-30": {
        "Diluted EPS": 0.88,
        "Total Revenue": NaN,
        "Gross Profit": 618,
        "Operating Income": 375,
        "EBIT": 684,
        "Net Income": 86
    },
    "2015-03-31": {
        "Diluted EPS": 1.16,
        "Total Revenue": NaN,
        "Gross Profit": 524,
        "Operating Income": 300,
        "EBIT": 607,
        "Net Income": 115
    },
    "2014-12-31": {
        "Diluted EPS": 1.85,
        "Total Revenue": NaN,
        "Gross Profit": 707,
        "Operating Income": 426,
        "EBIT": 741,
        "Net Income": 194
    },
    "2014-09-30": {
        "Diluted EPS": 1.84,
        "Total Revenue": NaN,
        "Gross Profit": 688,
        "Operating Income": 422,
        "EBIT": 732,
        "Net Income": 192
    },
    "2014-06-30": {
        "Diluted EPS": 0.9,
        "Total Revenue": NaN,
        "Gross Profit": 589,
        "Operating Income": 325,
        "EBIT": 629,
        "Net Income": 94
    },
    "2014-03-31": {
        "Diluted EPS": 0.56,
        "Total Revenue": NaN,
        "Gross Profit": 448,
        "Operating Income": 218,
        "EBIT": 500,
        "Net Income": 60
    },
    "2013-12-31": {
        "Diluted EPS": 1.32,
        "Total Revenue": NaN,
        "Gross Profit": 567,
        "Operating Income": 342,
        "EBIT": 631,
        "Net Income": 140
    },
    "2013-09-30": {
        "Diluted EPS": 1.35,
        "Total Revenue": NaN,
        "Gross Profit": 564,
        "Operating Income": 337,
        "EBIT": 620,
        "Net Income": 143
    },
    "2013-06-30": {
        "Diluted EPS": 0.78,
        "Total Revenue": NaN,
        "Gross Profit": 471,
        "Operating Income": 250,
        "EBIT": 525,
        "Net Income": 83
    },
    "2013-03-31": {
        "Diluted EPS": 0.19,
        "Total Revenue": NaN,
        "Gross Profit": 385,
        "Operating Income": 149,
        "EBIT": 421,
        "Net Income": 21
    },
    "2012-12-31": {
        "Diluted EPS": 0.55,
        "Total Revenue": NaN,
        "Gross Profit": 495,
        "Operating Income": 236,
        "EBIT": 514,
        "Net Income": 41
    },
    "2012-09-30": {
        "Diluted EPS": 0.7,
        "Total Revenue": NaN,
        "Gross Profit": 505,
        "Operating Income": 222,
        "EBIT": 502,
        "Net Income": 73
    },
    "2012-06-30": {
        "Diluted EPS": -0.63,
        "Total Revenue": 993,
        "Gross Profit": 374,
        "Operating Income": 46,
        "EBIT": 274,
        "Net Income": -52
    },
    "2012-03-31": {
        "Diluted EPS": 0.17,
        "Total Revenue": 656,
        "Gross Profit": 213,
        "Operating Income": 87,
        "EBIT": 221,
        "Net Income": 13
    },
    "2011-12-31": {
        "Diluted EPS": 0.44,
        "Total Revenue": 746,
        "Gross Profit": 275,
        "Operating Income": 115,
        "EBIT": 249,
        "Net Income": 29
    },
    "2011-09-30": {
        "Diluted EPS": 0.91,
        "Total Revenue": 713,
        "Gross Profit": 274,
        "Operating Income": 156,
        "EBIT": 285,
        "Net Income": 65
    },
    "2011-06-30": {
        "Diluted EPS": 0.37,
        "Total Revenue": 629,
        "Gross Profit": 211,
        "Operating Income": 95,
        "EBIT": 218,
        "Net Income": 27
    },
    "2011-03-31": {
        "Diluted EPS": -0.34,
        "Total Revenue": 523,
        "Gross Profit": 138,
        "Operating Income": 30,
        "EBIT": 146,
        "Net Income": -20
    },
    "2010-12-31": {
        "Diluted EPS": -0.28,
        "Total Revenue": 597,
        "Gross Profit": 175,
        "Operating Income": 47,
        "EBIT": 170,
        "Net Income": -21
    },
    "2010-09-30": {
        "Diluted EPS": 0.33,
        "Total Revenue": 605,
        "Gross Profit": 209,
        "Operating Income": 93,
        "EBIT": 211,
        "Net Income": 23
    },
    "2010-06-30": {
        "Diluted EPS": 0.18,
        "Total Revenue": 557,
        "Gross Profit": 171,
        "Operating Income": 59,
        "EBIT": 175,
        "Net Income": 12
    },
    "2010-03-31": {
        "Diluted EPS": -0.67,
        "Total Revenue": 478,
        "Gross Profit": 103,
        "Operating Income": -2,
        "EBIT": 113,
        "Net Income": -40
    },
    "2009-12-31": {
        "Diluted EPS": -0.42,
        "Total Revenue": 557,
        "Gross Profit": 145,
        "Operating Income": 24,
        "EBIT": 144,
        "Net Income": -26
    },
    "2009-09-30": {
        "Diluted EPS": 0.0,
        "Total Revenue": 592,
        "Gross Profit": 180,
        "Operating Income": 67,
        "EBIT": 185,
        "Net Income": NaN
    },
    "2009-06-30": {
        "Diluted EPS": -0.28,
        "Total Revenue": 615,
        "Gross Profit": 141,
        "Operating Income": 5,
        "EBIT": 134,
        "Net Income": -17
    },
    "2009-03-31": {
        "Diluted EPS": -0.32,
        "Total Revenue": 594,
        "Gross Profit": 144,
        "Operating Income": 18,
        "EBIT": 142,
        "Net Income": -19
    },
    "2023-09-30": {
        "Tax Effect Of Unusual Items": NaN,
        "Tax Rate For Calcs": NaN,
        "Normalized EBITDA": NaN,
        "Total Unusual Items": NaN,
        "Total Unusual Items Excluding Goodwill": NaN,
        "Net Income From Continuing Operation Net Minority Interest": NaN,
        "Reconciled Depreciation": NaN,
        "Reconciled Cost Of Revenue": NaN,
        "EBITDA": NaN,
        "EBIT": NaN,
        "Net Interest Income": NaN,
        "Interest Expense": NaN,
        "Normalized Income": NaN,
        "Net Income From Continuing And Discontinued Operation": NaN,
        "Total Expenses": NaN,
        "Total Operating Income As Reported": NaN,
        "Diluted Average Shares": 68263000.0,
        "Basic Average Shares": 68153000.0,
        "Diluted EPS": 10.29,
        "Basic EPS": 10.3,
        "Diluted NI Availto Com Stockholders": NaN,
        "Net Income Common Stockholders": NaN,
        "Net Income": NaN,
        "Net Income Including Noncontrolling Interests": NaN,
        "Net Income Continuous Operations": NaN,
        "Tax Provision": NaN,
        "Pretax Income": NaN,
        "Other Income Expense": NaN,
        "Other Non Operating Income Expenses": NaN,
        "Special Income Charges": NaN,
        "Restructuring And Mergern Acquisition": NaN,
        "Net Non Operating Interest Income Expense": NaN,
        "Interest Expense Non Operating": NaN,
        "Operating Income": NaN,
        "Operating Expense": NaN,
        "Depreciation Amortization Depletion Income Statement": NaN,
        "Depreciation And Amortization In Income Statement": NaN,
        "Selling General And Administration": NaN,
        "Gross Profit": NaN,
        "Cost Of Revenue": NaN,
        "Total Revenue": NaN,
        "Operating Revenue": NaN
    },
    "2023-12-31": {
        "Tax Effect Of Unusual Items": -988913.525499,
        "Tax Rate For Calcs": 0.247228,
        "Normalized EBITDA": 1764000000.0,
        "Total Unusual Items": -4000000.0,
        "Total Unusual Items Excluding Goodwill": -4000000.0,
        "Net Income From Continuing Operation Net Minority Interest": 679000000.0,
        "Reconciled Depreciation": 697000000.0,
        "Reconciled Cost Of Revenue": 1571000000.0,
        "EBITDA": 1760000000.0,
        "EBIT": 1063000000.0,
        "Net Interest Income": -161000000.0,
        "Interest Expense": 161000000.0,
        "Normalized Income": 682011086.474501,
        "Net Income From Continuing And Discontinued Operation": 679000000.0,
        "Total Expenses": 2661000000.0,
        "Total Operating Income As Reported": 1063000000.0,
        "Diluted Average Shares": NaN,
        "Basic Average Shares": NaN,
        "Diluted EPS": NaN,
        "Basic EPS": NaN,
        "Diluted NI Availto Com Stockholders": 679000000.0,
        "Net Income Common Stockholders": 679000000.0,
        "Net Income": 679000000.0,
        "Net Income Including Noncontrolling Interests": 679000000.0,
        "Net Income Continuous Operations": 679000000.0,
        "Tax Provision": 223000000.0,
        "Pretax Income": 902000000.0,
        "Other Income Expense": -4000000.0,
        "Other Non Operating Income Expenses": 0.0,
        "Special Income Charges": -4000000.0,
        "Restructuring And Mergern Acquisition": 4000000.0,
        "Net Non Operating Interest Income Expense": -161000000.0,
        "Interest Expense Non Operating": 161000000.0,
        "Operating Income": 1067000000.0,
        "Operating Expense": 495000000.0,
        "Depreciation Amortization Depletion Income Statement": 102000000.0,
        "Depreciation And Amortization In Income Statement": 102000000.0,
        "Selling General And Administration": 393000000.0,
        "Gross Profit": 1562000000.0,
        "Cost Of Revenue": 2166000000.0,
        "Total Revenue": 3728000000.0,
        "Operating Revenue": 3728000000.0
    },
    "2024-03-31": {
        "Tax Effect Of Unusual Items": NaN,
        "Tax Rate For Calcs": NaN,
        "Normalized EBITDA": NaN,
        "Total Unusual Items": NaN,
        "Total Unusual Items Excluding Goodwill": NaN,
        "Net Income From Continuing Operation Net Minority Interest": NaN,
        "Reconciled Depreciation": NaN,
        "Reconciled Cost Of Revenue": NaN,
        "EBITDA": NaN,
        "EBIT": NaN,
        "Net Interest Income": NaN,
        "Interest Expense": NaN,
        "Normalized Income": NaN,
        "Net Income From Continuing And Discontinued Operation": NaN,
        "Total Expenses": NaN,
        "Total Operating Income As Reported": NaN,
        "Diluted Average Shares": 67417000.0,
        "Basic Average Shares": 67213000.0,
        "Diluted EPS": 8.04,
        "Basic EPS": 8.06,
        "Diluted NI Availto Com Stockholders": NaN,
        "Net Income Common Stockholders": NaN,
        "Net Income": NaN,
        "Net Income Including Noncontrolling Interests": NaN,
        "Net Income Continuous Operations": NaN,
        "Tax Provision": NaN,
        "Pretax Income": NaN,
        "Other Income Expense": NaN,
        "Other Non Operating Income Expenses": NaN,
        "Special Income Charges": NaN,
        "Restructuring And Mergern Acquisition": NaN,
        "Net Non Operating Interest Income Expense": NaN,
        "Interest Expense Non Operating": NaN,
        "Operating Income": NaN,
        "Operating Expense": NaN,
        "Depreciation Amortization Depletion Income Statement": NaN,
        "Depreciation And Amortization In Income Statement": NaN,
        "Selling General And Administration": NaN,
        "Gross Profit": NaN,
        "Cost Of Revenue": NaN,
        "Total Revenue": NaN,
        "Operating Revenue": NaN
    },
    "2024-06-30": {
        "Tax Effect Of Unusual Items": -238000.0,
        "Tax Rate For Calcs": 0.238,
        "Normalized EBITDA": 1726000000.0,
        "Total Unusual Items": -1000000.0,
        "Total Unusual Items Excluding Goodwill": -1000000.0,
        "Net Income From Continuing Operation Net Minority Interest": 636000000.0,
        "Reconciled Depreciation": 717000000.0,
        "Reconciled Cost Of Revenue": 1647000000.0,
        "EBITDA": 1725000000.0,
        "EBIT": 1008000000.0,
        "Net Interest Income": -173000000.0,
        "Interest Expense": 173000000.0,
        "Normalized Income": 636762000.0,
        "Net Income From Continuing And Discontinued Operation": 636000000.0,
        "Total Expenses": 2768000000.0,
        "Total Operating Income As Reported": 1004000000.0,
        "Diluted Average Shares": 66712000.0,
        "Basic Average Shares": 66563000.0,
        "Diluted EPS": 9.54,
        "Basic EPS": 9.56,
        "Diluted NI Availto Com Stockholders": 636000000.0,
        "Net Income Common Stockholders": 636000000.0,
        "Net Income": 636000000.0,
        "Net Income Including Noncontrolling Interests": 636000000.0,
        "Net Income Continuous Operations": 636000000.0,
        "Tax Provision": 199000000.0,
        "Pretax Income": 835000000.0,
        "Other Income Expense": 3000000.0,
        "Other Non Operating Income Expenses": 4000000.0,
        "Special Income Charges": -1000000.0,
        "Restructuring And Mergern Acquisition": 1000000.0,
        "Net Non Operating Interest Income Expense": -173000000.0,
        "Interest Expense Non Operating": 173000000.0,
        "Operating Income": 1005000000.0,
        "Operating Expense": 513000000.0,
        "Depreciation Amortization Depletion Income Statement": 109000000.0,
        "Depreciation And Amortization In Income Statement": 109000000.0,
        "Selling General And Administration": 404000000.0,
        "Gross Profit": 1518000000.0,
        "Cost Of Revenue": 2255000000.0,
        "Total Revenue": 3773000000.0,
        "Operating Revenue": 3773000000.0
    },
    "2024-09-30": {
        "Tax Effect Of Unusual Items": -254000.0,
        "Tax Rate For Calcs": 0.254,
        "Normalized EBITDA": 1866000000.0,
        "Total Unusual Items": -1000000.0,
        "Total Unusual Items Excluding Goodwill": -1000000.0,
        "Net Income From Continuing Operation Net Minority Interest": 708000000.0,
        "Reconciled Depreciation": 738000000.0,
        "Reconciled Cost Of Revenue": 1715000000.0,
        "EBITDA": 1865000000.0,
        "EBIT": 1127000000.0,
        "Net Interest Income": -178000000.0,
        "Interest Expense": 178000000.0,
        "Normalized Income": 708746000.0,
        "Net Income From Continuing And Discontinued Operation": 708000000.0,
        "Total Expenses": 2869000000.0,
        "Total Operating Income As Reported": 1122000000.0,
        "Diluted Average Shares": 66185000.0,
        "Basic Average Shares": 66000000.0,
        "Diluted EPS": 10.7,
        "Basic EPS": 10.727273,
        "Diluted NI Availto Com Stockholders": 708000000.0,
        "Net Income Common Stockholders": 708000000.0,
        "Net Income": 708000000.0,
        "Net Income Including Noncontrolling Interests": 708000000.0,
        "Net Income Continuous Operations": 708000000.0,
        "Tax Provision": 241000000.0,
        "Pretax Income": 949000000.0,
        "Other Income Expense": 4000000.0,
        "Other Non Operating Income Expenses": 5000000.0,
        "Special Income Charges": -1000000.0,
        "Restructuring And Mergern Acquisition": 1000000.0,
        "Net Non Operating Interest Income Expense": -178000000.0,
        "Interest Expense Non Operating": 178000000.0,
        "Operating Income": 1123000000.0,
        "Operating Expense": 525000000.0,
        "Depreciation Amortization Depletion Income Statement": 109000000.0,
        "Depreciation And Amortization In Income Statement": 109000000.0,
        "Selling General And Administration": 416000000.0,
        "Gross Profit": 1648000000.0,
        "Cost Of Revenue": 2344000000.0,
        "Total Revenue": 3992000000.0,
        "Operating Revenue": 3992000000.0
    },
    "2024-12-31": {
        "Tax Effect Of Unusual Items": 0.0,
        "Tax Rate For Calcs": 0.242024,
        "Normalized EBITDA": 1851000000.0,
        "Total Unusual Items": 0.0,
        "Total Unusual Items Excluding Goodwill": 0.0,
        "Net Income From Continuing Operation Net Minority Interest": 689000000.0,
        "Reconciled Depreciation": 762000000.0,
        "Reconciled Cost Of Revenue": 1810000000.0,
        "EBITDA": 1851000000.0,
        "EBIT": 1089000000.0,
        "Net Interest Income": -180000000.0,
        "Interest Expense": 180000000.0,
        "Normalized Income": 689000000.0,
        "Net Income From Continuing And Discontinued Operation": 689000000.0,
        "Total Expenses": 3008000000.0,
        "Total Operating Income As Reported": 1087000000.0,
        "Diluted Average Shares": NaN,
        "Basic Average Shares": NaN,
        "Diluted EPS": NaN,
        "Basic EPS": NaN,
        "Diluted NI Availto Com Stockholders": 689000000.0,
        "Net Income Common Stockholders": 689000000.0,
        "Net Income": 689000000.0,
        "Net Income Including Noncontrolling Interests": 689000000.0,
        "Net Income Continuous Operations": 689000000.0,
        "Tax Provision": 220000000.0,
        "Pretax Income": 909000000.0,
        "Other Income Expense": 2000000.0,
        "Other Non Operating Income Expenses": 2000000.0,
        "Special Income Charges": 0.0,
        "Restructuring And Mergern Acquisition": 0.0,
        "Net Non Operating Interest Income Expense": -180000000.0,
        "Interest Expense Non Operating": 180000000.0,
        "Operating Income": 1087000000.0,
        "Operating Expense": 551000000.0,
        "Depreciation Amortization Depletion Income Statement": 115000000.0,
        "Depreciation And Amortization In Income Statement": 115000000.0,
        "Selling General And Administration": 436000000.0,
        "Gross Profit": 1638000000.0,
        "Cost Of Revenue": 2457000000.0,
        "Total Revenue": 4095000000.0,
        "Operating Revenue": 4095000000.0
    },
    "2025-03-31": {
        "Tax Effect Of Unusual Items": -247000.0,
        "Tax Rate For Calcs": 0.247,
        "Normalized EBITDA": 1624000000.0,
        "Total Unusual Items": -1000000.0,
        "Total Unusual Items Excluding Goodwill": -1000000.0,
        "Net Income From Continuing Operation Net Minority Interest": 518000000.0,
        "Reconciled Depreciation": 751000000.0,
        "Reconciled Cost Of Revenue": 1726000000.0,
        "EBITDA": 1623000000.0,
        "EBIT": 872000000.0,
        "Net Interest Income": -184000000.0,
        "Interest Expense": 184000000.0,
        "Normalized Income": 518753000.0,
        "Net Income From Continuing And Discontinued Operation": 518000000.0,
        "Total Expenses": 2914000000.0,
        "Total Operating Income As Reported": 804000000.0,
        "Diluted Average Shares": 65435000.0,
        "Basic Average Shares": 65335000.0,
        "Diluted EPS": 7.91,
        "Basic EPS": 7.92,
        "Diluted NI Availto Com Stockholders": 518000000.0,
        "Net Income Common Stockholders": 518000000.0,
        "Net Income": 518000000.0,
        "Net Income Including Noncontrolling Interests": 518000000.0,
        "Net Income Continuous Operations": 518000000.0,
        "Tax Provision": 170000000.0,
        "Pretax Income": 688000000.0,
        "Other Income Expense": 67000000.0,
        "Other Non Operating Income Expenses": 68000000.0,
        "Special Income Charges": -1000000.0,
        "Restructuring And Mergern Acquisition": 1000000.0,
        "Net Non Operating Interest Income Expense": -184000000.0,
        "Interest Expense Non Operating": 184000000.0,
        "Operating Income": 805000000.0,
        "Operating Expense": 551000000.0,
        "Depreciation Amortization Depletion Income Statement": 114000000.0,
        "Depreciation And Amortization In Income Statement": 114000000.0,
        "Selling General And Administration": 437000000.0,
        "Gross Profit": 1356000000.0,
        "Cost Of Revenue": 2363000000.0,
        "Total Revenue": 3719000000.0,
        "Operating Revenue": 3719000000.0
    },
    "2025-06-30": {
        "Tax Effect Of Unusual Items": 0.0,
        "Tax Rate For Calcs": 0.259,
        "Normalized EBITDA": 1769000000.0,
        "Total Unusual Items": 0.0,
        "Total Unusual Items Excluding Goodwill": 0.0,
        "Net Income From Continuing Operation Net Minority Interest": 622000000.0,
        "Reconciled Depreciation": 759000000.0,
        "Reconciled Cost Of Revenue": 1759000000.0,
        "EBITDA": 1769000000.0,
        "EBIT": 1010000000.0,
        "Net Interest Income": -171000000.0,
        "Interest Expense": 171000000.0,
        "Normalized Income": 622000000.0,
        "Net Income From Continuing And Discontinued Operation": 622000000.0,
        "Total Expenses": 2940000000.0,
        "Total Operating Income As Reported": 1003000000.0,
        "Diluted Average Shares": 64947000.0,
        "Basic Average Shares": 64900000.0,
        "Diluted EPS": 9.583975,
        "Basic EPS": 9.583975,
        "Diluted NI Availto Com Stockholders": 622000000.0,
        "Net Income Common Stockholders": 622000000.0,
        "Net Income": 622000000.0,
        "Net Income Including Noncontrolling Interests": 622000000.0,
        "Net Income Continuous Operations": 622000000.0,
        "Tax Provision": 217000000.0,
        "Pretax Income": 839000000.0,
        "Other Income Expense": 7000000.0,
        "Other Non Operating Income Expenses": 7000000.0,
        "Special Income Charges": 0.0,
        "Restructuring And Mergern Acquisition": 0.0,
        "Net Non Operating Interest Income Expense": -171000000.0,
        "Interest Expense Non Operating": 171000000.0,
        "Operating Income": 1003000000.0,
        "Operating Expense": 530000000.0,
        "Depreciation Amortization Depletion Income Statement": 108000000.0,
        "Depreciation And Amortization In Income Statement": 108000000.0,
        "Selling General And Administration": 422000000.0,
        "Gross Profit": 1533000000.0,
        "Cost Of Revenue": 2410000000.0,
        "Total Revenue": 3943000000.0,
        "Operating Revenue": 3943000000.0
    }
}