{
    "2023-04-30": {
        "Tax Effect Of Unusual Items": NaN,
        "Tax Rate For Calcs": NaN,
        "Normalized EBITDA": NaN,
        "Total Unusual Items": NaN,
        "Total Unusual Items Excluding Goodwill": NaN,
        "Net Income From Continuing Operation Net Minority Interest": NaN,
        "Reconciled Depreciation": NaN,
        "Reconciled Cost Of Revenue": NaN,
        "EBITDA": NaN,
        "EBIT": NaN,
        "Net Interest Income": NaN,
        "Interest Expense": NaN,
        "Interest Income": NaN,
        "Normalized Income": NaN,
        "Net Income From Continuing And Discontinued Operation": NaN,
        "Total Expenses": NaN,
        "Total Operating Income As Reported": NaN,
        "Diluted Average Shares": NaN,
        "Basic Average Shares": NaN,
        "Diluted EPS": NaN,
        "Basic EPS": NaN,
        "Diluted NI Availto Com Stockholders": NaN,
        "Net Income Common Stockholders": NaN,
        "Net Income": NaN,
        "Net Income Including Noncontrolling Interests": NaN,
        "Net Income Continuous Operations": NaN,
        "Tax Provision": NaN,
        "Pretax Income": NaN,
        "Other Income Expense": NaN,
        "Other Non Operating Income Expenses": 0.0,
        "Special Income Charges": 0.0,
        "Write Off": 0.0,
        "Gain On Sale Of Security": NaN,
        "Net Non Operating Interest Income Expense": NaN,
        "Total Other Finance Cost": NaN,
        "Interest Expense Non Operating": NaN,
        "Interest Income Non Operating": NaN,
        "Operating Income": NaN,
        "Operating Expense": NaN,
        "Other Operating Expenses": NaN,
        "Depreciation Amortization Depletion Income Statement": 6000.0,
        "Depreciation And Amortization In Income Statement": 6000.0,
        "Depreciation Income Statement": 6000.0,
        "Selling General And Administration": NaN,
        "General And Administrative Expense": NaN,
        "Other Gand A": NaN,
        "Insurance And Claims": 138000.0,
        "Salaries And Wages": NaN,
        "Gross Profit": NaN,
        "Cost Of Revenue": NaN,
        "Total Revenue": NaN,
        "Operating Revenue": NaN
    },
    "2023-01-31": {
        "Tax Effect Of Unusual Items": NaN,
        "Tax Rate For Calcs": NaN,
        "Normalized EBITDA": NaN,
        "Total Unusual Items": NaN,
        "Total Unusual Items Excluding Goodwill": NaN,
        "Net Income From Continuing Operation Net Minority Interest": NaN,
        "Reconciled Depreciation": NaN,
        "Reconciled Cost Of Revenue": 0.0,
        "EBITDA": NaN,
        "EBIT": NaN,
        "Net Interest Income": NaN,
        "Interest Expense": NaN,
        "Interest Income": NaN,
        "Normalized Income": NaN,
        "Net Income From Continuing And Discontinued Operation": NaN,
        "Total Expenses": NaN,
        "Total Operating Income As Reported": NaN,
        "Diluted Average Shares": 99126202.0,
        "Basic Average Shares": 99126202.0,
        "Diluted EPS": -0.02,
        "Basic EPS": -0.02,
        "Diluted NI Availto Com Stockholders": NaN,
        "Net Income Common Stockholders": NaN,
        "Net Income": NaN,
        "Net Income Including Noncontrolling Interests": NaN,
        "Net Income Continuous Operations": NaN,
        "Tax Provision": NaN,
        "Pretax Income": NaN,
        "Other Income Expense": NaN,
        "Other Non Operating Income Expenses": 146000.0,
        "Special Income Charges": 0.0,
        "Write Off": 0.0,
        "Gain On Sale Of Security": NaN,
        "Net Non Operating Interest Income Expense": NaN,
        "Interest Expense Non Operating": NaN,
        "Interest Income Non Operating": NaN,
        "Operating Income": NaN,
        "Operating Expense": NaN,
        "Other Operating Expenses": NaN,
        "Depreciation Amortization Depletion Income Statement": 6000.0,
        "Depreciation And Amortization In Income Statement": 6000.0,
        "Depreciation Income Statement": 6000.0,
        "Selling General And Administration": NaN,
        "Selling And Marketing Expense": 141000.0,
        "General And Administrative Expense": NaN,
        "Other Gand A": NaN,
        "Insurance And Claims": 131000.0,
        "Salaries And Wages": NaN,
        "Gross Profit": 0.0,
        "Cost Of Revenue": 0.0,
        "Total Revenue": NaN,
        "Operating Revenue": NaN
    },
    "2022-10-31": {
        "Tax Effect Of Unusual Items": NaN,
        "Tax Rate For Calcs": NaN,
        "Normalized EBITDA": NaN,
        "Total Unusual Items": NaN,
        "Total Unusual Items Excluding Goodwill": NaN,
        "Net Income From Continuing Operation Net Minority Interest": NaN,
        "Reconciled Depreciation": NaN,
        "Reconciled Cost Of Revenue": 0.0,
        "EBITDA": NaN,
        "EBIT": NaN,
        "Net Interest Income": NaN,
        "Interest Expense": NaN,
        "Interest Income": NaN,
        "Normalized Income": NaN,
        "Net Income From Continuing And Discontinued Operation": NaN,
        "Total Expenses": NaN,
        "Total Operating Income As Reported": NaN,
        "Diluted Average Shares": 97200448.0,
        "Basic Average Shares": 97200448.0,
        "Diluted EPS": -0.02,
        "Basic EPS": -0.02,
        "Diluted NI Availto Com Stockholders": NaN,
        "Net Income Common Stockholders": NaN,
        "Net Income": NaN,
        "Net Income Including Noncontrolling Interests": NaN,
        "Net Income Continuous Operations": NaN,
        "Tax Provision": NaN,
        "Pretax Income": NaN,
        "Other Income Expense": NaN,
        "Other Non Operating Income Expenses": NaN,
        "Special Income Charges": NaN,
        "Write Off": NaN,
        "Gain On Sale Of Security": NaN,
        "Net Non Operating Interest Income Expense": NaN,
        "Interest Expense Non Operating": NaN,
        "Interest Income Non Operating": NaN,
        "Operating Income": NaN,
        "Operating Expense": NaN,
        "Other Operating Expenses": NaN,
        "Depreciation Amortization Depletion Income Statement": 6000.0,
        "Depreciation And Amortization In Income Statement": 6000.0,
        "Depreciation Income Statement": 6000.0,
        "Selling General And Administration": NaN,
        "Selling And Marketing Expense": 164000.0,
        "General And Administrative Expense": NaN,
        "Other Gand A": NaN,
        "Insurance And Claims": 123000.0,
        "Salaries And Wages": NaN,
        "Gross Profit": 0.0,
        "Cost Of Revenue": 0.0,
        "Total Revenue": NaN,
        "Operating Revenue": NaN
    },
    "2022-07-31": {
        "Tax Effect Of Unusual Items": 28000.0,
        "Tax Rate For Calcs": 0.4,
        "Normalized EBITDA": -1427000.0,
        "Total Unusual Items": 70000.0,
        "Total Unusual Items Excluding Goodwill": 70000.0,
        "Net Income From Continuing Operation Net Minority Interest": -2449000.0,
        "Reconciled Depreciation": 6000.0,
        "EBITDA": -1357000.0,
        "EBIT": -1363000.0,
        "Net Interest Income": -390000.0,
        "Interest Expense": 391000.0,
        "Interest Income": 1000.0,
        "Normalized Income": -2491000.0,
        "Net Income From Continuing And Discontinued Operation": -2449000.0,
        "Total Expenses": 1434000.0,
        "Total Operating Income As Reported": -1434000.0,
        "Diluted Average Shares": 96066538.0,
        "Basic Average Shares": 96066538.0,
        "Diluted EPS": -0.03,
        "Basic EPS": -0.03,
        "Diluted NI Availto Com Stockholders": -2449000.0,
        "Net Income Common Stockholders": -2449000.0,
        "Net Income": -2449000.0,
        "Net Income Including Noncontrolling Interests": -2449000.0,
        "Net Income Continuous Operations": -2449000.0,
        "Tax Provision": 695000.0,
        "Pretax Income": -1754000.0,
        "Other Income Expense": 70000.0,
        "Other Non Operating Income Expenses": NaN,
        "Special Income Charges": NaN,
        "Write Off": NaN,
        "Gain On Sale Of Security": 70000.0,
        "Net Non Operating Interest Income Expense": -390000.0,
        "Interest Expense Non Operating": 391000.0,
        "Interest Income Non Operating": 1000.0,
        "Operating Income": -1434000.0,
        "Operating Expense": 1434000.0,
        "Other Operating Expenses": 173000.0,
        "Depreciation Amortization Depletion Income Statement": 6000.0,
        "Depreciation And Amortization In Income Statement": 6000.0,
        "Depreciation Income Statement": 6000.0,
        "Selling General And Administration": 1428000.0,
        "Selling And Marketing Expense": 119000.0,
        "General And Administrative Expense": 1309000.0,
        "Other Gand A": 650000.0,
        "Insurance And Claims": 119000.0,
        "Salaries And Wages": 540000.0,
        "Total Revenue": 0.0,
        "Operating Revenue": 0.0
    },
    "2022-04-30": {
        "Diluted EPS": -0.01,
        "Total Revenue": NaN,
        "Gross Profit": NaN,
        "Operating Income": -1,
        "EBIT": -1,
        "Net Income": 0
    },
    "2022-01-31": {
        "Diluted EPS": -0.02,
        "Total Revenue": NaN,
        "Gross Profit": NaN,
        "Operating Income": -1,
        "EBIT": -1,
        "Net Income": -2
    },
    "2021-10-31": {
        "Diluted EPS": -0.01,
        "Total Revenue": NaN,
        "Gross Profit": NaN,
        "Operating Income": -1,
        "EBIT": -1,
        "Net Income": 0
    },
    "2021-07-31": {
        "Diluted EPS": -0.01,
        "Total Revenue": NaN,
        "Gross Profit": NaN,
        "Operating Income": -1,
        "EBIT": -1,
        "Net Income": -1
    },
    "2021-04-30": {
        "Diluted EPS": 0.0,
        "Total Revenue": NaN,
        "Gross Profit": NaN,
        "Operating Income": -1,
        "EBIT": -1,
        "Net Income": 0
    },
    "2021-01-31": {
        "Diluted EPS": 0.0,
        "Total Revenue": NaN,
        "Gross Profit": NaN,
        "Operating Income": 0,
        "EBIT": 0,
        "Net Income": 0
    },
    "2020-10-31": {
        "Diluted EPS": -0.01,
        "Total Revenue": NaN,
        "Gross Profit": NaN,
        "Operating Income": 0,
        "EBIT": 0,
        "Net Income": 0
    },
    "2020-07-31": {
        "Diluted EPS": -0.01,
        "Total Revenue": NaN,
        "Gross Profit": NaN,
        "Operating Income": 0,
        "EBIT": 0,
        "Net Income": 0
    },
    "2020-04-30": {
        "Diluted EPS": 0.0,
        "Total Revenue": NaN,
        "Gross Profit": NaN,
        "Operating Income": NaN,
        "EBIT": NaN,
        "Net Income": 0
    },
    "2020-01-31": {
        "Diluted EPS": -0.01,
        "Total Revenue": NaN,
        "Gross Profit": NaN,
        "Operating Income": NaN,
        "EBIT": NaN,
        "Net Income": -1
    },
    "2023-07-31": {
        "Tax Effect Of Unusual Items": NaN,
        "Tax Rate For Calcs": NaN,
        "Normalized EBITDA": NaN,
        "Total Unusual Items": NaN,
        "Total Unusual Items Excluding Goodwill": NaN,
        "Net Income From Continuing Operation Net Minority Interest": NaN,
        "Reconciled Depreciation": NaN,
        "Reconciled Cost Of Revenue": NaN,
        "EBITDA": NaN,
        "EBIT": NaN,
        "Net Interest Income": NaN,
        "Interest Expense": NaN,
        "Interest Income": NaN,
        "Normalized Income": NaN,
        "Net Income From Continuing And Discontinued Operation": NaN,
        "Total Expenses": NaN,
        "Total Operating Income As Reported": NaN,
        "Diluted Average Shares": NaN,
        "Basic Average Shares": NaN,
        "Diluted EPS": NaN,
        "Basic EPS": NaN,
        "Diluted NI Availto Com Stockholders": NaN,
        "Net Income Common Stockholders": NaN,
        "Net Income": NaN,
        "Net Income Including Noncontrolling Interests": NaN,
        "Net Income Continuous Operations": NaN,
        "Tax Provision": NaN,
        "Pretax Income": NaN,
        "Other Income Expense": NaN,
        "Other Non Operating Income Expenses": 10000.0,
        "Gain On Sale Of Security": NaN,
        "Net Non Operating Interest Income Expense": NaN,
        "Total Other Finance Cost": NaN,
        "Interest Expense Non Operating": NaN,
        "Interest Income Non Operating": NaN,
        "Operating Income": NaN,
        "Operating Expense": NaN,
        "Other Operating Expenses": NaN,
        "Selling General And Administration": NaN,
        "General And Administrative Expense": NaN,
        "Other Gand A": NaN,
        "Salaries And Wages": NaN,
        "Gross Profit": NaN,
        "Cost Of Revenue": NaN,
        "Total Revenue": NaN,
        "Operating Revenue": NaN
    },
    "2023-10-31": {
        "Tax Effect Of Unusual Items": NaN,
        "Tax Rate For Calcs": NaN,
        "Normalized EBITDA": NaN,
        "Total Unusual Items": NaN,
        "Total Unusual Items Excluding Goodwill": NaN,
        "Net Income From Continuing Operation Net Minority Interest": NaN,
        "Reconciled Depreciation": NaN,
        "Reconciled Cost Of Revenue": NaN,
        "EBITDA": NaN,
        "EBIT": NaN,
        "Net Interest Income": NaN,
        "Interest Expense": NaN,
        "Interest Income": NaN,
        "Normalized Income": NaN,
        "Net Income From Continuing And Discontinued Operation": NaN,
        "Total Expenses": NaN,
        "Total Operating Income As Reported": NaN,
        "Diluted Average Shares": 109864784.0,
        "Basic Average Shares": 102699912.0,
        "Diluted EPS": 0.03,
        "Basic EPS": 0.03,
        "Diluted NI Availto Com Stockholders": NaN,
        "Net Income Common Stockholders": NaN,
        "Net Income": NaN,
        "Net Income Including Noncontrolling Interests": NaN,
        "Net Income Continuous Operations": NaN,
        "Tax Provision": NaN,
        "Pretax Income": NaN,
        "Other Income Expense": NaN,
        "Other Non Operating Income Expenses": NaN,
        "Gain On Sale Of Security": NaN,
        "Net Non Operating Interest Income Expense": NaN,
        "Total Other Finance Cost": NaN,
        "Interest Expense Non Operating": NaN,
        "Interest Income Non Operating": NaN,
        "Operating Income": NaN,
        "Operating Expense": NaN,
        "Other Operating Expenses": NaN,
        "Selling General And Administration": NaN,
        "General And Administrative Expense": NaN,
        "Other Gand A": NaN,
        "Salaries And Wages": NaN,
        "Gross Profit": NaN,
        "Cost Of Revenue": NaN,
        "Total Revenue": NaN,
        "Operating Revenue": NaN
    },
    "2024-01-31": {
        "Tax Effect Of Unusual Items": NaN,
        "Tax Rate For Calcs": NaN,
        "Normalized EBITDA": NaN,
        "Total Unusual Items": NaN,
        "Total Unusual Items Excluding Goodwill": NaN,
        "Net Income From Continuing Operation Net Minority Interest": NaN,
        "Reconciled Depreciation": NaN,
        "Reconciled Cost Of Revenue": 9453000.0,
        "EBITDA": NaN,
        "EBIT": NaN,
        "Net Interest Income": NaN,
        "Interest Expense": NaN,
        "Interest Income": NaN,
        "Normalized Income": NaN,
        "Net Income From Continuing And Discontinued Operation": NaN,
        "Total Expenses": NaN,
        "Total Operating Income As Reported": NaN,
        "Diluted Average Shares": 120575341.0,
        "Basic Average Shares": 112544430.0,
        "Diluted EPS": 0.03,
        "Basic EPS": 0.03,
        "Diluted NI Availto Com Stockholders": NaN,
        "Net Income Common Stockholders": NaN,
        "Net Income": NaN,
        "Net Income Including Noncontrolling Interests": NaN,
        "Net Income Continuous Operations": NaN,
        "Tax Provision": NaN,
        "Pretax Income": NaN,
        "Other Income Expense": NaN,
        "Other Non Operating Income Expenses": 188000.0,
        "Gain On Sale Of Security": NaN,
        "Net Non Operating Interest Income Expense": NaN,
        "Total Other Finance Cost": NaN,
        "Interest Expense Non Operating": NaN,
        "Interest Income Non Operating": NaN,
        "Operating Income": NaN,
        "Operating Expense": NaN,
        "Other Operating Expenses": NaN,
        "Selling General And Administration": NaN,
        "General And Administrative Expense": NaN,
        "Other Gand A": NaN,
        "Salaries And Wages": NaN,
        "Gross Profit": 5707000.0,
        "Cost Of Revenue": 9453000.0,
        "Total Revenue": NaN,
        "Operating Revenue": NaN
    },
    "2024-04-30": {
        "Tax Effect Of Unusual Items": 70350.0,
        "Tax Rate For Calcs": 0.15,
        "Normalized EBITDA": 3221000.0,
        "Total Unusual Items": 469000.0,
        "Total Unusual Items Excluding Goodwill": 469000.0,
        "Net Income From Continuing Operation Net Minority Interest": 5573000.0,
        "Reconciled Depreciation": 10000.0,
        "Reconciled Cost Of Revenue": 7443000.0,
        "EBITDA": 3690000.0,
        "EBIT": 3680000.0,
        "Net Interest Income": 217000.0,
        "Interest Expense": 3000.0,
        "Interest Income": 220000.0,
        "Normalized Income": 5174350.0,
        "Net Income From Continuing And Discontinued Operation": 5573000.0,
        "Total Expenses": 9237000.0,
        "Total Operating Income As Reported": 2991000.0,
        "Diluted Average Shares": NaN,
        "Basic Average Shares": NaN,
        "Diluted EPS": NaN,
        "Basic EPS": NaN,
        "Diluted NI Availto Com Stockholders": 5573000.0,
        "Net Income Common Stockholders": 5573000.0,
        "Net Income": 5573000.0,
        "Net Income Including Noncontrolling Interests": 5573000.0,
        "Net Income Continuous Operations": 5573000.0,
        "Tax Provision": -1896000.0,
        "Pretax Income": 3677000.0,
        "Other Income Expense": 469000.0,
        "Other Non Operating Income Expenses": 0.0,
        "Gain On Sale Of Security": 469000.0,
        "Net Non Operating Interest Income Expense": 217000.0,
        "Total Other Finance Cost": NaN,
        "Interest Expense Non Operating": 3000.0,
        "Interest Income Non Operating": 220000.0,
        "Operating Income": 2991000.0,
        "Operating Expense": 1794000.0,
        "Other Operating Expenses": 100000.0,
        "Selling General And Administration": 1694000.0,
        "General And Administrative Expense": 1694000.0,
        "Other Gand A": 1285000.0,
        "Salaries And Wages": 409000.0,
        "Gross Profit": 4785000.0,
        "Cost Of Revenue": 7443000.0,
        "Total Revenue": 12228000.0,
        "Operating Revenue": 12228000.0
    },
    "2024-07-31": {
        "Tax Effect Of Unusual Items": -10500.0,
        "Tax Rate For Calcs": 0.15,
        "Normalized EBITDA": -1947000.0,
        "Total Unusual Items": -70000.0,
        "Total Unusual Items Excluding Goodwill": -70000.0,
        "Net Income From Continuing Operation Net Minority Interest": -2158000.0,
        "Reconciled Depreciation": 14000.0,
        "Reconciled Cost Of Revenue": NaN,
        "EBITDA": -2017000.0,
        "EBIT": -2031000.0,
        "Net Interest Income": 234000.0,
        "Interest Expense": 5000.0,
        "Interest Income": 239000.0,
        "Normalized Income": -2098500.0,
        "Net Income From Continuing And Discontinued Operation": -2158000.0,
        "Total Expenses": 2200000.0,
        "Total Operating Income As Reported": -2200000.0,
        "Diluted Average Shares": 120817067.0,
        "Basic Average Shares": 120817067.0,
        "Diluted EPS": -0.02,
        "Basic EPS": -0.02,
        "Diluted NI Availto Com Stockholders": -2158000.0,
        "Net Income Common Stockholders": -2158000.0,
        "Net Income": -2158000.0,
        "Net Income Including Noncontrolling Interests": -2158000.0,
        "Net Income Continuous Operations": -2158000.0,
        "Tax Provision": 122000.0,
        "Pretax Income": -2036000.0,
        "Other Income Expense": -70000.0,
        "Other Non Operating Income Expenses": NaN,
        "Gain On Sale Of Security": -70000.0,
        "Net Non Operating Interest Income Expense": 234000.0,
        "Total Other Finance Cost": NaN,
        "Interest Expense Non Operating": 5000.0,
        "Interest Income Non Operating": 239000.0,
        "Operating Income": -2200000.0,
        "Operating Expense": 2200000.0,
        "Other Operating Expenses": 126000.0,
        "Selling General And Administration": 2074000.0,
        "General And Administrative Expense": 2074000.0,
        "Other Gand A": 1709000.0,
        "Salaries And Wages": 365000.0,
        "Gross Profit": NaN,
        "Cost Of Revenue": NaN,
        "Total Revenue": 0.0,
        "Operating Revenue": 0.0
    },
    "2024-10-31": {
        "Tax Effect Of Unusual Items": -49650.0,
        "Tax Rate For Calcs": 0.15,
        "Normalized EBITDA": -17000.0,
        "Total Unusual Items": -331000.0,
        "Total Unusual Items Excluding Goodwill": -331000.0,
        "Net Income From Continuing Operation Net Minority Interest": -428000.0,
        "Reconciled Depreciation": 44000.0,
        "Reconciled Cost Of Revenue": 8028000.0,
        "EBITDA": -348000.0,
        "EBIT": -392000.0,
        "Net Interest Income": -187000.0,
        "Interest Expense": 4000.0,
        "Interest Income": 129000.0,
        "Normalized Income": -146650.0,
        "Net Income From Continuing And Discontinued Operation": -428000.0,
        "Total Expenses": 10781000.0,
        "Total Operating Income As Reported": 122000.0,
        "Diluted Average Shares": 121970820.0,
        "Basic Average Shares": 121970820.0,
        "Diluted EPS": 0.0,
        "Basic EPS": 0.0,
        "Diluted NI Availto Com Stockholders": -428000.0,
        "Net Income Common Stockholders": -428000.0,
        "Net Income": -428000.0,
        "Net Income Including Noncontrolling Interests": -428000.0,
        "Net Income Continuous Operations": -428000.0,
        "Tax Provision": 32000.0,
        "Pretax Income": -396000.0,
        "Other Income Expense": -331000.0,
        "Other Non Operating Income Expenses": NaN,
        "Gain On Sale Of Security": -331000.0,
        "Net Non Operating Interest Income Expense": -187000.0,
        "Total Other Finance Cost": 312000.0,
        "Interest Expense Non Operating": 4000.0,
        "Interest Income Non Operating": 129000.0,
        "Operating Income": 122000.0,
        "Operating Expense": 2753000.0,
        "Other Operating Expenses": 223000.0,
        "Selling General And Administration": 2530000.0,
        "General And Administrative Expense": 2530000.0,
        "Other Gand A": 1940000.0,
        "Salaries And Wages": 590000.0,
        "Gross Profit": 2875000.0,
        "Cost Of Revenue": 8028000.0,
        "Total Revenue": 10903000.0,
        "Operating Revenue": 10903000.0
    },
    "2025-01-31": {
        "Tax Effect Of Unusual Items": -42150.0,
        "Tax Rate For Calcs": 0.15,
        "Normalized EBITDA": -1482000.0,
        "Total Unusual Items": -281000.0,
        "Total Unusual Items Excluding Goodwill": -281000.0,
        "Net Income From Continuing Operation Net Minority Interest": -1911000.0,
        "Reconciled Depreciation": 17000.0,
        "Reconciled Cost Of Revenue": 4000.0,
        "EBITDA": -1763000.0,
        "EBIT": -1780000.0,
        "Net Interest Income": 20000.0,
        "Interest Expense": 5000.0,
        "Interest Income": 131000.0,
        "Normalized Income": -1672150.0,
        "Net Income From Continuing And Discontinued Operation": -1911000.0,
        "Total Expenses": 1752000.0,
        "Total Operating Income As Reported": -1748000.0,
        "Diluted Average Shares": 130991063.0,
        "Basic Average Shares": 130991063.0,
        "Diluted EPS": -0.01,
        "Basic EPS": -0.01,
        "Diluted NI Availto Com Stockholders": -1911000.0,
        "Net Income Common Stockholders": -1911000.0,
        "Net Income": -1911000.0,
        "Net Income Including Noncontrolling Interests": -1911000.0,
        "Net Income Continuous Operations": -1911000.0,
        "Tax Provision": 126000.0,
        "Pretax Income": -1785000.0,
        "Other Income Expense": -57000.0,
        "Other Non Operating Income Expenses": 224000.0,
        "Gain On Sale Of Security": -281000.0,
        "Net Non Operating Interest Income Expense": 20000.0,
        "Total Other Finance Cost": 106000.0,
        "Interest Expense Non Operating": 5000.0,
        "Interest Income Non Operating": 131000.0,
        "Operating Income": -1748000.0,
        "Operating Expense": 1748000.0,
        "Other Operating Expenses": 75000.0,
        "Selling General And Administration": 1673000.0,
        "General And Administrative Expense": 1673000.0,
        "Other Gand A": 1172000.0,
        "Salaries And Wages": 501000.0,
        "Gross Profit": 0.0,
        "Cost Of Revenue": 4000.0,
        "Total Revenue": 4000.0,
        "Operating Revenue": 4000.0
    },
    "2025-04-30": {
        "Tax Effect Of Unusual Items": -27450.0,
        "Tax Rate For Calcs": 0.15,
        "Normalized EBITDA": -859000.0,
        "Total Unusual Items": -183000.0,
        "Total Unusual Items Excluding Goodwill": -183000.0,
        "Net Income From Continuing Operation Net Minority Interest": -1157000.0,
        "Reconciled Depreciation": 45000.0,
        "Reconciled Cost Of Revenue": 4026000.0,
        "EBITDA": -1042000.0,
        "EBIT": -1087000.0,
        "Net Interest Income": 72000.0,
        "Interest Expense": 4000.0,
        "Interest Income": 76000.0,
        "Normalized Income": -1001450.0,
        "Net Income From Continuing And Discontinued Operation": -1157000.0,
        "Total Expenses": 5668000.0,
        "Total Operating Income As Reported": -980000.0,
        "Diluted Average Shares": NaN,
        "Basic Average Shares": NaN,
        "Diluted EPS": NaN,
        "Basic EPS": NaN,
        "Diluted NI Availto Com Stockholders": -1157000.0,
        "Net Income Common Stockholders": -1157000.0,
        "Net Income": -1157000.0,
        "Net Income Including Noncontrolling Interests": -1157000.0,
        "Net Income Continuous Operations": -1157000.0,
        "Tax Provision": 66000.0,
        "Pretax Income": -1091000.0,
        "Other Income Expense": -183000.0,
        "Other Non Operating Income Expenses": 0.0,
        "Gain On Sale Of Security": -183000.0,
        "Net Non Operating Interest Income Expense": 72000.0,
        "Total Other Finance Cost": 0.0,
        "Interest Expense Non Operating": 4000.0,
        "Interest Income Non Operating": 76000.0,
        "Operating Income": -980000.0,
        "Operating Expense": 1642000.0,
        "Other Operating Expenses": 74000.0,
        "Selling General And Administration": 1568000.0,
        "General And Administrative Expense": 1568000.0,
        "Other Gand A": 1098000.0,
        "Salaries And Wages": 470000.0,
        "Gross Profit": 662000.0,
        "Cost Of Revenue": 4026000.0,
        "Total Revenue": 4688000.0,
        "Operating Revenue": 4688000.0
    }
}