{
    "2023-06-30": {
        "Tax Effect Of Unusual Items": -67580000.0,
        "Tax Rate For Calcs": 0.218,
        "Total Unusual Items": -310000000.0,
        "Total Unusual Items Excluding Goodwill": -310000000.0,
        "Net Income From Continuing Operation Net Minority Interest": 1361000000.0,
        "Reconciled Depreciation": 255000000.0,
        "Net Interest Income": 4415000000.0,
        "Interest Expense": 3111000000.0,
        "Interest Income": 7526000000.0,
        "Normalized Income": 1603420000.0,
        "Net Income From Continuing And Discontinued Operation": 1361000000.0,
        "Diluted Average Shares": 1533000000.0,
        "Basic Average Shares": 1533000000.0,
        "Diluted EPS": 0.84,
        "Basic EPS": 0.84,
        "Diluted NI Availto Com Stockholders": 1281000000.0,
        "Net Income Common Stockholders": 1281000000.0,
        "Otherunder Preferred Stock Dividend": 7000000.0,
        "Preferred Stock Dividends": 73000000.0,
        "Net Income": 1361000000.0,
        "Minority Interests": -8000000.0,
        "Net Income Including Noncontrolling Interests": 1369000000.0,
        "Net Income Continuous Operations": 1369000000.0,
        "Tax Provision": 382000000.0,
        "Pretax Income": 1751000000.0,
        "Special Income Charges": -310000000.0,
        "Restructuring And Mergern Acquisition": 310000000.0,
        "Gain On Sale Of Security": 3000000.0,
        "Depreciation Amortization Depletion Income Statement": 159000000.0,
        "Depreciation And Amortization In Income Statement": 159000000.0,
        "Amortization": 159000000.0,
        "Amortization Of Intangibles Income Statement": 159000000.0,
        "Selling General And Administration": 2768000000.0,
        "Selling And Marketing Expense": 122000000.0,
        "General And Administrative Expense": 2646000000.0,
        "Salaries And Wages": 2646000000.0,
        "Total Revenue": 7141000000.0,
        "Operating Revenue": 7141000000.0,
        "Occupancy And Equipment": 316000000.0,
        "Professional Expense And Contract Services Expense": 141000000.0,
        "Other Non Interest Expense": 875000000.0
    },
    "2023-03-31": {
        "Tax Effect Of Unusual Items": -51484000.0,
        "Tax Rate For Calcs": 0.211,
        "Total Unusual Items": -244000000.0,
        "Total Unusual Items Excluding Goodwill": -244000000.0,
        "Net Income From Continuing Operation Net Minority Interest": 1698000000.0,
        "Reconciled Depreciation": 257000000.0,
        "Net Interest Income": 4634000000.0,
        "Interest Expense": 2330000000.0,
        "Interest Income": 6964000000.0,
        "Normalized Income": 1890516000.0,
        "Net Income From Continuing And Discontinued Operation": 1698000000.0,
        "Diluted Average Shares": 1532000000.0,
        "Basic Average Shares": 1532000000.0,
        "Diluted EPS": 1.04,
        "Basic EPS": 1.04,
        "Diluted NI Availto Com Stockholders": 1592000000.0,
        "Net Income Common Stockholders": 1592000000.0,
        "Otherunder Preferred Stock Dividend": 8000000.0,
        "Preferred Stock Dividends": 98000000.0,
        "Net Income": 1698000000.0,
        "Minority Interests": -6000000.0,
        "Net Income Including Noncontrolling Interests": 1704000000.0,
        "Net Income Continuous Operations": 1704000000.0,
        "Tax Provision": 455000000.0,
        "Pretax Income": 2159000000.0,
        "Special Income Charges": -244000000.0,
        "Restructuring And Mergern Acquisition": 244000000.0,
        "Gain On Sale Of Security": -32000000.0,
        "Depreciation Amortization Depletion Income Statement": 160000000.0,
        "Depreciation And Amortization In Income Statement": 160000000.0,
        "Amortization": 160000000.0,
        "Amortization Of Intangibles Income Statement": 160000000.0,
        "Selling General And Administration": 2768000000.0,
        "Selling And Marketing Expense": 122000000.0,
        "General And Administrative Expense": 2646000000.0,
        "Salaries And Wages": 2646000000.0,
        "Total Revenue": 7141000000.0,
        "Operating Revenue": 7141000000.0,
        "Occupancy And Equipment": 321000000.0,
        "Professional Expense And Contract Services Expense": 134000000.0,
        "Other Non Interest Expense": 928000000.0
    },
    "2022-12-31": {
        "Tax Effect Of Unusual Items": -13978201.634877,
        "Tax Rate For Calcs": 0.155313,
        "Total Unusual Items": -90000000.0,
        "Total Unusual Items Excluding Goodwill": -90000000.0,
        "Net Income From Continuing Operation Net Minority Interest": 925000000.0,
        "Reconciled Depreciation": 175000000.0,
        "Net Interest Income": 4293000000.0,
        "Interest Expense": 1681000000.0,
        "Interest Income": 5974000000.0,
        "Normalized Income": 1001021798.365123,
        "Net Income From Continuing And Discontinued Operation": 925000000.0,
        "Diluted Average Shares": 1501000000.0,
        "Basic Average Shares": 1501000000.0,
        "Diluted EPS": 0.57,
        "Basic EPS": 0.57,
        "Diluted NI Availto Com Stockholders": 853000000.0,
        "Net Income Common Stockholders": 853000000.0,
        "Otherunder Preferred Stock Dividend": 4000000.0,
        "Preferred Stock Dividends": 68000000.0,
        "Net Income": 925000000.0,
        "Minority Interests": -5000000.0,
        "Net Income Including Noncontrolling Interests": 930000000.0,
        "Net Income Continuous Operations": 930000000.0,
        "Tax Provision": 171000000.0,
        "Pretax Income": 1101000000.0,
        "Special Income Charges": -90000000.0,
        "Restructuring And Mergern Acquisition": 90000000.0,
        "Gain On Sale Of Security": -18000000.0,
        "Depreciation Amortization Depletion Income Statement": 85000000.0,
        "Depreciation And Amortization In Income Statement": 85000000.0,
        "Amortization": 85000000.0,
        "Amortization Of Intangibles Income Statement": 85000000.0,
        "Selling General And Administration": 2546000000.0,
        "Selling And Marketing Expense": 144000000.0,
        "General And Administrative Expense": 2402000000.0,
        "Salaries And Wages": 2402000000.0,
        "Total Revenue": 6336000000.0,
        "Operating Revenue": 6336000000.0
    },
    "2022-09-30": {
        "Tax Effect Of Unusual Items": -8778000.0,
        "Tax Rate For Calcs": 0.209,
        "Total Unusual Items": -42000000.0,
        "Total Unusual Items Excluding Goodwill": -42000000.0,
        "Net Income From Continuing Operation Net Minority Interest": 1812000000.0,
        "Reconciled Depreciation": 43000000.0,
        "Net Interest Income": 3827000000.0,
        "Interest Expense": 901000000.0,
        "Interest Income": 4728000000.0,
        "Normalized Income": 1845222000.0,
        "Net Income From Continuing And Discontinued Operation": 1812000000.0,
        "Diluted Average Shares": 1486000000.0,
        "Basic Average Shares": 1486000000.0,
        "Diluted EPS": 1.16,
        "Basic EPS": 1.16,
        "Diluted NI Availto Com Stockholders": 1718000000.0,
        "Net Income Common Stockholders": 1718000000.0,
        "Otherunder Preferred Stock Dividend": 94000000.0,
        "Preferred Stock Dividends": 85000000.0,
        "Net Income": 1812000000.0,
        "Minority Interests": -4000000.0,
        "Net Income Including Noncontrolling Interests": 1816000000.0,
        "Net Income Continuous Operations": 1816000000.0,
        "Tax Provision": 481000000.0,
        "Pretax Income": 2297000000.0,
        "Special Income Charges": -42000000.0,
        "Restructuring And Mergern Acquisition": 42000000.0,
        "Gain On Sale Of Security": 1000000.0,
        "Depreciation Amortization Depletion Income Statement": 43000000.0,
        "Depreciation And Amortization In Income Statement": 43000000.0,
        "Amortization": 43000000.0,
        "Amortization Of Intangibles Income Statement": 43000000.0,
        "Selling General And Administration": 2386000000.0,
        "Selling And Marketing Expense": 126000000.0,
        "General And Administrative Expense": 2260000000.0,
        "Salaries And Wages": 2260000000.0,
        "Total Revenue": 6296000000.0,
        "Operating Revenue": 6296000000.0
    },
    "2022-06-30": {
        "Tax Effect Of Unusual Items": -41961000.0,
        "Tax Rate For Calcs": 0.213,
        "Total Unusual Items": -197000000.0,
        "Total Unusual Items Excluding Goodwill": -197000000.0,
        "Net Income From Continuing Operation Net Minority Interest": 1531000000.0,
        "Reconciled Depreciation": 40000000.0,
        "Net Interest Income": 3435000000.0,
        "Interest Expense": 390000000.0,
        "Interest Income": 3825000000.0,
        "Normalized Income": 1686039000.0,
        "Net Income From Continuing And Discontinued Operation": 1531000000.0,
        "Diluted Average Shares": 1487000000.0,
        "Basic Average Shares": 1486000000.0,
        "Diluted EPS": 0.99,
        "Basic EPS": 0.99,
        "Diluted NI Availto Com Stockholders": 1464000000.0,
        "Net Income Common Stockholders": 1464000000.0,
        "Otherunder Preferred Stock Dividend": 67000000.0,
        "Preferred Stock Dividends": 59000000.0,
        "Net Income": 1531000000.0,
        "Minority Interests": -3000000.0,
        "Net Income Including Noncontrolling Interests": 1534000000.0,
        "Net Income Continuous Operations": 1534000000.0,
        "Tax Provision": 414000000.0,
        "Pretax Income": 1948000000.0,
        "Special Income Charges": -197000000.0,
        "Restructuring And Mergern Acquisition": 197000000.0,
        "Gain On Sale Of Security": 19000000.0,
        "Depreciation Amortization Depletion Income Statement": 40000000.0,
        "Depreciation And Amortization In Income Statement": 40000000.0,
        "Amortization": 40000000.0,
        "Amortization Of Intangibles Income Statement": 40000000.0,
        "Selling General And Administration": 2352000000.0,
        "Selling And Marketing Expense": 106000000.0,
        "General And Administrative Expense": 2246000000.0,
        "Salaries And Wages": 2246000000.0,
        "Total Revenue": 5983000000.0,
        "Operating Revenue": 5983000000.0
    },
    "2022-03-31": {
        "Diluted EPS": 0.99,
        "Total Revenue": NaN,
        "Gross Profit": NaN,
        "Operating Income": NaN,
        "EBIT": NaN,
        "Net Income": NaN
    },
    "2021-12-31": {
        "Diluted EPS": 1.07,
        "Total Revenue": NaN,
        "Gross Profit": NaN,
        "Operating Income": NaN,
        "EBIT": NaN,
        "Net Income": NaN
    },
    "2021-09-30": {
        "Diluted EPS": 1.3,
        "Total Revenue": NaN,
        "Gross Profit": NaN,
        "Operating Income": NaN,
        "EBIT": NaN,
        "Net Income": NaN
    },
    "2021-06-30": {
        "Diluted EPS": 1.28,
        "Total Revenue": NaN,
        "Gross Profit": NaN,
        "Operating Income": NaN,
        "EBIT": NaN,
        "Net Income": NaN
    },
    "2021-03-31": {
        "Diluted EPS": 1.45,
        "Total Revenue": NaN,
        "Gross Profit": NaN,
        "Operating Income": NaN,
        "EBIT": NaN,
        "Net Income": NaN
    },
    "2020-12-31": {
        "Diluted EPS": 0.94,
        "Total Revenue": NaN,
        "Gross Profit": NaN,
        "Operating Income": NaN,
        "EBIT": NaN,
        "Net Income": NaN
    },
    "2020-09-30": {
        "Diluted EPS": 0.99,
        "Total Revenue": NaN,
        "Gross Profit": NaN,
        "Operating Income": NaN,
        "EBIT": NaN,
        "Net Income": NaN
    },
    "2020-06-30": {
        "Diluted EPS": 0.41,
        "Total Revenue": NaN,
        "Gross Profit": NaN,
        "Operating Income": 759,
        "EBIT": NaN,
        "Net Income": 614
    },
    "2020-03-31": {
        "Diluted EPS": 0.72,
        "Total Revenue": NaN,
        "Gross Profit": NaN,
        "Operating Income": NaN,
        "EBIT": NaN,
        "Net Income": NaN
    },
    "2019-12-31": {
        "Diluted EPS": 0.92,
        "Total Revenue": NaN,
        "Gross Profit": NaN,
        "Operating Income": NaN,
        "EBIT": NaN,
        "Net Income": NaN
    },
    "2019-09-30": {
        "Diluted EPS": 1.15,
        "Total Revenue": NaN,
        "Gross Profit": NaN,
        "Operating Income": NaN,
        "EBIT": NaN,
        "Net Income": NaN
    },
    "2019-06-30": {
        "Diluted EPS": 1.09,
        "Total Revenue": NaN,
        "Gross Profit": NaN,
        "Operating Income": NaN,
        "EBIT": NaN,
        "Net Income": NaN
    },
    "2019-03-31": {
        "Diluted EPS": 1.0,
        "Total Revenue": NaN,
        "Gross Profit": NaN,
        "Operating Income": NaN,
        "EBIT": NaN,
        "Net Income": NaN
    },
    "2018-12-31": {
        "Diluted EPS": 1.1,
        "Total Revenue": NaN,
        "Gross Profit": NaN,
        "Operating Income": NaN,
        "EBIT": NaN,
        "Net Income": NaN
    },
    "2018-09-30": {
        "Diluted EPS": 1.06,
        "Total Revenue": NaN,
        "Gross Profit": NaN,
        "Operating Income": NaN,
        "EBIT": NaN,
        "Net Income": NaN
    },
    "2018-06-30": {
        "Diluted EPS": 1.02,
        "Total Revenue": NaN,
        "Gross Profit": NaN,
        "Operating Income": NaN,
        "EBIT": NaN,
        "Net Income": NaN
    },
    "2018-03-31": {
        "Diluted EPS": 0.96,
        "Total Revenue": NaN,
        "Gross Profit": NaN,
        "Operating Income": NaN,
        "EBIT": NaN,
        "Net Income": NaN
    },
    "2017-12-31": {
        "Diluted EPS": 0.96,
        "Total Revenue": NaN,
        "Gross Profit": NaN,
        "Operating Income": NaN,
        "EBIT": NaN,
        "Net Income": NaN
    },
    "2017-09-30": {
        "Diluted EPS": 0.88,
        "Total Revenue": NaN,
        "Gross Profit": NaN,
        "Operating Income": NaN,
        "EBIT": NaN,
        "Net Income": NaN
    },
    "2017-06-30": {
        "Diluted EPS": 0.85,
        "Total Revenue": NaN,
        "Gross Profit": NaN,
        "Operating Income": NaN,
        "EBIT": NaN,
        "Net Income": NaN
    },
    "2017-03-31": {
        "Diluted EPS": 0.82,
        "Total Revenue": NaN,
        "Gross Profit": NaN,
        "Operating Income": NaN,
        "EBIT": NaN,
        "Net Income": NaN
    },
    "2016-12-31": {
        "Diluted EPS": 0.81,
        "Total Revenue": NaN,
        "Gross Profit": NaN,
        "Operating Income": NaN,
        "EBIT": NaN,
        "Net Income": NaN
    },
    "2016-09-30": {
        "Diluted EPS": 0.84,
        "Total Revenue": NaN,
        "Gross Profit": NaN,
        "Operating Income": NaN,
        "EBIT": NaN,
        "Net Income": NaN
    },
    "2016-06-30": {
        "Diluted EPS": 0.83,
        "Total Revenue": NaN,
        "Gross Profit": NaN,
        "Operating Income": NaN,
        "EBIT": NaN,
        "Net Income": NaN
    },
    "2016-03-31": {
        "Diluted EPS": 0.76,
        "Total Revenue": NaN,
        "Gross Profit": NaN,
        "Operating Income": NaN,
        "EBIT": NaN,
        "Net Income": NaN
    },
    "2015-12-31": {
        "Diluted EPS": 0.79,
        "Total Revenue": NaN,
        "Gross Profit": NaN,
        "Operating Income": NaN,
        "EBIT": NaN,
        "Net Income": NaN
    },
    "2015-09-30": {
        "Diluted EPS": 0.81,
        "Total Revenue": NaN,
        "Gross Profit": NaN,
        "Operating Income": NaN,
        "EBIT": NaN,
        "Net Income": NaN
    },
    "2015-06-30": {
        "Diluted EPS": 0.8,
        "Total Revenue": NaN,
        "Gross Profit": NaN,
        "Operating Income": NaN,
        "EBIT": NaN,
        "Net Income": NaN
    },
    "2015-03-31": {
        "Diluted EPS": 0.76,
        "Total Revenue": NaN,
        "Gross Profit": NaN,
        "Operating Income": NaN,
        "EBIT": NaN,
        "Net Income": NaN
    },
    "2014-12-31": {
        "Diluted EPS": 0.79,
        "Total Revenue": NaN,
        "Gross Profit": NaN,
        "Operating Income": NaN,
        "EBIT": NaN,
        "Net Income": NaN
    },
    "2014-09-30": {
        "Diluted EPS": 0.78,
        "Total Revenue": NaN,
        "Gross Profit": NaN,
        "Operating Income": NaN,
        "EBIT": NaN,
        "Net Income": NaN
    },
    "2014-06-30": {
        "Diluted EPS": 0.78,
        "Total Revenue": NaN,
        "Gross Profit": NaN,
        "Operating Income": NaN,
        "EBIT": NaN,
        "Net Income": NaN
    },
    "2014-03-31": {
        "Diluted EPS": 0.73,
        "Total Revenue": NaN,
        "Gross Profit": NaN,
        "Operating Income": NaN,
        "EBIT": NaN,
        "Net Income": NaN
    },
    "2013-12-31": {
        "Diluted EPS": 0.75,
        "Total Revenue": NaN,
        "Gross Profit": NaN,
        "Operating Income": NaN,
        "EBIT": NaN,
        "Net Income": NaN
    },
    "2013-09-30": {
        "Diluted EPS": 0.76,
        "Total Revenue": NaN,
        "Gross Profit": NaN,
        "Operating Income": NaN,
        "EBIT": NaN,
        "Net Income": NaN
    },
    "2013-06-30": {
        "Diluted EPS": 0.76,
        "Total Revenue": NaN,
        "Gross Profit": NaN,
        "Operating Income": NaN,
        "EBIT": NaN,
        "Net Income": NaN
    },
    "2013-03-31": {
        "Diluted EPS": 0.73,
        "Total Revenue": NaN,
        "Gross Profit": NaN,
        "Operating Income": NaN,
        "EBIT": NaN,
        "Net Income": NaN
    },
    "2012-12-31": {
        "Diluted EPS": 0.72,
        "Total Revenue": NaN,
        "Gross Profit": NaN,
        "Operating Income": NaN,
        "EBIT": NaN,
        "Net Income": NaN
    },
    "2012-09-30": {
        "Diluted EPS": 0.74,
        "Total Revenue": NaN,
        "Gross Profit": NaN,
        "Operating Income": NaN,
        "EBIT": NaN,
        "Net Income": NaN
    },
    "2012-06-30": {
        "Diluted EPS": 0.71,
        "Total Revenue": NaN,
        "Gross Profit": NaN,
        "Operating Income": NaN,
        "EBIT": NaN,
        "Net Income": NaN
    },
    "2012-03-31": {
        "Diluted EPS": 0.67,
        "Total Revenue": NaN,
        "Gross Profit": NaN,
        "Operating Income": NaN,
        "EBIT": NaN,
        "Net Income": NaN
    },
    "2011-12-31": {
        "Diluted EPS": 0.7,
        "Total Revenue": NaN,
        "Gross Profit": NaN,
        "Operating Income": NaN,
        "EBIT": NaN,
        "Net Income": NaN
    },
    "2011-09-30": {
        "Diluted EPS": 0.64,
        "Total Revenue": NaN,
        "Gross Profit": NaN,
        "Operating Income": NaN,
        "EBIT": NaN,
        "Net Income": NaN
    },
    "2011-06-30": {
        "Diluted EPS": 0.6,
        "Total Revenue": NaN,
        "Gross Profit": NaN,
        "Operating Income": NaN,
        "EBIT": NaN,
        "Net Income": NaN
    },
    "2011-03-31": {
        "Diluted EPS": 0.52,
        "Total Revenue": NaN,
        "Gross Profit": NaN,
        "Operating Income": NaN,
        "EBIT": NaN,
        "Net Income": NaN
    },
    "2010-12-31": {
        "Diluted EPS": 0.49,
        "Total Revenue": NaN,
        "Gross Profit": NaN,
        "Operating Income": NaN,
        "EBIT": NaN,
        "Net Income": 951
    },
    "2010-09-30": {
        "Diluted EPS": 0.45,
        "Total Revenue": NaN,
        "Gross Profit": NaN,
        "Operating Income": NaN,
        "EBIT": NaN,
        "Net Income": 871
    },
    "2010-06-30": {
        "Diluted EPS": 0.45,
        "Total Revenue": NaN,
        "Gross Profit": NaN,
        "Operating Income": 951,
        "EBIT": NaN,
        "Net Income": 862
    },
    "2010-03-31": {
        "Diluted EPS": 0.34,
        "Total Revenue": NaN,
        "Gross Profit": NaN,
        "Operating Income": 824,
        "EBIT": NaN,
        "Net Income": 648
    },
    "2009-12-31": {
        "Diluted EPS": 0.31,
        "Total Revenue": NaN,
        "Gross Profit": NaN,
        "Operating Income": 710,
        "EBIT": NaN,
        "Net Income": 580
    },
    "2009-09-30": {
        "Diluted EPS": 0.3,
        "Total Revenue": NaN,
        "Gross Profit": NaN,
        "Operating Income": 691,
        "EBIT": NaN,
        "Net Income": 583
    },
    "2009-06-30": {
        "Diluted EPS": 0.12,
        "Total Revenue": NaN,
        "Gross Profit": NaN,
        "Operating Income": 585,
        "EBIT": NaN,
        "Net Income": 221
    },
    "2009-03-31": {
        "Diluted EPS": 0.24,
        "Total Revenue": NaN,
        "Gross Profit": NaN,
        "Operating Income": 646,
        "EBIT": NaN,
        "Net Income": 419
    },
    "2023-09-30": {
        "Tax Effect Of Unusual Items": NaN,
        "Tax Rate For Calcs": NaN,
        "Total Unusual Items": NaN,
        "Total Unusual Items Excluding Goodwill": NaN,
        "Net Income From Continuing Operation Net Minority Interest": NaN,
        "Reconciled Depreciation": NaN,
        "Net Interest Income": NaN,
        "Interest Expense": NaN,
        "Interest Income": NaN,
        "Normalized Income": NaN,
        "Net Income From Continuing And Discontinued Operation": NaN,
        "Diluted Average Shares": 1549000000.0,
        "Basic Average Shares": 1548000000.0,
        "Diluted EPS": 0.91,
        "Basic EPS": 0.91,
        "Diluted NI Availto Com Stockholders": NaN,
        "Net Income Common Stockholders": NaN,
        "Otherunder Preferred Stock Dividend": NaN,
        "Preferred Stock Dividends": NaN,
        "Net Income": NaN,
        "Minority Interests": NaN,
        "Net Income Including Noncontrolling Interests": NaN,
        "Net Income Continuous Operations": NaN,
        "Tax Provision": NaN,
        "Pretax Income": NaN,
        "Special Income Charges": NaN,
        "Restructuring And Mergern Acquisition": NaN,
        "Gain On Sale Of Security": NaN,
        "Depreciation Amortization Depletion Income Statement": NaN,
        "Depreciation And Amortization In Income Statement": NaN,
        "Amortization": NaN,
        "Amortization Of Intangibles Income Statement": NaN,
        "Selling General And Administration": NaN,
        "Selling And Marketing Expense": NaN,
        "General And Administrative Expense": NaN,
        "Salaries And Wages": NaN,
        "Total Revenue": NaN,
        "Operating Revenue": NaN,
        "Occupancy And Equipment": NaN,
        "Professional Expense And Contract Services Expense": NaN,
        "Other Non Interest Expense": NaN
    },
    "2023-12-31": {
        "Tax Effect Of Unusual Items": -23769000.0,
        "Tax Rate For Calcs": 0.139,
        "Total Unusual Items": -171000000.0,
        "Total Unusual Items Excluding Goodwill": -171000000.0,
        "Net Income From Continuing Operation Net Minority Interest": 847000000.0,
        "Reconciled Depreciation": 250000000.0,
        "Net Interest Income": 4111000000.0,
        "Interest Expense": 3652000000.0,
        "Interest Income": 7763000000.0,
        "Normalized Income": 994231000.0,
        "Net Income From Continuing And Discontinued Operation": 847000000.0,
        "Diluted Average Shares": 1558000000.0,
        "Basic Average Shares": 1557000000.0,
        "Diluted EPS": 0.49,
        "Basic EPS": 0.49,
        "Diluted NI Availto Com Stockholders": 766000000.0,
        "Net Income Common Stockholders": 766000000.0,
        "Otherunder Preferred Stock Dividend": 4000000.0,
        "Preferred Stock Dividends": 77000000.0,
        "Net Income": 847000000.0,
        "Minority Interests": -14000000.0,
        "Net Income Including Noncontrolling Interests": 861000000.0,
        "Net Income Continuous Operations": 861000000.0,
        "Tax Provision": 139000000.0,
        "Pretax Income": 1000000000.0,
        "Special Income Charges": -171000000.0,
        "Restructuring And Mergern Acquisition": 171000000.0,
        "Gain On Sale Of Security": -116000000.0,
        "Depreciation Amortization Depletion Income Statement": 156000000.0,
        "Depreciation And Amortization In Income Statement": 156000000.0,
        "Amortization": 156000000.0,
        "Amortization Of Intangibles Income Statement": 156000000.0,
        "Selling General And Administration": 2815000000.0,
        "Selling And Marketing Expense": 306000000.0,
        "General And Administrative Expense": 2509000000.0,
        "Salaries And Wages": 2509000000.0,
        "Total Revenue": 6731000000.0,
        "Operating Revenue": 6731000000.0,
        "Occupancy And Equipment": 316000000.0,
        "Professional Expense And Contract Services Expense": 158000000.0,
        "Other Non Interest Expense": 1603000000.0
    },
    "2024-03-31": {
        "Tax Effect Of Unusual Items": NaN,
        "Tax Rate For Calcs": NaN,
        "Total Unusual Items": NaN,
        "Total Unusual Items Excluding Goodwill": NaN,
        "Net Income From Continuing Operation Net Minority Interest": NaN,
        "Reconciled Depreciation": NaN,
        "Net Interest Income": NaN,
        "Interest Expense": NaN,
        "Interest Income": NaN,
        "Normalized Income": NaN,
        "Net Income From Continuing And Discontinued Operation": NaN,
        "Diluted Average Shares": NaN,
        "Basic Average Shares": NaN,
        "Diluted EPS": NaN,
        "Basic EPS": NaN,
        "Diluted NI Availto Com Stockholders": NaN,
        "Net Income Common Stockholders": NaN,
        "Otherunder Preferred Stock Dividend": NaN,
        "Preferred Stock Dividends": NaN,
        "Net Income": NaN,
        "Minority Interests": NaN,
        "Net Income Including Noncontrolling Interests": NaN,
        "Net Income Continuous Operations": NaN,
        "Tax Provision": NaN,
        "Pretax Income": NaN,
        "Special Income Charges": NaN,
        "Other Special Charges": 110000000.0,
        "Restructuring And Mergern Acquisition": NaN,
        "Gain On Sale Of Security": NaN,
        "Depreciation Amortization Depletion Income Statement": NaN,
        "Depreciation And Amortization In Income Statement": NaN,
        "Amortization": NaN,
        "Amortization Of Intangibles Income Statement": NaN,
        "Selling General And Administration": NaN,
        "Selling And Marketing Expense": NaN,
        "General And Administrative Expense": NaN,
        "Salaries And Wages": NaN,
        "Total Revenue": NaN,
        "Operating Revenue": NaN,
        "Occupancy And Equipment": NaN,
        "Professional Expense And Contract Services Expense": NaN,
        "Other Non Interest Expense": NaN
    },
    "2024-06-30": {
        "Tax Effect Of Unusual Items": 0.0,
        "Tax Rate For Calcs": 0.216,
        "Total Unusual Items": 0.0,
        "Total Unusual Items Excluding Goodwill": 0.0,
        "Net Income From Continuing Operation Net Minority Interest": 1603000000.0,
        "Reconciled Depreciation": 234000000.0,
        "Net Interest Income": 4023000000.0,
        "Interest Expense": 3962000000.0,
        "Interest Income": 7985000000.0,
        "Normalized Income": 1603000000.0,
        "Net Income From Continuing And Discontinued Operation": 1603000000.0,
        "Diluted Average Shares": 1561000000.0,
        "Basic Average Shares": 1560000000.0,
        "Diluted EPS": 0.97,
        "Basic EPS": 0.97,
        "Diluted NI Availto Com Stockholders": 1518000000.0,
        "Net Income Common Stockholders": 1518000000.0,
        "Otherunder Preferred Stock Dividend": 10000000.0,
        "Preferred Stock Dividends": 75000000.0,
        "Net Income": 1603000000.0,
        "Minority Interests": -8000000.0,
        "Net Income Including Noncontrolling Interests": 1611000000.0,
        "Net Income Continuous Operations": 1611000000.0,
        "Tax Provision": 445000000.0,
        "Pretax Income": 2056000000.0,
        "Special Income Charges": 0.0,
        "Other Special Charges": NaN,
        "Restructuring And Mergern Acquisition": 0.0,
        "Gain On Sale Of Security": -36000000.0,
        "Depreciation Amortization Depletion Income Statement": 142000000.0,
        "Depreciation And Amortization In Income Statement": 142000000.0,
        "Amortization": 142000000.0,
        "Amortization Of Intangibles Income Statement": 142000000.0,
        "Selling General And Administration": 2777000000.0,
        "Selling And Marketing Expense": 158000000.0,
        "General And Administrative Expense": 2619000000.0,
        "Salaries And Wages": 2619000000.0,
        "Total Revenue": 6838000000.0,
        "Operating Revenue": 6838000000.0,
        "Occupancy And Equipment": 316000000.0,
        "Professional Expense And Contract Services Expense": 116000000.0,
        "Other Non Interest Expense": 863000000.0
    },
    "2024-09-30": {
        "Tax Effect Of Unusual Items": 0.0,
        "Tax Rate For Calcs": 0.169,
        "Total Unusual Items": 0.0,
        "Total Unusual Items Excluding Goodwill": 0.0,
        "Net Income From Continuing Operation Net Minority Interest": 1714000000.0,
        "Reconciled Depreciation": 231000000.0,
        "Net Interest Income": 4135000000.0,
        "Interest Expense": 3951000000.0,
        "Interest Income": 8086000000.0,
        "Normalized Income": 1714000000.0,
        "Net Income From Continuing And Discontinued Operation": 1714000000.0,
        "Diluted Average Shares": 1561000000.0,
        "Basic Average Shares": 1561000000.0,
        "Diluted EPS": 1.03,
        "Basic EPS": 1.03,
        "Diluted NI Availto Com Stockholders": 1601000000.0,
        "Net Income Common Stockholders": 1601000000.0,
        "Otherunder Preferred Stock Dividend": 10000000.0,
        "Preferred Stock Dividends": 103000000.0,
        "Net Income": 1714000000.0,
        "Minority Interests": -8000000.0,
        "Net Income Including Noncontrolling Interests": 1722000000.0,
        "Net Income Continuous Operations": 1722000000.0,
        "Tax Provision": 350000000.0,
        "Pretax Income": 2072000000.0,
        "Special Income Charges": 0.0,
        "Restructuring And Mergern Acquisition": 0.0,
        "Gain On Sale Of Security": -119000000.0,
        "Depreciation Amortization Depletion Income Statement": 142000000.0,
        "Depreciation And Amortization In Income Statement": 142000000.0,
        "Amortization": 142000000.0,
        "Amortization Of Intangibles Income Statement": 142000000.0,
        "Selling General And Administration": 2802000000.0,
        "Selling And Marketing Expense": 165000000.0,
        "General And Administrative Expense": 2637000000.0,
        "Salaries And Wages": 2637000000.0,
        "Total Revenue": 6833000000.0,
        "Operating Revenue": 6833000000.0,
        "Occupancy And Equipment": 317000000.0,
        "Professional Expense And Contract Services Expense": 130000000.0,
        "Other Non Interest Expense": 813000000.0
    },
    "2024-12-31": {
        "Tax Effect Of Unusual Items": -50906072.106262,
        "Tax Rate For Calcs": 0.20778,
        "Total Unusual Items": -245000000.0,
        "Total Unusual Items Excluding Goodwill": -245000000.0,
        "Net Income From Continuing Operation Net Minority Interest": 1663000000.0,
        "Reconciled Depreciation": 238000000.0,
        "Net Interest Income": 4146000000.0,
        "Interest Expense": 3685000000.0,
        "Interest Income": 7831000000.0,
        "Normalized Income": 1857093927.893738,
        "Net Income From Continuing And Discontinued Operation": 1663000000.0,
        "Diluted Average Shares": 1560000000.0,
        "Basic Average Shares": 1560000000.0,
        "Diluted EPS": 1.01,
        "Basic EPS": 1.01,
        "Diluted NI Availto Com Stockholders": 1581000000.0,
        "Net Income Common Stockholders": 1581000000.0,
        "Otherunder Preferred Stock Dividend": 10000000.0,
        "Preferred Stock Dividends": 72000000.0,
        "Net Income": 1663000000.0,
        "Minority Interests": -7000000.0,
        "Net Income Including Noncontrolling Interests": 1670000000.0,
        "Net Income Continuous Operations": 1670000000.0,
        "Tax Provision": 438000000.0,
        "Pretax Income": 2108000000.0,
        "Special Income Charges": -245000000.0,
        "Restructuring And Mergern Acquisition": 0.0,
        "Gain On Sale Of Security": -1000000.0,
        "Depreciation Amortization Depletion Income Statement": 139000000.0,
        "Depreciation And Amortization In Income Statement": 139000000.0,
        "Amortization": 139000000.0,
        "Amortization Of Intangibles Income Statement": 139000000.0,
        "Selling General And Administration": 2767000000.0,
        "Selling And Marketing Expense": 160000000.0,
        "General And Administrative Expense": 2607000000.0,
        "Salaries And Wages": 2607000000.0,
        "Total Revenue": 6979000000.0,
        "Operating Revenue": 6979000000.0,
        "Occupancy And Equipment": 317000000.0,
        "Professional Expense And Contract Services Expense": 135000000.0,
        "Other Non Interest Expense": 708000000.0
    },
    "2025-03-31": {
        "Tax Effect Of Unusual Items": 0.0,
        "Tax Rate For Calcs": 0.205,
        "Total Unusual Items": 0.0,
        "Total Unusual Items Excluding Goodwill": 0.0,
        "Net Income From Continuing Operation Net Minority Interest": 1709000000.0,
        "Reconciled Depreciation": 215000000.0,
        "Net Interest Income": 4092000000.0,
        "Interest Expense": 3424000000.0,
        "Interest Income": 7516000000.0,
        "Normalized Income": 1709000000.0,
        "Net Income From Continuing And Discontinued Operation": 1709000000.0,
        "Diluted Average Shares": 1560000000.0,
        "Basic Average Shares": 1559000000.0,
        "Diluted EPS": 1.03,
        "Basic EPS": 1.03,
        "Diluted NI Availto Com Stockholders": 1603000000.0,
        "Net Income Common Stockholders": 1603000000.0,
        "Otherunder Preferred Stock Dividend": 11000000.0,
        "Preferred Stock Dividends": 95000000.0,
        "Net Income": 1709000000.0,
        "Minority Interests": -7000000.0,
        "Net Income Including Noncontrolling Interests": 1716000000.0,
        "Net Income Continuous Operations": 1716000000.0,
        "Tax Provision": 443000000.0,
        "Pretax Income": 2159000000.0,
        "Special Income Charges": 0.0,
        "Restructuring And Mergern Acquisition": 0.0,
        "Gain On Sale Of Security": 0.0,
        "Depreciation Amortization Depletion Income Statement": 123000000.0,
        "Depreciation And Amortization In Income Statement": 123000000.0,
        "Amortization": 123000000.0,
        "Amortization Of Intangibles Income Statement": 123000000.0,
        "Selling General And Administration": 2819000000.0,
        "Selling And Marketing Expense": 182000000.0,
        "General And Administrative Expense": 2637000000.0,
        "Salaries And Wages": 2637000000.0,
        "Total Revenue": 6928000000.0,
        "Operating Revenue": 6928000000.0,
        "Occupancy And Equipment": 306000000.0,
        "Professional Expense And Contract Services Expense": 98000000.0,
        "Other Non Interest Expense": 886000000.0
    },
    "2025-06-30": {
        "Tax Effect Of Unusual Items": 0.0,
        "Tax Rate For Calcs": 0.206,
        "Total Unusual Items": 0.0,
        "Total Unusual Items Excluding Goodwill": 0.0,
        "Net Income From Continuing Operation Net Minority Interest": 1815000000.0,
        "Reconciled Depreciation": 217000000.0,
        "Net Interest Income": 4051000000.0,
        "Interest Expense": 3553000000.0,
        "Interest Income": 7604000000.0,
        "Normalized Income": 1815000000.0,
        "Net Income From Continuing And Discontinued Operation": 1815000000.0,
        "Diluted Average Shares": 1559000000.0,
        "Basic Average Shares": 1559000000.0,
        "Diluted EPS": 1.11,
        "Basic EPS": 1.11,
        "Diluted NI Availto Com Stockholders": 1733000000.0,
        "Net Income Common Stockholders": 1733000000.0,
        "Otherunder Preferred Stock Dividend": 12000000.0,
        "Preferred Stock Dividends": 70000000.0,
        "Net Income": 1815000000.0,
        "Minority Interests": -6000000.0,
        "Net Income Including Noncontrolling Interests": 1821000000.0,
        "Net Income Continuous Operations": 1821000000.0,
        "Tax Provision": 472000000.0,
        "Pretax Income": 2293000000.0,
        "Special Income Charges": 0.0,
        "Restructuring And Mergern Acquisition": 0.0,
        "Gain On Sale Of Security": -57000000.0,
        "Depreciation Amortization Depletion Income Statement": 124000000.0,
        "Depreciation And Amortization In Income Statement": 124000000.0,
        "Amortization": 124000000.0,
        "Amortization Of Intangibles Income Statement": 124000000.0,
        "Selling General And Administration": 2761000000.0,
        "Selling And Marketing Expense": 161000000.0,
        "General And Administrative Expense": 2600000000.0,
        "Salaries And Wages": 2600000000.0,
        "Total Revenue": 6975000000.0,
        "Operating Revenue": 6975000000.0,
        "Occupancy And Equipment": 301000000.0,
        "Professional Expense And Contract Services Expense": 109000000.0,
        "Other Non Interest Expense": 886000000.0
    },
    "2025-09-30": {
        "Tax Effect Of Unusual Items": 0.0,
        "Tax Rate For Calcs": 0.207,
        "Total Unusual Items": 0.0,
        "Total Unusual Items Excluding Goodwill": 0.0,
        "Net Income From Continuing Operation Net Minority Interest": 2001000000.0,
        "Reconciled Depreciation": 216000000.0,
        "Net Interest Income": 4222000000.0,
        "Interest Expense": 3705000000.0,
        "Interest Income": 7927000000.0,
        "Normalized Income": 2001000000.0,
        "Net Income From Continuing And Discontinued Operation": 2001000000.0,
        "Diluted Average Shares": 1557000000.0,
        "Basic Average Shares": 1557000000.0,
        "Diluted EPS": 1.22,
        "Basic EPS": 1.22,
        "Diluted NI Availto Com Stockholders": 1893000000.0,
        "Net Income Common Stockholders": 1893000000.0,
        "Otherunder Preferred Stock Dividend": 11000000.0,
        "Preferred Stock Dividends": 97000000.0,
        "Net Income": 2001000000.0,
        "Minority Interests": -7000000.0,
        "Net Income Including Noncontrolling Interests": 2008000000.0,
        "Net Income Continuous Operations": 2008000000.0,
        "Tax Provision": 524000000.0,
        "Pretax Income": 2532000000.0,
        "Special Income Charges": 0.0,
        "Restructuring And Mergern Acquisition": 0.0,
        "Gain On Sale Of Security": -7000000.0,
        "Depreciation Amortization Depletion Income Statement": 125000000.0,
        "Depreciation And Amortization In Income Statement": 125000000.0,
        "Amortization": 125000000.0,
        "Amortization Of Intangibles Income Statement": 125000000.0,
        "Selling General And Administration": 2736000000.0,
        "Selling And Marketing Expense": 175000000.0,
        "General And Administrative Expense": 2561000000.0,
        "Salaries And Wages": 2561000000.0,
        "Total Revenue": 7300000000.0,
        "Operating Revenue": 7300000000.0,
        "Occupancy And Equipment": 300000000.0,
        "Professional Expense And Contract Services Expense": 117000000.0,
        "Other Non Interest Expense": 919000000.0
    }
}