{
    "2023-03-31": {
        "Tax Effect Of Unusual Items": NaN,
        "Tax Rate For Calcs": NaN,
        "Normalized EBITDA": NaN,
        "Total Unusual Items": NaN,
        "Total Unusual Items Excluding Goodwill": NaN,
        "Net Income From Continuing Operation Net Minority Interest": NaN,
        "Reconciled Depreciation": NaN,
        "Reconciled Cost Of Revenue": NaN,
        "EBITDA": NaN,
        "EBIT": NaN,
        "Net Interest Income": NaN,
        "Interest Expense": NaN,
        "Normalized Income": NaN,
        "Net Income From Continuing And Discontinued Operation": NaN,
        "Total Expenses": NaN,
        "Total Operating Income As Reported": NaN,
        "Diluted Average Shares": NaN,
        "Basic Average Shares": NaN,
        "Diluted EPS": NaN,
        "Basic EPS": NaN,
        "Diluted NI Availto Com Stockholders": NaN,
        "Net Income Common Stockholders": NaN,
        "Preferred Stock Dividends": 7000000.0,
        "Net Income": NaN,
        "Net Income Including Noncontrolling Interests": NaN,
        "Net Income Continuous Operations": NaN,
        "Tax Provision": NaN,
        "Pretax Income": NaN,
        "Other Income Expense": NaN,
        "Other Non Operating Income Expenses": NaN,
        "Special Income Charges": NaN,
        "Other Special Charges": NaN,
        "Restructuring And Mergern Acquisition": 0.0,
        "Net Non Operating Interest Income Expense": NaN,
        "Interest Expense Non Operating": NaN,
        "Operating Income": NaN,
        "Operating Expense": NaN,
        "Selling General And Administration": NaN,
        "Gross Profit": NaN,
        "Cost Of Revenue": NaN,
        "Total Revenue": NaN,
        "Operating Revenue": NaN
    },
    "2022-12-31": {
        "Tax Effect Of Unusual Items": NaN,
        "Tax Rate For Calcs": NaN,
        "Normalized EBITDA": NaN,
        "Total Unusual Items": NaN,
        "Total Unusual Items Excluding Goodwill": NaN,
        "Net Income From Continuing Operation Net Minority Interest": NaN,
        "Reconciled Depreciation": NaN,
        "Reconciled Cost Of Revenue": NaN,
        "EBITDA": NaN,
        "EBIT": NaN,
        "Net Interest Income": NaN,
        "Interest Expense": NaN,
        "Normalized Income": NaN,
        "Net Income From Continuing And Discontinued Operation": NaN,
        "Total Expenses": NaN,
        "Total Operating Income As Reported": NaN,
        "Diluted Average Shares": NaN,
        "Basic Average Shares": NaN,
        "Diluted EPS": NaN,
        "Basic EPS": NaN,
        "Diluted NI Availto Com Stockholders": NaN,
        "Net Income Common Stockholders": NaN,
        "Preferred Stock Dividends": 10000000.0,
        "Net Income": NaN,
        "Net Income Including Noncontrolling Interests": NaN,
        "Net Income Continuous Operations": NaN,
        "Tax Provision": NaN,
        "Pretax Income": NaN,
        "Other Income Expense": NaN,
        "Other Non Operating Income Expenses": NaN,
        "Special Income Charges": NaN,
        "Other Special Charges": NaN,
        "Restructuring And Mergern Acquisition": 12000000.0,
        "Net Non Operating Interest Income Expense": NaN,
        "Interest Expense Non Operating": NaN,
        "Operating Income": NaN,
        "Operating Expense": NaN,
        "Selling General And Administration": NaN,
        "Gross Profit": NaN,
        "Cost Of Revenue": NaN,
        "Total Revenue": NaN,
        "Operating Revenue": NaN
    },
    "2022-09-30": {
        "Tax Effect Of Unusual Items": NaN,
        "Tax Rate For Calcs": NaN,
        "Normalized EBITDA": NaN,
        "Total Unusual Items": NaN,
        "Total Unusual Items Excluding Goodwill": NaN,
        "Net Income From Continuing Operation Net Minority Interest": NaN,
        "Reconciled Depreciation": NaN,
        "Reconciled Cost Of Revenue": NaN,
        "EBITDA": NaN,
        "EBIT": NaN,
        "Net Interest Income": NaN,
        "Interest Expense": NaN,
        "Normalized Income": NaN,
        "Net Income From Continuing And Discontinued Operation": NaN,
        "Total Expenses": NaN,
        "Total Operating Income As Reported": NaN,
        "Diluted Average Shares": NaN,
        "Basic Average Shares": NaN,
        "Diluted EPS": NaN,
        "Basic EPS": NaN,
        "Diluted NI Availto Com Stockholders": NaN,
        "Net Income Common Stockholders": NaN,
        "Preferred Stock Dividends": 9000000.0,
        "Net Income": NaN,
        "Net Income Including Noncontrolling Interests": NaN,
        "Net Income Continuous Operations": NaN,
        "Tax Provision": NaN,
        "Pretax Income": NaN,
        "Other Income Expense": NaN,
        "Other Non Operating Income Expenses": NaN,
        "Special Income Charges": NaN,
        "Other Special Charges": NaN,
        "Restructuring And Mergern Acquisition": 0.0,
        "Net Non Operating Interest Income Expense": NaN,
        "Interest Expense Non Operating": NaN,
        "Operating Income": NaN,
        "Operating Expense": NaN,
        "Selling General And Administration": NaN,
        "Gross Profit": NaN,
        "Cost Of Revenue": NaN,
        "Total Revenue": NaN,
        "Operating Revenue": NaN
    },
    "2022-06-30": {
        "Tax Effect Of Unusual Items": 0.0,
        "Tax Rate For Calcs": 0.26,
        "Normalized EBITDA": 247000000.0,
        "Total Unusual Items": 0.0,
        "Total Unusual Items Excluding Goodwill": 0.0,
        "Net Income From Continuing Operation Net Minority Interest": 70000000.0,
        "Reconciled Depreciation": 92000000.0,
        "Reconciled Cost Of Revenue": 7444000000.0,
        "EBITDA": 247000000.0,
        "EBIT": 155000000.0,
        "Net Interest Income": -60000000.0,
        "Interest Expense": 60000000.0,
        "Normalized Income": 70000000.0,
        "Net Income From Continuing And Discontinued Operation": 70000000.0,
        "Total Expenses": 8677000000.0,
        "Total Operating Income As Reported": 150000000.0,
        "Diluted Average Shares": 226000000.0,
        "Basic Average Shares": 224000000.0,
        "Diluted EPS": 0.27,
        "Basic EPS": 0.27,
        "Diluted NI Availto Com Stockholders": 61000000.0,
        "Net Income Common Stockholders": 61000000.0,
        "Preferred Stock Dividends": 9000000.0,
        "Net Income": 70000000.0,
        "Net Income Including Noncontrolling Interests": 70000000.0,
        "Net Income Continuous Operations": 70000000.0,
        "Tax Provision": 25000000.0,
        "Pretax Income": 95000000.0,
        "Other Income Expense": 5000000.0,
        "Other Non Operating Income Expenses": 5000000.0,
        "Special Income Charges": 0.0,
        "Restructuring And Mergern Acquisition": 0.0,
        "Net Non Operating Interest Income Expense": -60000000.0,
        "Interest Expense Non Operating": 60000000.0,
        "Operating Income": 150000000.0,
        "Operating Expense": 1233000000.0,
        "Selling General And Administration": 1233000000.0,
        "Gross Profit": 1383000000.0,
        "Cost Of Revenue": 7444000000.0,
        "Total Revenue": 8827000000.0,
        "Operating Revenue": 8827000000.0
    },
    "2022-03-31": {
        "Diluted EPS": -0.07,
        "Total Revenue": NaN,
        "Gross Profit": NaN,
        "Operating Income": 34,
        "EBIT": 126,
        "Net Income": -16
    },
    "2021-12-31": {
        "Diluted EPS": 0.28,
        "Total Revenue": NaN,
        "Gross Profit": NaN,
        "Operating Income": 137,
        "EBIT": 234,
        "Net Income": 59
    },
    "2021-09-30": {
        "Diluted EPS": 0.24,
        "Total Revenue": NaN,
        "Gross Profit": NaN,
        "Operating Income": 135,
        "EBIT": 229,
        "Net Income": 55
    },
    "2021-06-30": {
        "Diluted EPS": 0.2,
        "Total Revenue": NaN,
        "Gross Profit": NaN,
        "Operating Income": 124,
        "EBIT": 222,
        "Net Income": 46
    },
    "2021-03-31": {
        "Diluted EPS": -0.18,
        "Total Revenue": NaN,
        "Gross Profit": NaN,
        "Operating Income": 28,
        "EBIT": 132,
        "Net Income": -39
    },
    "2020-12-31": {
        "Diluted EPS": -0.1,
        "Total Revenue": NaN,
        "Gross Profit": NaN,
        "Operating Income": 30,
        "EBIT": 140,
        "Net Income": -23
    },
    "2020-09-30": {
        "Diluted EPS": -0.01,
        "Total Revenue": NaN,
        "Gross Profit": 974,
        "Operating Income": 78,
        "EBIT": 190,
        "Net Income": -2
    },
    "2020-06-30": {
        "Diluted EPS": -0.44,
        "Total Revenue": NaN,
        "Gross Profit": 671,
        "Operating Income": -59,
        "EBIT": 54,
        "Net Income": -97
    },
    "2020-03-31": {
        "Diluted EPS": -0.6,
        "Total Revenue": NaN,
        "Gross Profit": NaN,
        "Operating Income": -126,
        "EBIT": -23,
        "Net Income": -132
    },
    "2019-12-31": {
        "Diluted EPS": 0.42,
        "Total Revenue": NaN,
        "Gross Profit": NaN,
        "Operating Income": 186,
        "EBIT": 292,
        "Net Income": 92
    },
    "2019-09-30": {
        "Diluted EPS": 0.48,
        "Total Revenue": NaN,
        "Gross Profit": NaN,
        "Operating Income": 188,
        "EBIT": 276,
        "Net Income": 106
    },
    "2019-06-30": {
        "Diluted EPS": 0.53,
        "Total Revenue": NaN,
        "Gross Profit": NaN,
        "Operating Income": 194,
        "EBIT": 287,
        "Net Income": 116
    },
    "2019-03-31": {
        "Diluted EPS": 0.32,
        "Total Revenue": NaN,
        "Gross Profit": NaN,
        "Operating Income": 131,
        "EBIT": 213,
        "Net Income": 71
    },
    "2018-12-31": {
        "Diluted EPS": 0.46,
        "Total Revenue": NaN,
        "Gross Profit": NaN,
        "Operating Income": 170,
        "EBIT": 261,
        "Net Income": 100
    },
    "2018-09-30": {
        "Diluted EPS": 0.52,
        "Total Revenue": NaN,
        "Gross Profit": NaN,
        "Operating Income": 179,
        "EBIT": 265,
        "Net Income": 114
    },
    "2018-06-30": {
        "Diluted EPS": 0.58,
        "Total Revenue": NaN,
        "Gross Profit": NaN,
        "Operating Income": 206,
        "EBIT": 294,
        "Net Income": 126
    },
    "2018-03-31": {
        "Diluted EPS": 0.31,
        "Total Revenue": NaN,
        "Gross Profit": 992,
        "Operating Income": 103,
        "EBIT": 185,
        "Net Income": 67
    },
    "2017-12-31": {
        "Diluted EPS": 1.14,
        "Total Revenue": NaN,
        "Gross Profit": NaN,
        "Operating Income": 196,
        "EBIT": 282,
        "Net Income": 256
    },
    "2017-09-30": {
        "Diluted EPS": 0.42,
        "Total Revenue": NaN,
        "Gross Profit": NaN,
        "Operating Income": 189,
        "EBIT": 271,
        "Net Income": 96
    },
    "2017-06-30": {
        "Diluted EPS": 0.29,
        "Total Revenue": NaN,
        "Gross Profit": NaN,
        "Operating Income": 127,
        "EBIT": 234,
        "Net Income": 65
    },
    "2017-03-31": {
        "Diluted EPS": 0.12,
        "Total Revenue": NaN,
        "Gross Profit": 991,
        "Operating Income": 76,
        "EBIT": 185,
        "Net Income": 27
    },
    "2016-12-31": {
        "Diluted EPS": 0.43,
        "Total Revenue": NaN,
        "Gross Profit": NaN,
        "Operating Income": 121,
        "EBIT": 228,
        "Net Income": 77
    },
    "2016-09-30": {
        "Diluted EPS": 0.59,
        "Total Revenue": NaN,
        "Gross Profit": NaN,
        "Operating Income": 115,
        "EBIT": 222,
        "Net Income": 133
    },
    "2016-06-30": {
        "Diluted EPS": -0.07,
        "Total Revenue": NaN,
        "Gross Profit": NaN,
        "Operating Income": 98,
        "EBIT": 205,
        "Net Income": -13
    },
    "2016-03-31": {
        "Diluted EPS": 0.08,
        "Total Revenue": NaN,
        "Gross Profit": 960,
        "Operating Income": 85,
        "EBIT": 189,
        "Net Income": 13
    },
    "2015-12-31": {
        "Diluted EPS": -0.06,
        "Total Revenue": NaN,
        "Gross Profit": NaN,
        "Operating Income": 52,
        "EBIT": 155,
        "Net Income": -10
    },
    "2015-09-30": {
        "Diluted EPS": 0.03,
        "Total Revenue": NaN,
        "Gross Profit": NaN,
        "Operating Income": 73,
        "EBIT": 177,
        "Net Income": 5
    },
    "2015-06-30": {
        "Diluted EPS": 0.97,
        "Total Revenue": NaN,
        "Gross Profit": 993,
        "Operating Income": 22,
        "EBIT": 122,
        "Net Income": 165
    },
    "2015-03-31": {
        "Diluted EPS": 0.04,
        "Total Revenue": NaN,
        "Gross Profit": 929,
        "Operating Income": 42,
        "EBIT": 145,
        "Net Income": 7
    },
    "2014-12-31": {
        "Diluted EPS": 0.0,
        "Total Revenue": NaN,
        "Gross Profit": NaN,
        "Operating Income": NaN,
        "EBIT": NaN,
        "Net Income": NaN
    },
    "2013-12-31": {
        "Diluted EPS": 0.0,
        "Total Revenue": NaN,
        "Gross Profit": NaN,
        "Operating Income": NaN,
        "EBIT": NaN,
        "Net Income": NaN
    },
    "2023-06-30": {
        "Tax Effect Of Unusual Items": 0.0,
        "Tax Rate For Calcs": 0.25,
        "Normalized EBITDA": 419000000.0,
        "Total Unusual Items": 0.0,
        "Total Unusual Items Excluding Goodwill": 0.0,
        "Net Income From Continuing Operation Net Minority Interest": 182000000.0,
        "Reconciled Depreciation": 95000000.0,
        "Reconciled Cost Of Revenue": 7422000000.0,
        "EBITDA": 419000000.0,
        "EBIT": 324000000.0,
        "Net Interest Income": -82000000.0,
        "Interest Expense": 82000000.0,
        "Normalized Income": 182000000.0,
        "Net Income From Continuing And Discontinued Operation": 182000000.0,
        "Total Expenses": 8691000000.0,
        "Total Operating Income As Reported": 322000000.0,
        "Diluted Average Shares": 250991512.0,
        "Basic Average Shares": 238302347.0,
        "Diluted EPS": 0.73,
        "Basic EPS": 0.76,
        "Diluted NI Availto Com Stockholders": 182000000.0,
        "Net Income Common Stockholders": 182000000.0,
        "Preferred Stock Dividends": NaN,
        "Net Income": 182000000.0,
        "Net Income Including Noncontrolling Interests": 182000000.0,
        "Net Income Continuous Operations": 182000000.0,
        "Tax Provision": 60000000.0,
        "Pretax Income": 242000000.0,
        "Other Income Expense": 2000000.0,
        "Other Non Operating Income Expenses": 2000000.0,
        "Special Income Charges": 0.0,
        "Other Special Charges": NaN,
        "Restructuring And Mergern Acquisition": NaN,
        "Net Non Operating Interest Income Expense": -82000000.0,
        "Interest Expense Non Operating": 82000000.0,
        "Operating Income": 322000000.0,
        "Operating Expense": 1269000000.0,
        "Selling General And Administration": 1269000000.0,
        "Gross Profit": 1591000000.0,
        "Cost Of Revenue": 7422000000.0,
        "Total Revenue": 9013000000.0,
        "Operating Revenue": 9013000000.0
    },
    "2023-09-30": {
        "Tax Effect Of Unusual Items": NaN,
        "Tax Rate For Calcs": NaN,
        "Normalized EBITDA": NaN,
        "Total Unusual Items": NaN,
        "Total Unusual Items Excluding Goodwill": NaN,
        "Net Income From Continuing Operation Net Minority Interest": NaN,
        "Reconciled Depreciation": NaN,
        "Reconciled Cost Of Revenue": NaN,
        "EBITDA": NaN,
        "EBIT": NaN,
        "Net Interest Income": NaN,
        "Interest Expense": NaN,
        "Normalized Income": NaN,
        "Net Income From Continuing And Discontinued Operation": NaN,
        "Total Expenses": NaN,
        "Total Operating Income As Reported": NaN,
        "Diluted Average Shares": NaN,
        "Basic Average Shares": NaN,
        "Diluted EPS": NaN,
        "Basic EPS": NaN,
        "Diluted NI Availto Com Stockholders": NaN,
        "Net Income Common Stockholders": NaN,
        "Preferred Stock Dividends": NaN,
        "Net Income": NaN,
        "Net Income Including Noncontrolling Interests": NaN,
        "Net Income Continuous Operations": NaN,
        "Tax Provision": NaN,
        "Pretax Income": NaN,
        "Other Income Expense": NaN,
        "Other Non Operating Income Expenses": NaN,
        "Special Income Charges": NaN,
        "Other Special Charges": 21000000.0,
        "Restructuring And Mergern Acquisition": 0.0,
        "Net Non Operating Interest Income Expense": NaN,
        "Interest Expense Non Operating": NaN,
        "Operating Income": NaN,
        "Operating Expense": NaN,
        "Selling General And Administration": NaN,
        "Gross Profit": NaN,
        "Cost Of Revenue": NaN,
        "Total Revenue": NaN,
        "Operating Revenue": NaN
    },
    "2023-12-31": {
        "Tax Effect Of Unusual Items": NaN,
        "Tax Rate For Calcs": NaN,
        "Normalized EBITDA": NaN,
        "Total Unusual Items": NaN,
        "Total Unusual Items Excluding Goodwill": NaN,
        "Net Income From Continuing Operation Net Minority Interest": NaN,
        "Reconciled Depreciation": NaN,
        "Reconciled Cost Of Revenue": NaN,
        "EBITDA": NaN,
        "EBIT": NaN,
        "Net Interest Income": NaN,
        "Interest Expense": NaN,
        "Normalized Income": NaN,
        "Net Income From Continuing And Discontinued Operation": NaN,
        "Total Expenses": NaN,
        "Total Operating Income As Reported": NaN,
        "Diluted Average Shares": NaN,
        "Basic Average Shares": NaN,
        "Diluted EPS": NaN,
        "Basic EPS": NaN,
        "Diluted NI Availto Com Stockholders": NaN,
        "Net Income Common Stockholders": NaN,
        "Preferred Stock Dividends": 0.0,
        "Net Income": NaN,
        "Net Income Including Noncontrolling Interests": NaN,
        "Net Income Continuous Operations": NaN,
        "Tax Provision": NaN,
        "Pretax Income": NaN,
        "Other Income Expense": NaN,
        "Other Non Operating Income Expenses": NaN,
        "Special Income Charges": NaN,
        "Other Special Charges": 0.0,
        "Restructuring And Mergern Acquisition": NaN,
        "Net Non Operating Interest Income Expense": NaN,
        "Interest Expense Non Operating": NaN,
        "Operating Income": NaN,
        "Operating Expense": NaN,
        "Selling General And Administration": NaN,
        "Gross Profit": NaN,
        "Cost Of Revenue": NaN,
        "Total Revenue": NaN,
        "Operating Revenue": NaN
    },
    "2024-03-31": {
        "Tax Effect Of Unusual Items": NaN,
        "Tax Rate For Calcs": NaN,
        "Normalized EBITDA": NaN,
        "Total Unusual Items": NaN,
        "Total Unusual Items Excluding Goodwill": NaN,
        "Net Income From Continuing Operation Net Minority Interest": NaN,
        "Reconciled Depreciation": NaN,
        "Reconciled Cost Of Revenue": NaN,
        "EBITDA": NaN,
        "EBIT": NaN,
        "Net Interest Income": NaN,
        "Interest Expense": NaN,
        "Normalized Income": NaN,
        "Net Income From Continuing And Discontinued Operation": NaN,
        "Total Expenses": NaN,
        "Total Operating Income As Reported": NaN,
        "Diluted Average Shares": NaN,
        "Basic Average Shares": NaN,
        "Diluted EPS": NaN,
        "Basic EPS": NaN,
        "Diluted NI Availto Com Stockholders": NaN,
        "Net Income Common Stockholders": NaN,
        "Net Income": NaN,
        "Net Income Including Noncontrolling Interests": NaN,
        "Net Income Continuous Operations": NaN,
        "Tax Provision": NaN,
        "Pretax Income": NaN,
        "Other Income Expense": -12000000.0,
        "Other Non Operating Income Expenses": NaN,
        "Special Income Charges": NaN,
        "Restructuring And Mergern Acquisition": NaN,
        "Net Non Operating Interest Income Expense": NaN,
        "Interest Expense Non Operating": NaN,
        "Operating Income": NaN,
        "Operating Expense": NaN,
        "Selling General And Administration": NaN,
        "Gross Profit": NaN,
        "Cost Of Revenue": NaN,
        "Total Revenue": NaN,
        "Operating Revenue": NaN
    },
    "2024-06-30": {
        "Tax Effect Of Unusual Items": 260000.0,
        "Tax Rate For Calcs": 0.26,
        "Normalized EBITDA": 457000000.0,
        "Total Unusual Items": 1000000.0,
        "Total Unusual Items Excluding Goodwill": 1000000.0,
        "Net Income From Continuing Operation Net Minority Interest": 198000000.0,
        "Reconciled Depreciation": 108000000.0,
        "Reconciled Cost Of Revenue": 8003000000.0,
        "EBITDA": 458000000.0,
        "EBIT": 350000000.0,
        "Net Interest Income": -81000000.0,
        "Interest Expense": 81000000.0,
        "Normalized Income": 197260000.0,
        "Net Income From Continuing And Discontinued Operation": 198000000.0,
        "Total Expenses": 9357000000.0,
        "Total Operating Income As Reported": 353000000.0,
        "Diluted Average Shares": 248000000.0,
        "Basic Average Shares": 246000000.0,
        "Diluted EPS": 0.8,
        "Basic EPS": 0.81,
        "Diluted NI Availto Com Stockholders": 198000000.0,
        "Net Income Common Stockholders": 198000000.0,
        "Net Income": 198000000.0,
        "Net Income Including Noncontrolling Interests": 198000000.0,
        "Net Income Continuous Operations": 198000000.0,
        "Tax Provision": 71000000.0,
        "Pretax Income": 269000000.0,
        "Other Income Expense": -2000000.0,
        "Other Non Operating Income Expenses": -3000000.0,
        "Special Income Charges": 1000000.0,
        "Restructuring And Mergern Acquisition": -1000000.0,
        "Net Non Operating Interest Income Expense": -81000000.0,
        "Interest Expense Non Operating": 81000000.0,
        "Operating Income": 352000000.0,
        "Operating Expense": 1354000000.0,
        "Selling General And Administration": 1354000000.0,
        "Gross Profit": 1706000000.0,
        "Cost Of Revenue": 8003000000.0,
        "Total Revenue": 9709000000.0,
        "Operating Revenue": 9709000000.0
    },
    "2024-09-30": {
        "Tax Effect Of Unusual Items": -2340000.0,
        "Tax Rate For Calcs": 0.26,
        "Normalized EBITDA": 399000000.0,
        "Total Unusual Items": -9000000.0,
        "Total Unusual Items Excluding Goodwill": -9000000.0,
        "Net Income From Continuing Operation Net Minority Interest": 148000000.0,
        "Reconciled Depreciation": 114000000.0,
        "Reconciled Cost Of Revenue": 8061000000.0,
        "EBITDA": 390000000.0,
        "EBIT": 276000000.0,
        "Net Interest Income": -75000000.0,
        "Interest Expense": 75000000.0,
        "Normalized Income": 154660000.0,
        "Net Income From Continuing And Discontinued Operation": 148000000.0,
        "Total Expenses": 9440000000.0,
        "Total Operating Income As Reported": 279000000.0,
        "Diluted Average Shares": 244000000.0,
        "Basic Average Shares": 241000000.0,
        "Diluted EPS": 0.61,
        "Basic EPS": 0.61,
        "Diluted NI Availto Com Stockholders": 148000000.0,
        "Net Income Common Stockholders": 148000000.0,
        "Net Income": 148000000.0,
        "Net Income Including Noncontrolling Interests": 148000000.0,
        "Net Income Continuous Operations": 148000000.0,
        "Tax Provision": 53000000.0,
        "Pretax Income": 201000000.0,
        "Other Income Expense": -12000000.0,
        "Other Non Operating Income Expenses": -3000000.0,
        "Special Income Charges": -9000000.0,
        "Restructuring And Mergern Acquisition": 9000000.0,
        "Net Non Operating Interest Income Expense": -75000000.0,
        "Interest Expense Non Operating": 75000000.0,
        "Operating Income": 288000000.0,
        "Operating Expense": 1379000000.0,
        "Selling General And Administration": 1379000000.0,
        "Gross Profit": 1667000000.0,
        "Cost Of Revenue": 8061000000.0,
        "Total Revenue": 9728000000.0,
        "Operating Revenue": 9728000000.0
    },
    "2024-12-31": {
        "Tax Effect Of Unusual Items": -32827586.206897,
        "Tax Rate For Calcs": 0.241379,
        "Normalized EBITDA": 414000000.0,
        "Total Unusual Items": -136000000.0,
        "Total Unusual Items Excluding Goodwill": -136000000.0,
        "Net Income From Continuing Operation Net Minority Interest": 66000000.0,
        "Reconciled Depreciation": 111000000.0,
        "Reconciled Cost Of Revenue": 7825000000.0,
        "EBITDA": 278000000.0,
        "EBIT": 167000000.0,
        "Net Interest Income": -80000000.0,
        "Interest Expense": 80000000.0,
        "Normalized Income": 169172413.793103,
        "Net Income From Continuing And Discontinued Operation": 66000000.0,
        "Total Expenses": 9187000000.0,
        "Total Operating Income As Reported": 302000000.0,
        "Diluted Average Shares": 235752896.0,
        "Basic Average Shares": 232342571.0,
        "Diluted EPS": 0.28,
        "Basic EPS": 0.28,
        "Diluted NI Availto Com Stockholders": 66000000.0,
        "Net Income Common Stockholders": 66000000.0,
        "Net Income": 66000000.0,
        "Net Income Including Noncontrolling Interests": 66000000.0,
        "Net Income Continuous Operations": 66000000.0,
        "Tax Provision": 21000000.0,
        "Pretax Income": 87000000.0,
        "Other Income Expense": -137000000.0,
        "Other Non Operating Income Expenses": -1000000.0,
        "Special Income Charges": -136000000.0,
        "Restructuring And Mergern Acquisition": 2000000.0,
        "Net Non Operating Interest Income Expense": -80000000.0,
        "Interest Expense Non Operating": 80000000.0,
        "Operating Income": 304000000.0,
        "Operating Expense": 1362000000.0,
        "Selling General And Administration": 1362000000.0,
        "Gross Profit": 1666000000.0,
        "Cost Of Revenue": 7825000000.0,
        "Total Revenue": 9491000000.0,
        "Operating Revenue": 9491000000.0
    },
    "2025-03-31": {
        "Tax Effect Of Unusual Items": -1100000.0,
        "Tax Rate For Calcs": 0.22,
        "Normalized EBITDA": 342000000.0,
        "Total Unusual Items": -5000000.0,
        "Total Unusual Items Excluding Goodwill": -5000000.0,
        "Net Income From Continuing Operation Net Minority Interest": 115000000.0,
        "Reconciled Depreciation": 112000000.0,
        "Reconciled Cost Of Revenue": 7737000000.0,
        "EBITDA": 337000000.0,
        "EBIT": 225000000.0,
        "Net Interest Income": -77000000.0,
        "Interest Expense": 77000000.0,
        "Normalized Income": 118900000.0,
        "Net Income From Continuing And Discontinued Operation": 115000000.0,
        "Total Expenses": 9122000000.0,
        "Total Operating Income As Reported": 224000000.0,
        "Diluted Average Shares": 234181469.0,
        "Basic Average Shares": 230502341.0,
        "Diluted EPS": 0.49,
        "Basic EPS": 0.5,
        "Diluted NI Availto Com Stockholders": 115000000.0,
        "Net Income Common Stockholders": 115000000.0,
        "Net Income": 115000000.0,
        "Net Income Including Noncontrolling Interests": 115000000.0,
        "Net Income Continuous Operations": 115000000.0,
        "Tax Provision": 33000000.0,
        "Pretax Income": 148000000.0,
        "Other Income Expense": -4000000.0,
        "Other Non Operating Income Expenses": 1000000.0,
        "Special Income Charges": -5000000.0,
        "Restructuring And Mergern Acquisition": 5000000.0,
        "Net Non Operating Interest Income Expense": -77000000.0,
        "Interest Expense Non Operating": 77000000.0,
        "Operating Income": 229000000.0,
        "Operating Expense": 1385000000.0,
        "Selling General And Administration": 1385000000.0,
        "Gross Profit": 1614000000.0,
        "Cost Of Revenue": 7737000000.0,
        "Total Revenue": 9351000000.0,
        "Operating Revenue": 9351000000.0
    },
    "2025-06-30": {
        "Tax Effect Of Unusual Items": -500000.0,
        "Tax Rate For Calcs": 0.25,
        "Normalized EBITDA": 491000000.0,
        "Total Unusual Items": -2000000.0,
        "Total Unusual Items Excluding Goodwill": -2000000.0,
        "Net Income From Continuing Operation Net Minority Interest": 224000000.0,
        "Reconciled Depreciation": 115000000.0,
        "Reconciled Cost Of Revenue": 8305000000.0,
        "EBITDA": 489000000.0,
        "EBIT": 374000000.0,
        "Net Interest Income": -74000000.0,
        "Interest Expense": 74000000.0,
        "Normalized Income": 225500000.0,
        "Net Income From Continuing And Discontinued Operation": 224000000.0,
        "Total Expenses": 9708000000.0,
        "Total Operating Income As Reported": 372000000.0,
        "Diluted Average Shares": 232971905.0,
        "Basic Average Shares": 230302132.0,
        "Diluted EPS": 0.96,
        "Basic EPS": 0.97,
        "Diluted NI Availto Com Stockholders": 224000000.0,
        "Net Income Common Stockholders": 224000000.0,
        "Net Income": 224000000.0,
        "Net Income Including Noncontrolling Interests": 224000000.0,
        "Net Income Continuous Operations": 224000000.0,
        "Tax Provision": 76000000.0,
        "Pretax Income": 300000000.0,
        "Other Income Expense": NaN,
        "Other Non Operating Income Expenses": 2000000.0,
        "Special Income Charges": -2000000.0,
        "Restructuring And Mergern Acquisition": 2000000.0,
        "Net Non Operating Interest Income Expense": -74000000.0,
        "Interest Expense Non Operating": 74000000.0,
        "Operating Income": 374000000.0,
        "Operating Expense": 1403000000.0,
        "Selling General And Administration": 1403000000.0,
        "Gross Profit": 1777000000.0,
        "Cost Of Revenue": 8305000000.0,
        "Total Revenue": 10082000000.0,
        "Operating Revenue": 10082000000.0
    }
}