{
    "2023-03-31": {
        "Tax Effect Of Unusual Items": NaN,
        "Tax Rate For Calcs": NaN,
        "Normalized EBITDA": NaN,
        "Net Income From Continuing Operation Net Minority Interest": NaN,
        "Reconciled Depreciation": NaN,
        "Reconciled Cost Of Revenue": NaN,
        "EBITDA": NaN,
        "EBIT": NaN,
        "Net Interest Income": NaN,
        "Interest Expense": NaN,
        "Interest Income": NaN,
        "Normalized Income": NaN,
        "Net Income From Continuing And Discontinued Operation": NaN,
        "Total Expenses": NaN,
        "Total Operating Income As Reported": NaN,
        "Diluted Average Shares": NaN,
        "Basic Average Shares": NaN,
        "Diluted EPS": NaN,
        "Basic EPS": NaN,
        "Diluted NI Availto Com Stockholders": NaN,
        "Net Income Common Stockholders": NaN,
        "Net Income": NaN,
        "Net Income Including Noncontrolling Interests": NaN,
        "Net Income Continuous Operations": NaN,
        "Tax Provision": NaN,
        "Pretax Income": NaN,
        "Other Income Expense": NaN,
        "Other Non Operating Income Expenses": NaN,
        "Net Non Operating Interest Income Expense": NaN,
        "Interest Expense Non Operating": NaN,
        "Interest Income Non Operating": NaN,
        "Operating Income": NaN,
        "Operating Expense": NaN,
        "Depreciation Amortization Depletion Income Statement": NaN,
        "Depreciation And Amortization In Income Statement": NaN,
        "Selling General And Administration": NaN,
        "Selling And Marketing Expense": 3873219.0,
        "General And Administrative Expense": NaN,
        "Other Gand A": 3873219.0,
        "Salaries And Wages": NaN,
        "Gross Profit": NaN,
        "Cost Of Revenue": NaN,
        "Total Revenue": NaN,
        "Operating Revenue": NaN
    },
    "2022-12-31": {
        "Tax Effect Of Unusual Items": NaN,
        "Tax Rate For Calcs": NaN,
        "Normalized EBITDA": NaN,
        "Net Income From Continuing Operation Net Minority Interest": NaN,
        "Reconciled Depreciation": NaN,
        "Reconciled Cost Of Revenue": NaN,
        "EBITDA": NaN,
        "EBIT": NaN,
        "Net Interest Income": NaN,
        "Interest Expense": NaN,
        "Interest Income": NaN,
        "Normalized Income": NaN,
        "Net Income From Continuing And Discontinued Operation": NaN,
        "Total Expenses": NaN,
        "Total Operating Income As Reported": NaN,
        "Diluted Average Shares": NaN,
        "Basic Average Shares": NaN,
        "Diluted EPS": NaN,
        "Basic EPS": NaN,
        "Diluted NI Availto Com Stockholders": NaN,
        "Net Income Common Stockholders": NaN,
        "Net Income": NaN,
        "Net Income Including Noncontrolling Interests": NaN,
        "Net Income Continuous Operations": NaN,
        "Tax Provision": NaN,
        "Pretax Income": NaN,
        "Other Income Expense": NaN,
        "Other Non Operating Income Expenses": NaN,
        "Net Non Operating Interest Income Expense": NaN,
        "Interest Expense Non Operating": NaN,
        "Interest Income Non Operating": NaN,
        "Operating Income": NaN,
        "Operating Expense": NaN,
        "Depreciation Amortization Depletion Income Statement": NaN,
        "Depreciation And Amortization In Income Statement": NaN,
        "Selling General And Administration": NaN,
        "Selling And Marketing Expense": NaN,
        "General And Administrative Expense": NaN,
        "Other Gand A": 3677161.0,
        "Salaries And Wages": NaN,
        "Gross Profit": NaN,
        "Cost Of Revenue": NaN,
        "Total Revenue": NaN,
        "Operating Revenue": NaN
    },
    "2022-09-30": {
        "Tax Effect Of Unusual Items": NaN,
        "Tax Rate For Calcs": NaN,
        "Normalized EBITDA": NaN,
        "Net Income From Continuing Operation Net Minority Interest": NaN,
        "Reconciled Depreciation": NaN,
        "Reconciled Cost Of Revenue": NaN,
        "EBITDA": NaN,
        "EBIT": NaN,
        "Net Interest Income": NaN,
        "Interest Expense": NaN,
        "Interest Income": NaN,
        "Normalized Income": NaN,
        "Net Income From Continuing And Discontinued Operation": NaN,
        "Total Expenses": NaN,
        "Total Operating Income As Reported": NaN,
        "Diluted Average Shares": 20371654.0,
        "Basic Average Shares": 20371654.0,
        "Diluted EPS": -0.09,
        "Basic EPS": -0.09,
        "Diluted NI Availto Com Stockholders": NaN,
        "Net Income Common Stockholders": NaN,
        "Net Income": NaN,
        "Net Income Including Noncontrolling Interests": NaN,
        "Net Income Continuous Operations": NaN,
        "Tax Provision": NaN,
        "Pretax Income": NaN,
        "Other Income Expense": NaN,
        "Other Non Operating Income Expenses": NaN,
        "Net Non Operating Interest Income Expense": NaN,
        "Interest Expense Non Operating": NaN,
        "Interest Income Non Operating": NaN,
        "Operating Income": NaN,
        "Operating Expense": NaN,
        "Depreciation Amortization Depletion Income Statement": NaN,
        "Depreciation And Amortization In Income Statement": NaN,
        "Selling General And Administration": NaN,
        "Selling And Marketing Expense": 3679484.0,
        "General And Administrative Expense": NaN,
        "Other Gand A": 3679484.0,
        "Salaries And Wages": NaN,
        "Gross Profit": NaN,
        "Cost Of Revenue": NaN,
        "Total Revenue": NaN,
        "Operating Revenue": NaN
    },
    "2022-06-30": {
        "Tax Effect Of Unusual Items": 0.0,
        "Tax Rate For Calcs": 0.4,
        "Normalized EBITDA": -1061327.0,
        "Net Income From Continuing Operation Net Minority Interest": -1940345.0,
        "Reconciled Depreciation": 807934.0,
        "Reconciled Cost Of Revenue": 12955782.0,
        "EBITDA": -1061327.0,
        "EBIT": -1869261.0,
        "Net Interest Income": 82.0,
        "Interest Expense": 1084.0,
        "Interest Income": 1166.0,
        "Normalized Income": -1940345.0,
        "Net Income From Continuing And Discontinued Operation": -1940345.0,
        "Total Expenses": 18086113.0,
        "Total Operating Income As Reported": -1870427.0,
        "Diluted Average Shares": 20316572.0,
        "Basic Average Shares": 20316572.0,
        "Diluted EPS": -0.1,
        "Basic EPS": -0.1,
        "Diluted NI Availto Com Stockholders": -1940345.0,
        "Net Income Common Stockholders": -1940345.0,
        "Net Income": -1940345.0,
        "Net Income Including Noncontrolling Interests": -1940345.0,
        "Net Income Continuous Operations": -1940345.0,
        "Tax Provision": 70000.0,
        "Pretax Income": -1870345.0,
        "Net Non Operating Interest Income Expense": 82.0,
        "Interest Expense Non Operating": 1084.0,
        "Interest Income Non Operating": 1166.0,
        "Operating Income": -1870427.0,
        "Operating Expense": 5130331.0,
        "Depreciation Amortization Depletion Income Statement": 807934.0,
        "Depreciation And Amortization In Income Statement": 807934.0,
        "Selling General And Administration": 4322397.0,
        "Selling And Marketing Expense": 3848696.0,
        "General And Administrative Expense": 4322397.0,
        "Other Gand A": 3848696.0,
        "Salaries And Wages": 473701.0,
        "Gross Profit": 3259904.0,
        "Cost Of Revenue": 12955782.0,
        "Total Revenue": 16215686.0,
        "Operating Revenue": 16215686.0
    },
    "2022-03-31": {
        "Diluted EPS": -0.08,
        "Total Revenue": 18,
        "Gross Profit": 4,
        "Operating Income": -2,
        "EBIT": -1,
        "Net Income": -2
    },
    "2021-12-31": {
        "Diluted EPS": 0.0,
        "Total Revenue": 17,
        "Gross Profit": 5,
        "Operating Income": 0,
        "EBIT": 1,
        "Net Income": 0
    },
    "2021-09-30": {
        "Diluted EPS": 0.01,
        "Total Revenue": 16,
        "Gross Profit": 4,
        "Operating Income": 0,
        "EBIT": 1,
        "Net Income": 0
    },
    "2021-06-30": {
        "Diluted EPS": 0.01,
        "Total Revenue": 15,
        "Gross Profit": 4,
        "Operating Income": 0,
        "EBIT": 1,
        "Net Income": 0
    },
    "2021-03-31": {
        "Diluted EPS": -0.04,
        "Total Revenue": 13,
        "Gross Profit": 3,
        "Operating Income": -1,
        "EBIT": 0,
        "Net Income": -1
    },
    "2020-12-31": {
        "Diluted EPS": 0.03,
        "Total Revenue": 9,
        "Gross Profit": 2,
        "Operating Income": -1,
        "EBIT": 0,
        "Net Income": 0
    },
    "2020-09-30": {
        "Diluted EPS": -0.06,
        "Total Revenue": 8,
        "Gross Profit": 2,
        "Operating Income": -1,
        "EBIT": -1,
        "Net Income": -1
    },
    "2020-06-30": {
        "Diluted EPS": -0.1,
        "Total Revenue": 7,
        "Gross Profit": 1,
        "Operating Income": -1,
        "EBIT": -1,
        "Net Income": -1
    },
    "2020-03-31": {
        "Diluted EPS": -0.06,
        "Total Revenue": 8,
        "Gross Profit": 2,
        "Operating Income": -1,
        "EBIT": 0,
        "Net Income": -1
    },
    "2019-12-31": {
        "Diluted EPS": -0.11,
        "Total Revenue": 7,
        "Gross Profit": 1,
        "Operating Income": -1,
        "EBIT": -1,
        "Net Income": -2
    },
    "2019-09-30": {
        "Diluted EPS": -0.09,
        "Total Revenue": 7,
        "Gross Profit": 2,
        "Operating Income": -1,
        "EBIT": -1,
        "Net Income": -1
    },
    "2019-06-30": {
        "Diluted EPS": -0.1,
        "Total Revenue": 7,
        "Gross Profit": 2,
        "Operating Income": -1,
        "EBIT": -1,
        "Net Income": -1
    },
    "2019-03-31": {
        "Diluted EPS": -0.09,
        "Total Revenue": 7,
        "Gross Profit": 1,
        "Operating Income": -1,
        "EBIT": -1,
        "Net Income": -1
    },
    "2018-12-31": {
        "Diluted EPS": -0.06,
        "Total Revenue": 6,
        "Gross Profit": 2,
        "Operating Income": -1,
        "EBIT": 0,
        "Net Income": -1
    },
    "2018-09-30": {
        "Diluted EPS": -0.07,
        "Total Revenue": 6,
        "Gross Profit": 1,
        "Operating Income": -1,
        "EBIT": 0,
        "Net Income": -1
    },
    "2018-06-30": {
        "Diluted EPS": -0.09,
        "Total Revenue": 6,
        "Gross Profit": 1,
        "Operating Income": -1,
        "EBIT": -1,
        "Net Income": -1
    },
    "2018-03-31": {
        "Diluted EPS": -0.09,
        "Total Revenue": 6,
        "Gross Profit": 1,
        "Operating Income": -1,
        "EBIT": -1,
        "Net Income": -1
    },
    "2017-12-31": {
        "Diluted EPS": -0.14,
        "Total Revenue": 6,
        "Gross Profit": 1,
        "Operating Income": -1,
        "EBIT": -1,
        "Net Income": -1
    },
    "2017-09-30": {
        "Diluted EPS": -0.1,
        "Total Revenue": 4,
        "Gross Profit": 1,
        "Operating Income": -1,
        "EBIT": -1,
        "Net Income": -1
    },
    "2017-06-30": {
        "Diluted EPS": -0.06,
        "Total Revenue": 3,
        "Gross Profit": 1,
        "Operating Income": -1,
        "EBIT": 0,
        "Net Income": -1
    },
    "2017-03-31": {
        "Diluted EPS": -0.03,
        "Total Revenue": 3,
        "Gross Profit": 1,
        "Operating Income": 0,
        "EBIT": 0,
        "Net Income": 0
    },
    "2016-12-31": {
        "Diluted EPS": -0.03,
        "Total Revenue": 3,
        "Gross Profit": 1,
        "Operating Income": 0,
        "EBIT": 0,
        "Net Income": 0
    },
    "2016-09-30": {
        "Diluted EPS": -0.07,
        "Total Revenue": 3,
        "Gross Profit": 1,
        "Operating Income": -1,
        "EBIT": 0,
        "Net Income": -1
    },
    "2016-06-30": {
        "Diluted EPS": -0.05,
        "Total Revenue": 3,
        "Gross Profit": 1,
        "Operating Income": 0,
        "EBIT": 0,
        "Net Income": 0
    },
    "2016-03-31": {
        "Diluted EPS": 0.0,
        "Total Revenue": 3,
        "Gross Profit": 1,
        "Operating Income": 0,
        "EBIT": 0,
        "Net Income": 0
    },
    "2015-12-31": {
        "Diluted EPS": 0.01,
        "Total Revenue": 4,
        "Gross Profit": 1,
        "Operating Income": 0,
        "EBIT": 0,
        "Net Income": 0
    },
    "2015-09-30": {
        "Diluted EPS": 0.01,
        "Total Revenue": 4,
        "Gross Profit": 1,
        "Operating Income": 0,
        "EBIT": 0,
        "Net Income": 0
    },
    "2015-06-30": {
        "Diluted EPS": 0.0,
        "Total Revenue": 3,
        "Gross Profit": 1,
        "Operating Income": 0,
        "EBIT": 0,
        "Net Income": 0
    },
    "2015-03-31": {
        "Diluted EPS": 0.06,
        "Total Revenue": 4,
        "Gross Profit": 1,
        "Operating Income": 1,
        "EBIT": 1,
        "Net Income": 1
    },
    "2014-12-31": {
        "Diluted EPS": 0.28,
        "Total Revenue": 4,
        "Gross Profit": 1,
        "Operating Income": 1,
        "EBIT": 1,
        "Net Income": 3
    },
    "2014-09-30": {
        "Diluted EPS": 0.08,
        "Total Revenue": 4,
        "Gross Profit": 1,
        "Operating Income": 1,
        "EBIT": 1,
        "Net Income": 1
    },
    "2014-06-30": {
        "Diluted EPS": 0.05,
        "Total Revenue": 3,
        "Gross Profit": 1,
        "Operating Income": 0,
        "EBIT": 0,
        "Net Income": 0
    },
    "2014-03-31": {
        "Diluted EPS": 0.0,
        "Total Revenue": 3,
        "Gross Profit": 1,
        "Operating Income": 0,
        "EBIT": 0,
        "Net Income": 0
    },
    "2013-12-31": {
        "Diluted EPS": 0.0,
        "Total Revenue": 2,
        "Gross Profit": 0,
        "Operating Income": 0,
        "EBIT": 0,
        "Net Income": 0
    },
    "2013-09-30": {
        "Diluted EPS": 0.0,
        "Total Revenue": 1,
        "Gross Profit": 0,
        "Operating Income": 0,
        "EBIT": 0,
        "Net Income": 0
    },
    "2013-06-30": {
        "Diluted EPS": 0.0,
        "Total Revenue": 1,
        "Gross Profit": 0,
        "Operating Income": 0,
        "EBIT": 0,
        "Net Income": 0
    },
    "2013-03-31": {
        "Diluted EPS": 0.0,
        "Total Revenue": 1,
        "Gross Profit": 0,
        "Operating Income": 0,
        "EBIT": 0,
        "Net Income": 0
    },
    "2012-12-31": {
        "Diluted EPS": 0.0,
        "Total Revenue": 2,
        "Gross Profit": 1,
        "Operating Income": 1,
        "EBIT": 1,
        "Net Income": 0
    },
    "2012-09-30": {
        "Diluted EPS": 0.0,
        "Total Revenue": 2,
        "Gross Profit": 1,
        "Operating Income": 1,
        "EBIT": 1,
        "Net Income": 1
    },
    "2012-06-30": {
        "Diluted EPS": 0.0,
        "Total Revenue": 1,
        "Gross Profit": 1,
        "Operating Income": 0,
        "EBIT": 0,
        "Net Income": 0
    },
    "2012-03-31": {
        "Diluted EPS": 0.0,
        "Total Revenue": 1,
        "Gross Profit": 1,
        "Operating Income": 0,
        "EBIT": 0,
        "Net Income": 0
    },
    "2011-12-31": {
        "Diluted EPS": 0.0,
        "Total Revenue": 2,
        "Gross Profit": 1,
        "Operating Income": 0,
        "EBIT": 0,
        "Net Income": 0
    },
    "2011-09-30": {
        "Diluted EPS": 0.0,
        "Total Revenue": 1,
        "Gross Profit": 1,
        "Operating Income": 0,
        "EBIT": 0,
        "Net Income": 0
    },
    "2011-06-30": {
        "Diluted EPS": 0.0,
        "Total Revenue": 1,
        "Gross Profit": 0,
        "Operating Income": 0,
        "EBIT": 0,
        "Net Income": 0
    },
    "2011-03-31": {
        "Diluted EPS": 0.0,
        "Total Revenue": 1,
        "Gross Profit": 0,
        "Operating Income": 0,
        "EBIT": 0,
        "Net Income": 0
    },
    "2010-12-31": {
        "Diluted EPS": 0.0,
        "Total Revenue": 1,
        "Gross Profit": 0,
        "Operating Income": 0,
        "EBIT": 0,
        "Net Income": 0
    },
    "2010-09-30": {
        "Diluted EPS": 0.0,
        "Total Revenue": 1,
        "Gross Profit": 0,
        "Operating Income": 0,
        "EBIT": 0,
        "Net Income": 0
    },
    "2010-06-30": {
        "Diluted EPS": 0.0,
        "Total Revenue": 1,
        "Gross Profit": 0,
        "Operating Income": 0,
        "EBIT": 0,
        "Net Income": 0
    },
    "2010-03-31": {
        "Diluted EPS": 0.0,
        "Total Revenue": 1,
        "Gross Profit": 0,
        "Operating Income": 0,
        "EBIT": 0,
        "Net Income": 0
    },
    "2009-12-31": {
        "Diluted EPS": 0.0,
        "Total Revenue": 1,
        "Gross Profit": 0,
        "Operating Income": 0,
        "EBIT": 0,
        "Net Income": 0
    },
    "2009-09-30": {
        "Diluted EPS": 0.0,
        "Total Revenue": 1,
        "Gross Profit": 0,
        "Operating Income": 0,
        "EBIT": 0,
        "Net Income": 0
    },
    "2009-06-30": {
        "Diluted EPS": 0.0,
        "Total Revenue": 1,
        "Gross Profit": 0,
        "Operating Income": 0,
        "EBIT": 0,
        "Net Income": 0
    },
    "2009-03-31": {
        "Diluted EPS": 0.0,
        "Total Revenue": 1,
        "Gross Profit": 0,
        "Operating Income": 0,
        "EBIT": 0,
        "Net Income": 0
    },
    "2023-06-30": {
        "Tax Effect Of Unusual Items": NaN,
        "Tax Rate For Calcs": NaN,
        "Normalized EBITDA": NaN,
        "Net Income From Continuing Operation Net Minority Interest": NaN,
        "Reconciled Depreciation": NaN,
        "Reconciled Cost Of Revenue": NaN,
        "EBITDA": NaN,
        "EBIT": NaN,
        "Net Interest Income": NaN,
        "Interest Expense": NaN,
        "Interest Income": NaN,
        "Normalized Income": NaN,
        "Net Income From Continuing And Discontinued Operation": NaN,
        "Total Expenses": NaN,
        "Total Operating Income As Reported": NaN,
        "Diluted Average Shares": 26413329.0,
        "Basic Average Shares": 26413329.0,
        "Diluted EPS": 0.01,
        "Basic EPS": 0.01,
        "Diluted NI Availto Com Stockholders": NaN,
        "Net Income Common Stockholders": NaN,
        "Net Income": NaN,
        "Net Income Including Noncontrolling Interests": NaN,
        "Net Income Continuous Operations": NaN,
        "Tax Provision": NaN,
        "Pretax Income": NaN,
        "Other Income Expense": NaN,
        "Other Non Operating Income Expenses": NaN,
        "Net Non Operating Interest Income Expense": NaN,
        "Interest Expense Non Operating": NaN,
        "Interest Income Non Operating": NaN,
        "Operating Income": NaN,
        "Operating Expense": NaN,
        "Depreciation Amortization Depletion Income Statement": NaN,
        "Depreciation And Amortization In Income Statement": NaN,
        "Selling General And Administration": NaN,
        "Selling And Marketing Expense": NaN,
        "General And Administrative Expense": NaN,
        "Other Gand A": 3854022.0,
        "Salaries And Wages": NaN,
        "Gross Profit": NaN,
        "Cost Of Revenue": NaN,
        "Total Revenue": NaN,
        "Operating Revenue": NaN
    },
    "2023-09-30": {
        "Tax Effect Of Unusual Items": 0.0,
        "Tax Rate For Calcs": 0.21,
        "Normalized EBITDA": -131947.0,
        "Net Income From Continuing Operation Net Minority Interest": -720913.0,
        "Reconciled Depreciation": 518573.0,
        "Reconciled Cost Of Revenue": 16325793.0,
        "EBITDA": -131947.0,
        "EBIT": -650520.0,
        "Net Interest Income": 49376.0,
        "Interest Expense": 393.0,
        "Interest Income": 49769.0,
        "Normalized Income": -720913.0,
        "Net Income From Continuing And Discontinued Operation": -720913.0,
        "Total Expenses": 21733050.0,
        "Total Operating Income As Reported": -750289.0,
        "Diluted Average Shares": 26383144.0,
        "Basic Average Shares": 26383144.0,
        "Diluted EPS": -0.03,
        "Basic EPS": -0.03,
        "Diluted NI Availto Com Stockholders": -720913.0,
        "Net Income Common Stockholders": -720913.0,
        "Net Income": -720913.0,
        "Net Income Including Noncontrolling Interests": -720913.0,
        "Net Income Continuous Operations": -720913.0,
        "Tax Provision": 70000.0,
        "Pretax Income": -650913.0,
        "Other Income Expense": 50000.0,
        "Other Non Operating Income Expenses": 50000.0,
        "Net Non Operating Interest Income Expense": 49376.0,
        "Interest Expense Non Operating": 393.0,
        "Interest Income Non Operating": 49769.0,
        "Operating Income": -750289.0,
        "Operating Expense": 5407257.0,
        "Depreciation Amortization Depletion Income Statement": 518573.0,
        "Depreciation And Amortization In Income Statement": 518573.0,
        "Selling General And Administration": 4888684.0,
        "Selling And Marketing Expense": 4293869.0,
        "General And Administrative Expense": 594815.0,
        "Other Gand A": NaN,
        "Salaries And Wages": 594815.0,
        "Gross Profit": 4656968.0,
        "Cost Of Revenue": 16325793.0,
        "Total Revenue": 20982761.0,
        "Operating Revenue": 20982761.0
    },
    "2023-12-31": {
        "Tax Effect Of Unusual Items": 0.0,
        "Tax Rate For Calcs": 0.21,
        "Normalized EBITDA": 621481.0,
        "Net Income From Continuing Operation Net Minority Interest": 25935.0,
        "Reconciled Depreciation": 521932.0,
        "Reconciled Cost Of Revenue": 14871207.0,
        "EBITDA": 621481.0,
        "EBIT": 99549.0,
        "Net Interest Income": 867647.0,
        "Interest Expense": 3614.0,
        "Interest Income": 871261.0,
        "Normalized Income": 25935.0,
        "Net Income From Continuing And Discontinued Operation": 25935.0,
        "Total Expenses": 20134430.0,
        "Total Operating Income As Reported": -771712.0,
        "Diluted Average Shares": NaN,
        "Basic Average Shares": NaN,
        "Diluted EPS": NaN,
        "Basic EPS": NaN,
        "Diluted NI Availto Com Stockholders": 25935.0,
        "Net Income Common Stockholders": 25935.0,
        "Net Income": 25935.0,
        "Net Income Including Noncontrolling Interests": 25935.0,
        "Net Income Continuous Operations": 25935.0,
        "Tax Provision": 70000.0,
        "Pretax Income": 95935.0,
        "Other Income Expense": 0.0,
        "Other Non Operating Income Expenses": 0.0,
        "Net Non Operating Interest Income Expense": 867647.0,
        "Interest Expense Non Operating": 3614.0,
        "Interest Income Non Operating": 871261.0,
        "Operating Income": -771712.0,
        "Operating Expense": 5263223.0,
        "Depreciation Amortization Depletion Income Statement": 521932.0,
        "Depreciation And Amortization In Income Statement": 521932.0,
        "Selling General And Administration": 4741291.0,
        "Selling And Marketing Expense": NaN,
        "General And Administrative Expense": 16762401.0,
        "Other Gand A": NaN,
        "Salaries And Wages": 545711.0,
        "Gross Profit": 4491511.0,
        "Cost Of Revenue": 14871207.0,
        "Total Revenue": 19362718.0,
        "Operating Revenue": 19362718.0
    },
    "2024-03-31": {
        "Tax Effect Of Unusual Items": 0.0,
        "Tax Rate For Calcs": 0.21,
        "Normalized EBITDA": 409551.0,
        "Net Income From Continuing Operation Net Minority Interest": -250188.0,
        "Reconciled Depreciation": 576154.0,
        "Reconciled Cost Of Revenue": 16116691.0,
        "EBITDA": 409551.0,
        "EBIT": -166603.0,
        "Net Interest Income": 750540.0,
        "Interest Expense": 13585.0,
        "Interest Income": 764125.0,
        "Normalized Income": -250188.0,
        "Net Income From Continuing And Discontinued Operation": -250188.0,
        "Total Expenses": 21252343.0,
        "Total Operating Income As Reported": -930728.0,
        "Diluted Average Shares": 26375762.0,
        "Basic Average Shares": 26375762.0,
        "Diluted EPS": -0.01,
        "Basic EPS": -0.01,
        "Diluted NI Availto Com Stockholders": -250188.0,
        "Net Income Common Stockholders": -250188.0,
        "Net Income": -250188.0,
        "Net Income Including Noncontrolling Interests": -250188.0,
        "Net Income Continuous Operations": -250188.0,
        "Tax Provision": 70000.0,
        "Pretax Income": -180188.0,
        "Other Income Expense": NaN,
        "Other Non Operating Income Expenses": NaN,
        "Net Non Operating Interest Income Expense": 750540.0,
        "Interest Expense Non Operating": 13585.0,
        "Interest Income Non Operating": 764125.0,
        "Operating Income": -930728.0,
        "Operating Expense": 5135652.0,
        "Depreciation Amortization Depletion Income Statement": 576154.0,
        "Depreciation And Amortization In Income Statement": 576154.0,
        "Selling General And Administration": 4559498.0,
        "Selling And Marketing Expense": NaN,
        "General And Administrative Expense": 4559498.0,
        "Other Gand A": 4060225.0,
        "Salaries And Wages": 499273.0,
        "Gross Profit": 4204924.0,
        "Cost Of Revenue": 16116691.0,
        "Total Revenue": 20321615.0,
        "Operating Revenue": 20321615.0
    },
    "2024-06-30": {
        "Tax Effect Of Unusual Items": 0.0,
        "Tax Rate For Calcs": 0.21,
        "Normalized EBITDA": 707591.0,
        "Net Income From Continuing Operation Net Minority Interest": 75492.0,
        "Reconciled Depreciation": 547849.0,
        "Reconciled Cost Of Revenue": 15280074.0,
        "EBITDA": 707591.0,
        "EBIT": 159742.0,
        "Net Interest Income": 93020.0,
        "Interest Expense": 14250.0,
        "Interest Income": 107270.0,
        "Normalized Income": 75492.0,
        "Net Income From Continuing And Discontinued Operation": 75492.0,
        "Total Expenses": 20288829.0,
        "Total Operating Income As Reported": -208941.0,
        "Diluted Average Shares": 26534407.0,
        "Basic Average Shares": 26534407.0,
        "Diluted EPS": 0.002845,
        "Basic EPS": 0.002845,
        "Diluted NI Availto Com Stockholders": 75492.0,
        "Net Income Common Stockholders": 75492.0,
        "Net Income": 75492.0,
        "Net Income Including Noncontrolling Interests": 75492.0,
        "Net Income Continuous Operations": 75492.0,
        "Tax Provision": 70000.0,
        "Pretax Income": 145492.0,
        "Other Income Expense": 261413.0,
        "Other Non Operating Income Expenses": 261413.0,
        "Net Non Operating Interest Income Expense": 93020.0,
        "Interest Expense Non Operating": 14250.0,
        "Interest Income Non Operating": 107270.0,
        "Operating Income": -208941.0,
        "Operating Expense": 5008755.0,
        "Depreciation Amortization Depletion Income Statement": 547849.0,
        "Depreciation And Amortization In Income Statement": 547849.0,
        "Selling General And Administration": 4460906.0,
        "Selling And Marketing Expense": NaN,
        "General And Administrative Expense": 4460906.0,
        "Other Gand A": 4000845.0,
        "Salaries And Wages": 460061.0,
        "Gross Profit": 4799814.0,
        "Cost Of Revenue": 15280074.0,
        "Total Revenue": 20079888.0,
        "Operating Revenue": 20079888.0
    },
    "2024-09-30": {
        "Tax Effect Of Unusual Items": 0.0,
        "Tax Rate For Calcs": 0.21,
        "Normalized EBITDA": 332632.0,
        "Net Income From Continuing Operation Net Minority Interest": 2851267.0,
        "Reconciled Depreciation": 583718.0,
        "Reconciled Cost Of Revenue": 16425321.0,
        "EBITDA": 332632.0,
        "EBIT": -251086.0,
        "Net Interest Income": 111864.0,
        "Interest Expense": 13700.0,
        "Interest Income": 125564.0,
        "Normalized Income": 2851267.0,
        "Net Income From Continuing And Discontinued Operation": 2851267.0,
        "Total Expenses": 21698128.0,
        "Total Operating Income As Reported": -376650.0,
        "Diluted Average Shares": 27322497.0,
        "Basic Average Shares": 27322497.0,
        "Diluted EPS": 0.1,
        "Basic EPS": 0.1,
        "Diluted NI Availto Com Stockholders": 2851267.0,
        "Net Income Common Stockholders": 2851267.0,
        "Net Income": 2851267.0,
        "Net Income Including Noncontrolling Interests": 2851267.0,
        "Net Income Continuous Operations": 2851267.0,
        "Tax Provision": -3116053.0,
        "Pretax Income": -264786.0,
        "Other Income Expense": NaN,
        "Other Non Operating Income Expenses": NaN,
        "Net Non Operating Interest Income Expense": 111864.0,
        "Interest Expense Non Operating": 13700.0,
        "Interest Income Non Operating": 125564.0,
        "Operating Income": -376650.0,
        "Operating Expense": 5272807.0,
        "Depreciation Amortization Depletion Income Statement": 583718.0,
        "Depreciation And Amortization In Income Statement": 583718.0,
        "Selling General And Administration": 4689089.0,
        "Selling And Marketing Expense": 4119317.0,
        "General And Administrative Expense": 569772.0,
        "Other Gand A": NaN,
        "Salaries And Wages": 569772.0,
        "Gross Profit": 4896157.0,
        "Cost Of Revenue": 16425321.0,
        "Total Revenue": 21321478.0,
        "Operating Revenue": 21321478.0
    }
}