{
    "2024-03-31": {
        "Tax Effect Of Unusual Items": NaN,
        "Tax Rate For Calcs": NaN,
        "Normalized EBITDA": NaN,
        "Total Unusual Items": NaN,
        "Total Unusual Items Excluding Goodwill": NaN,
        "Net Income From Continuing Operation Net Minority Interest": NaN,
        "Reconciled Depreciation": NaN,
        "Reconciled Cost Of Revenue": NaN,
        "EBITDA": NaN,
        "EBIT": NaN,
        "Net Interest Income": NaN,
        "Interest Income": NaN,
        "Normalized Income": NaN,
        "Net Income From Continuing And Discontinued Operation": NaN,
        "Total Expenses": NaN,
        "Total Operating Income As Reported": NaN,
        "Diluted Average Shares": NaN,
        "Basic Average Shares": NaN,
        "Diluted EPS": NaN,
        "Basic EPS": NaN,
        "Diluted NI Availto Com Stockholders": NaN,
        "Net Income Common Stockholders": NaN,
        "Net Income": NaN,
        "Minority Interests": NaN,
        "Net Income Including Noncontrolling Interests": NaN,
        "Net Income Continuous Operations": NaN,
        "Tax Provision": 0.0,
        "Pretax Income": NaN,
        "Other Income Expense": NaN,
        "Special Income Charges": NaN,
        "Gain On Sale Of Ppe": NaN,
        "Restructuring And Mergern Acquisition": NaN,
        "Earnings From Equity Interest": 0.0,
        "Gain On Sale Of Security": NaN,
        "Net Non Operating Interest Income Expense": NaN,
        "Interest Income Non Operating": NaN,
        "Operating Income": NaN,
        "Operating Expense": NaN,
        "Other Operating Expenses": NaN,
        "Selling General And Administration": NaN,
        "General And Administrative Expense": 7939000.0,
        "Other Gand A": 6594000.0,
        "Salaries And Wages": 1345000.0,
        "Gross Profit": NaN,
        "Cost Of Revenue": NaN,
        "Total Revenue": NaN,
        "Operating Revenue": NaN
    },
    "2023-12-31": {
        "Tax Effect Of Unusual Items": 0.0,
        "Tax Rate For Calcs": 0.0,
        "Normalized EBITDA": -12830000.0,
        "Total Unusual Items": -799000.0,
        "Total Unusual Items Excluding Goodwill": -799000.0,
        "Net Income From Continuing Operation Net Minority Interest": -20106000.0,
        "Reconciled Depreciation": 727000.0,
        "Reconciled Cost Of Revenue": 0.0,
        "EBITDA": -13629000.0,
        "EBIT": -14356000.0,
        "Net Interest Income": 2491000.0,
        "Interest Income": 2491000.0,
        "Normalized Income": -19307000.0,
        "Net Income From Continuing And Discontinued Operation": -20106000.0,
        "Total Expenses": 14821000.0,
        "Total Operating Income As Reported": -14356000.0,
        "Diluted Average Shares": NaN,
        "Basic Average Shares": NaN,
        "Diluted EPS": NaN,
        "Basic EPS": NaN,
        "Diluted NI Availto Com Stockholders": -20106000.0,
        "Net Income Common Stockholders": -20106000.0,
        "Net Income": -20106000.0,
        "Minority Interests": -13000.0,
        "Net Income Including Noncontrolling Interests": -20093000.0,
        "Net Income Continuous Operations": -20093000.0,
        "Pretax Income": -19817000.0,
        "Other Income Expense": -7952000.0,
        "Other Non Operating Income Expenses": NaN,
        "Special Income Charges": 0.0,
        "Gain On Sale Of Ppe": 0.0,
        "Restructuring And Mergern Acquisition": NaN,
        "Gain On Sale Of Security": -799000.0,
        "Net Non Operating Interest Income Expense": 2491000.0,
        "Interest Income Non Operating": 2491000.0,
        "Operating Income": -14356000.0,
        "Operating Expense": 14821000.0,
        "Other Operating Expenses": 7690000.0,
        "Selling General And Administration": 7131000.0,
        "General And Administrative Expense": NaN,
        "Other Gand A": NaN,
        "Salaries And Wages": NaN,
        "Gross Profit": 465000.0,
        "Cost Of Revenue": 0.0,
        "Total Revenue": 465000.0,
        "Operating Revenue": 465000.0
    },
    "2023-09-30": {
        "Tax Effect Of Unusual Items": NaN,
        "Tax Rate For Calcs": NaN,
        "Normalized EBITDA": NaN,
        "Total Unusual Items": NaN,
        "Total Unusual Items Excluding Goodwill": NaN,
        "Net Income From Continuing Operation Net Minority Interest": NaN,
        "Reconciled Depreciation": NaN,
        "Reconciled Cost Of Revenue": NaN,
        "EBITDA": NaN,
        "EBIT": NaN,
        "Net Interest Income": NaN,
        "Interest Income": NaN,
        "Normalized Income": NaN,
        "Net Income From Continuing And Discontinued Operation": NaN,
        "Total Expenses": NaN,
        "Total Operating Income As Reported": NaN,
        "Diluted Average Shares": 159784715.0,
        "Basic Average Shares": 158616883.0,
        "Diluted EPS": 0.07,
        "Basic EPS": 0.07,
        "Diluted NI Availto Com Stockholders": NaN,
        "Net Income Common Stockholders": NaN,
        "Net Income": NaN,
        "Minority Interests": NaN,
        "Net Income Including Noncontrolling Interests": NaN,
        "Net Income Continuous Operations": NaN,
        "Tax Provision": NaN,
        "Pretax Income": NaN,
        "Other Income Expense": NaN,
        "Other Non Operating Income Expenses": 7223000.0,
        "Special Income Charges": NaN,
        "Gain On Sale Of Ppe": NaN,
        "Restructuring And Mergern Acquisition": 0.0,
        "Earnings From Equity Interest": NaN,
        "Gain On Sale Of Security": NaN,
        "Net Non Operating Interest Income Expense": NaN,
        "Interest Income Non Operating": NaN,
        "Operating Income": NaN,
        "Operating Expense": NaN,
        "Other Operating Expenses": NaN,
        "Selling General And Administration": NaN,
        "General And Administrative Expense": 7304000.0,
        "Other Gand A": 6011000.0,
        "Salaries And Wages": 1293000.0,
        "Gross Profit": NaN,
        "Cost Of Revenue": NaN,
        "Total Revenue": NaN,
        "Operating Revenue": NaN
    },
    "2023-06-30": {
        "Tax Effect Of Unusual Items": NaN,
        "Tax Rate For Calcs": NaN,
        "Normalized EBITDA": NaN,
        "Total Unusual Items": NaN,
        "Total Unusual Items Excluding Goodwill": NaN,
        "Net Income From Continuing Operation Net Minority Interest": NaN,
        "Reconciled Depreciation": NaN,
        "Reconciled Cost Of Revenue": NaN,
        "EBITDA": NaN,
        "EBIT": NaN,
        "Net Interest Income": NaN,
        "Interest Income": NaN,
        "Normalized Income": NaN,
        "Net Income From Continuing And Discontinued Operation": NaN,
        "Total Expenses": NaN,
        "Total Operating Income As Reported": NaN,
        "Diluted Average Shares": 158137420.0,
        "Basic Average Shares": 158137420.0,
        "Diluted EPS": -0.03,
        "Basic EPS": -0.03,
        "Diluted NI Availto Com Stockholders": NaN,
        "Net Income Common Stockholders": NaN,
        "Net Income": NaN,
        "Minority Interests": NaN,
        "Net Income Including Noncontrolling Interests": NaN,
        "Net Income Continuous Operations": NaN,
        "Pretax Income": NaN,
        "Other Income Expense": NaN,
        "Other Non Operating Income Expenses": NaN,
        "Special Income Charges": NaN,
        "Gain On Sale Of Ppe": NaN,
        "Restructuring And Mergern Acquisition": 0.0,
        "Gain On Sale Of Security": NaN,
        "Net Non Operating Interest Income Expense": NaN,
        "Interest Income Non Operating": NaN,
        "Operating Income": NaN,
        "Operating Expense": NaN,
        "Other Operating Expenses": NaN,
        "Selling General And Administration": NaN,
        "General And Administrative Expense": NaN,
        "Other Gand A": NaN,
        "Salaries And Wages": NaN,
        "Gross Profit": NaN,
        "Cost Of Revenue": NaN,
        "Total Revenue": NaN,
        "Operating Revenue": NaN
    },
    "2023-03-31": {
        "Tax Effect Of Unusual Items": NaN,
        "Tax Rate For Calcs": NaN,
        "Normalized EBITDA": NaN,
        "Total Unusual Items": NaN,
        "Total Unusual Items Excluding Goodwill": NaN,
        "Net Income From Continuing Operation Net Minority Interest": NaN,
        "Reconciled Depreciation": NaN,
        "Reconciled Cost Of Revenue": NaN,
        "EBITDA": NaN,
        "EBIT": NaN,
        "Net Interest Income": NaN,
        "Interest Income": NaN,
        "Normalized Income": NaN,
        "Net Income From Continuing And Discontinued Operation": NaN,
        "Total Expenses": NaN,
        "Total Operating Income As Reported": NaN,
        "Diluted Average Shares": NaN,
        "Basic Average Shares": NaN,
        "Diluted EPS": NaN,
        "Basic EPS": NaN,
        "Diluted NI Availto Com Stockholders": NaN,
        "Net Income Common Stockholders": NaN,
        "Net Income": NaN,
        "Minority Interests": NaN,
        "Net Income Including Noncontrolling Interests": NaN,
        "Net Income Continuous Operations": NaN,
        "Pretax Income": NaN,
        "Other Income Expense": NaN,
        "Other Non Operating Income Expenses": 325000.0,
        "Special Income Charges": NaN,
        "Gain On Sale Of Ppe": NaN,
        "Restructuring And Mergern Acquisition": NaN,
        "Gain On Sale Of Security": NaN,
        "Net Non Operating Interest Income Expense": NaN,
        "Interest Income Non Operating": NaN,
        "Operating Income": NaN,
        "Operating Expense": NaN,
        "Other Operating Expenses": NaN,
        "Selling General And Administration": NaN,
        "General And Administrative Expense": 6023000.0,
        "Other Gand A": 4837000.0,
        "Salaries And Wages": 1186000.0,
        "Gross Profit": NaN,
        "Cost Of Revenue": NaN,
        "Total Revenue": NaN,
        "Operating Revenue": NaN
    },
    "2022-12-31": {
        "Tax Effect Of Unusual Items": NaN,
        "Tax Rate For Calcs": NaN,
        "Normalized EBITDA": NaN,
        "Total Unusual Items": NaN,
        "Total Unusual Items Excluding Goodwill": NaN,
        "Net Income From Continuing Operation Net Minority Interest": NaN,
        "Reconciled Depreciation": NaN,
        "Reconciled Cost Of Revenue": NaN,
        "EBITDA": NaN,
        "EBIT": NaN,
        "Net Interest Income": NaN,
        "Interest Income": NaN,
        "Normalized Income": NaN,
        "Net Income From Continuing And Discontinued Operation": NaN,
        "Total Expenses": NaN,
        "Total Operating Income As Reported": NaN,
        "Diluted Average Shares": NaN,
        "Basic Average Shares": NaN,
        "Diluted EPS": NaN,
        "Basic EPS": NaN,
        "Diluted NI Availto Com Stockholders": NaN,
        "Net Income Common Stockholders": NaN,
        "Net Income": NaN,
        "Minority Interests": NaN,
        "Net Income Including Noncontrolling Interests": NaN,
        "Net Income Continuous Operations": NaN,
        "Pretax Income": NaN,
        "Other Income Expense": NaN,
        "Other Non Operating Income Expenses": -425000.0,
        "Special Income Charges": NaN,
        "Gain On Sale Of Ppe": NaN,
        "Restructuring And Mergern Acquisition": NaN,
        "Gain On Sale Of Security": NaN,
        "Net Non Operating Interest Income Expense": NaN,
        "Interest Income Non Operating": NaN,
        "Operating Income": NaN,
        "Operating Expense": NaN,
        "Other Operating Expenses": NaN,
        "Selling General And Administration": NaN,
        "General And Administrative Expense": NaN,
        "Other Gand A": NaN,
        "Salaries And Wages": NaN,
        "Gross Profit": NaN,
        "Cost Of Revenue": NaN,
        "Total Revenue": NaN,
        "Operating Revenue": NaN
    },
    "2022-09-30": {
        "Tax Effect Of Unusual Items": NaN,
        "Tax Rate For Calcs": NaN,
        "Normalized EBITDA": NaN,
        "Total Unusual Items": NaN,
        "Total Unusual Items Excluding Goodwill": NaN,
        "Net Income From Continuing Operation Net Minority Interest": NaN,
        "Reconciled Depreciation": NaN,
        "Reconciled Cost Of Revenue": NaN,
        "EBITDA": NaN,
        "EBIT": NaN,
        "Net Interest Income": NaN,
        "Interest Income": NaN,
        "Normalized Income": NaN,
        "Net Income From Continuing And Discontinued Operation": NaN,
        "Total Expenses": NaN,
        "Total Operating Income As Reported": NaN,
        "Diluted Average Shares": 157590318.0,
        "Basic Average Shares": 157590318.0,
        "Diluted EPS": -0.06,
        "Basic EPS": -0.06,
        "Diluted NI Availto Com Stockholders": NaN,
        "Net Income Common Stockholders": NaN,
        "Net Income": NaN,
        "Minority Interests": NaN,
        "Net Income Including Noncontrolling Interests": NaN,
        "Net Income Continuous Operations": NaN,
        "Pretax Income": NaN,
        "Other Income Expense": NaN,
        "Other Non Operating Income Expenses": 60000.0,
        "Special Income Charges": NaN,
        "Gain On Sale Of Ppe": NaN,
        "Gain On Sale Of Security": NaN,
        "Net Non Operating Interest Income Expense": NaN,
        "Interest Income Non Operating": NaN,
        "Operating Income": NaN,
        "Operating Expense": NaN,
        "Other Operating Expenses": NaN,
        "Selling General And Administration": NaN,
        "General And Administrative Expense": 7075000.0,
        "Other Gand A": 5793000.0,
        "Salaries And Wages": 1282000.0,
        "Gross Profit": NaN,
        "Cost Of Revenue": NaN,
        "Total Revenue": NaN,
        "Operating Revenue": NaN
    },
    "2024-06-30": {
        "Tax Effect Of Unusual Items": NaN,
        "Tax Rate For Calcs": NaN,
        "Normalized EBITDA": NaN,
        "Total Unusual Items": NaN,
        "Total Unusual Items Excluding Goodwill": NaN,
        "Net Income From Continuing Operation Net Minority Interest": NaN,
        "Reconciled Depreciation": NaN,
        "Reconciled Cost Of Revenue": NaN,
        "EBITDA": NaN,
        "EBIT": NaN,
        "Net Interest Income": NaN,
        "Interest Income": NaN,
        "Normalized Income": NaN,
        "Net Income From Continuing And Discontinued Operation": NaN,
        "Total Expenses": NaN,
        "Total Operating Income As Reported": NaN,
        "Diluted Average Shares": 163655888.0,
        "Basic Average Shares": 163655888.0,
        "Diluted EPS": -0.04,
        "Basic EPS": -0.04,
        "Diluted NI Availto Com Stockholders": NaN,
        "Net Income Common Stockholders": NaN,
        "Net Income": NaN,
        "Minority Interests": NaN,
        "Net Income Including Noncontrolling Interests": NaN,
        "Net Income Continuous Operations": NaN,
        "Tax Provision": 0.0,
        "Pretax Income": NaN,
        "Other Income Expense": NaN,
        "Special Income Charges": NaN,
        "Gain On Sale Of Ppe": NaN,
        "Restructuring And Mergern Acquisition": 2536000.0,
        "Earnings From Equity Interest": 0.0,
        "Gain On Sale Of Security": NaN,
        "Net Non Operating Interest Income Expense": NaN,
        "Interest Income Non Operating": NaN,
        "Operating Income": NaN,
        "Operating Expense": NaN,
        "Other Operating Expenses": NaN,
        "Selling General And Administration": NaN,
        "Gross Profit": NaN,
        "Cost Of Revenue": NaN,
        "Total Revenue": NaN,
        "Operating Revenue": NaN
    },
    "2024-09-30": {
        "Tax Effect Of Unusual Items": 0.0,
        "Tax Rate For Calcs": 0.0,
        "Normalized EBITDA": -7391000.0,
        "Total Unusual Items": -2919000.0,
        "Total Unusual Items Excluding Goodwill": -2919000.0,
        "Net Income From Continuing Operation Net Minority Interest": -12060000.0,
        "Reconciled Depreciation": 141000.0,
        "Reconciled Cost Of Revenue": 1847000.0,
        "EBITDA": -10310000.0,
        "EBIT": -10451000.0,
        "Net Interest Income": 1291000.0,
        "Interest Income": 1291000.0,
        "Normalized Income": -9141000.0,
        "Net Income From Continuing And Discontinued Operation": -12060000.0,
        "Total Expenses": 14498000.0,
        "Total Operating Income As Reported": -11913000.0,
        "Diluted Average Shares": 163882537.0,
        "Basic Average Shares": 163882537.0,
        "Diluted EPS": -0.07,
        "Basic EPS": -0.07,
        "Diluted NI Availto Com Stockholders": -12060000.0,
        "Net Income Common Stockholders": -12060000.0,
        "Net Income": -12060000.0,
        "Minority Interests": 19000.0,
        "Net Income Including Noncontrolling Interests": -12079000.0,
        "Net Income Continuous Operations": -12079000.0,
        "Tax Provision": NaN,
        "Pretax Income": -12079000.0,
        "Other Income Expense": -2919000.0,
        "Special Income Charges": -1454000.0,
        "Gain On Sale Of Ppe": 8000.0,
        "Restructuring And Mergern Acquisition": 1462000.0,
        "Earnings From Equity Interest": NaN,
        "Gain On Sale Of Security": -1465000.0,
        "Net Non Operating Interest Income Expense": 1291000.0,
        "Interest Income Non Operating": 1291000.0,
        "Operating Income": -10451000.0,
        "Operating Expense": 12651000.0,
        "Other Operating Expenses": 5591000.0,
        "Selling General And Administration": 7060000.0,
        "Gross Profit": 2200000.0,
        "Cost Of Revenue": 1847000.0,
        "Total Revenue": 4047000.0,
        "Operating Revenue": 4047000.0
    },
    "2024-12-31": {
        "Tax Effect Of Unusual Items": 0.0,
        "Tax Rate For Calcs": 0.0,
        "Normalized EBITDA": -9840000.0,
        "Total Unusual Items": -12015000.0,
        "Total Unusual Items Excluding Goodwill": -12015000.0,
        "Net Income From Continuing Operation Net Minority Interest": -32926000.0,
        "Reconciled Depreciation": 1128000.0,
        "Reconciled Cost Of Revenue": 39338000.0,
        "EBITDA": -21855000.0,
        "EBIT": -22983000.0,
        "Net Interest Income": 1820000.0,
        "Interest Income": 1820000.0,
        "Normalized Income": -20911000.0,
        "Net Income From Continuing And Discontinued Operation": -32926000.0,
        "Total Expenses": 62905000.0,
        "Total Operating Income As Reported": -28579000.0,
        "Diluted Average Shares": NaN,
        "Basic Average Shares": NaN,
        "Diluted EPS": NaN,
        "Basic EPS": NaN,
        "Diluted NI Availto Com Stockholders": -32926000.0,
        "Net Income Common Stockholders": -32926000.0,
        "Net Income": -32926000.0,
        "Minority Interests": 55000.0,
        "Net Income Including Noncontrolling Interests": -32981000.0,
        "Net Income Continuous Operations": -32981000.0,
        "Tax Provision": NaN,
        "Pretax Income": -33353000.0,
        "Other Income Expense": -12190000.0,
        "Special Income Charges": -5532000.0,
        "Gain On Sale Of Ppe": 64000.0,
        "Restructuring And Mergern Acquisition": 5596000.0,
        "Earnings From Equity Interest": NaN,
        "Gain On Sale Of Security": -6483000.0,
        "Net Non Operating Interest Income Expense": 1820000.0,
        "Interest Income Non Operating": 1820000.0,
        "Operating Income": -22983000.0,
        "Operating Expense": 23567000.0,
        "Other Operating Expenses": 8299000.0,
        "Selling General And Administration": 15268000.0,
        "Gross Profit": 584000.0,
        "Cost Of Revenue": 39338000.0,
        "Total Revenue": 39922000.0,
        "Operating Revenue": 39922000.0
    },
    "2025-03-31": {
        "Tax Effect Of Unusual Items": -69280.0,
        "Tax Rate For Calcs": 0.04,
        "Normalized EBITDA": -23190000.0,
        "Total Unusual Items": -1732000.0,
        "Total Unusual Items Excluding Goodwill": -1732000.0,
        "Net Income From Continuing Operation Net Minority Interest": -26297000.0,
        "Reconciled Depreciation": 1271000.0,
        "Reconciled Cost Of Revenue": 18124000.0,
        "EBITDA": -24922000.0,
        "EBIT": -26193000.0,
        "Net Interest Income": 596000.0,
        "Interest Income": 596000.0,
        "Normalized Income": -24634280.0,
        "Net Income From Continuing And Discontinued Operation": -26297000.0,
        "Total Expenses": 43091000.0,
        "Total Operating Income As Reported": -26193000.0,
        "Diluted Average Shares": 207704905.0,
        "Basic Average Shares": 207704905.0,
        "Diluted EPS": -0.13,
        "Basic EPS": -0.13,
        "Diluted NI Availto Com Stockholders": -26297000.0,
        "Net Income Common Stockholders": -26297000.0,
        "Net Income": -26297000.0,
        "Minority Interests": 27000.0,
        "Net Income Including Noncontrolling Interests": -26324000.0,
        "Net Income Continuous Operations": -26324000.0,
        "Tax Provision": -1146000.0,
        "Pretax Income": -27470000.0,
        "Other Income Expense": -1873000.0,
        "Special Income Charges": 355000.0,
        "Gain On Sale Of Ppe": 355000.0,
        "Restructuring And Mergern Acquisition": NaN,
        "Earnings From Equity Interest": -141000.0,
        "Gain On Sale Of Security": -2087000.0,
        "Net Non Operating Interest Income Expense": 596000.0,
        "Interest Income Non Operating": 596000.0,
        "Operating Income": -26193000.0,
        "Operating Expense": 24967000.0,
        "Other Operating Expenses": 9626000.0,
        "Selling General And Administration": 15341000.0,
        "Gross Profit": -1226000.0,
        "Cost Of Revenue": 18124000.0,
        "Total Revenue": 16898000.0,
        "Operating Revenue": 16898000.0
    },
    "2025-06-30": {
        "Tax Effect Of Unusual Items": 694050.0,
        "Tax Rate For Calcs": 0.21,
        "Normalized EBITDA": -28140000.0,
        "Total Unusual Items": 3305000.0,
        "Total Unusual Items Excluding Goodwill": 3305000.0,
        "Net Income From Continuing Operation Net Minority Interest": -21812000.0,
        "Reconciled Depreciation": 1340000.0,
        "Reconciled Cost Of Revenue": 3655000.0,
        "EBITDA": -24835000.0,
        "EBIT": -26175000.0,
        "Net Interest Income": 1336000.0,
        "Interest Income": 1336000.0,
        "Normalized Income": -24422950.0,
        "Net Income From Continuing And Discontinued Operation": -21812000.0,
        "Total Expenses": 30387000.0,
        "Total Operating Income As Reported": -26175000.0,
        "Diluted Average Shares": 219775506.0,
        "Basic Average Shares": 219775506.0,
        "Diluted EPS": -0.1,
        "Basic EPS": -0.1,
        "Diluted NI Availto Com Stockholders": -21812000.0,
        "Net Income Common Stockholders": -21812000.0,
        "Net Income": -21812000.0,
        "Minority Interests": 28000.0,
        "Net Income Including Noncontrolling Interests": -21840000.0,
        "Net Income Continuous Operations": -21840000.0,
        "Tax Provision": 26000.0,
        "Pretax Income": -21814000.0,
        "Other Income Expense": 3025000.0,
        "Special Income Charges": 3135000.0,
        "Gain On Sale Of Ppe": 3135000.0,
        "Restructuring And Mergern Acquisition": 0.0,
        "Earnings From Equity Interest": -280000.0,
        "Gain On Sale Of Security": 170000.0,
        "Net Non Operating Interest Income Expense": 1336000.0,
        "Interest Income Non Operating": 1336000.0,
        "Operating Income": -26175000.0,
        "Operating Expense": 26732000.0,
        "Other Operating Expenses": 11897000.0,
        "Selling General And Administration": 14835000.0,
        "Gross Profit": 557000.0,
        "Cost Of Revenue": 3655000.0,
        "Total Revenue": 4212000.0,
        "Operating Revenue": 4212000.0
    },
    "2025-09-30": {
        "Tax Effect Of Unusual Items": 1880130.0,
        "Tax Rate For Calcs": 0.21,
        "Normalized EBITDA": -34229000.0,
        "Total Unusual Items": 8953000.0,
        "Total Unusual Items Excluding Goodwill": 8953000.0,
        "Net Income From Continuing Operation Net Minority Interest": -16736000.0,
        "Reconciled Depreciation": 1390000.0,
        "Reconciled Cost Of Revenue": 12784000.0,
        "EBITDA": -25276000.0,
        "EBIT": -26666000.0,
        "Net Interest Income": 1119000.0,
        "Interest Income": 1119000.0,
        "Normalized Income": -23808870.0,
        "Net Income From Continuing And Discontinued Operation": -16736000.0,
        "Total Expenses": 44376000.0,
        "Total Operating Income As Reported": -26666000.0,
        "Diluted Average Shares": 232704550.0,
        "Basic Average Shares": 232704550.0,
        "Diluted EPS": -0.07,
        "Basic EPS": -0.07,
        "Diluted NI Availto Com Stockholders": -16736000.0,
        "Net Income Common Stockholders": -16736000.0,
        "Net Income": -16736000.0,
        "Minority Interests": 269000.0,
        "Net Income Including Noncontrolling Interests": -17005000.0,
        "Net Income Continuous Operations": -17005000.0,
        "Tax Provision": 84000.0,
        "Pretax Income": -16921000.0,
        "Other Income Expense": 8626000.0,
        "Special Income Charges": 1806000.0,
        "Gain On Sale Of Ppe": 1806000.0,
        "Restructuring And Mergern Acquisition": 0.0,
        "Earnings From Equity Interest": -327000.0,
        "Gain On Sale Of Security": 7147000.0,
        "Net Non Operating Interest Income Expense": 1119000.0,
        "Interest Income Non Operating": 1119000.0,
        "Operating Income": -26666000.0,
        "Operating Expense": 31592000.0,
        "Other Operating Expenses": 15916000.0,
        "Selling General And Administration": 15676000.0,
        "Gross Profit": 4926000.0,
        "Cost Of Revenue": 12784000.0,
        "Total Revenue": 17710000.0,
        "Operating Revenue": 17710000.0
    }
}