{
    "2023-06-30": {
        "Tax Effect Of Unusual Items": NaN,
        "Tax Rate For Calcs": NaN,
        "Normalized EBITDA": NaN,
        "Total Unusual Items": NaN,
        "Total Unusual Items Excluding Goodwill": NaN,
        "Net Income From Continuing Operation Net Minority Interest": NaN,
        "Reconciled Depreciation": NaN,
        "Reconciled Cost Of Revenue": NaN,
        "EBITDA": NaN,
        "EBIT": NaN,
        "Net Interest Income": NaN,
        "Interest Expense": NaN,
        "Normalized Income": NaN,
        "Net Income From Continuing And Discontinued Operation": NaN,
        "Total Expenses": NaN,
        "Total Operating Income As Reported": NaN,
        "Diluted Average Shares": 2080000000.0,
        "Basic Average Shares": 1614000000.0,
        "Diluted EPS": 2.0,
        "Basic EPS": 2.0,
        "Diluted NI Availto Com Stockholders": NaN,
        "Net Income Common Stockholders": NaN,
        "Net Income": NaN,
        "Net Income Including Noncontrolling Interests": NaN,
        "Net Income Continuous Operations": NaN,
        "Tax Provision": NaN,
        "Pretax Income": NaN,
        "Other Income Expense": NaN,
        "Special Income Charges": NaN,
        "Other Special Charges": NaN,
        "Gain On Sale Of Security": NaN,
        "Net Non Operating Interest Income Expense": NaN,
        "Interest Expense Non Operating": NaN,
        "Operating Income": NaN,
        "Operating Expense": NaN,
        "Depreciation Amortization Depletion Income Statement": NaN,
        "Depreciation And Amortization In Income Statement": NaN,
        "Selling General And Administration": NaN,
        "Selling And Marketing Expense": NaN,
        "General And Administrative Expense": NaN,
        "Other Gand A": NaN,
        "Gross Profit": NaN,
        "Cost Of Revenue": NaN,
        "Total Revenue": NaN,
        "Operating Revenue": NaN
    },
    "2023-03-31": {
        "Tax Effect Of Unusual Items": 16212000.0,
        "Tax Rate For Calcs": 0.193,
        "Normalized EBITDA": 5570000000.0,
        "Total Unusual Items": 84000000.0,
        "Total Unusual Items Excluding Goodwill": 84000000.0,
        "Net Income From Continuing Operation Net Minority Interest": 4257000000.0,
        "Reconciled Depreciation": 234000000.0,
        "Reconciled Cost Of Revenue": 1694000000.0,
        "EBITDA": 5654000000.0,
        "EBIT": 5420000000.0,
        "Net Interest Income": -142000000.0,
        "Interest Expense": 142000000.0,
        "Normalized Income": 4189212000.0,
        "Net Income From Continuing And Discontinued Operation": 4257000000.0,
        "Total Expenses": 2649000000.0,
        "Total Operating Income As Reported": 5336000000.0,
        "Diluted Average Shares": 2093000000.0,
        "Basic Average Shares": 1879000000.0,
        "Diluted EPS": 2.03,
        "Basic EPS": 2.04,
        "Diluted NI Availto Com Stockholders": 4257000000.0,
        "Net Income Common Stockholders": 4257000000.0,
        "Net Income": 4257000000.0,
        "Net Income Including Noncontrolling Interests": 4257000000.0,
        "Net Income Continuous Operations": 4257000000.0,
        "Tax Provision": 1021000000.0,
        "Pretax Income": 5278000000.0,
        "Other Income Expense": 84000000.0,
        "Special Income Charges": 0.0,
        "Other Special Charges": NaN,
        "Gain On Sale Of Security": 84000000.0,
        "Net Non Operating Interest Income Expense": -142000000.0,
        "Interest Expense Non Operating": 142000000.0,
        "Operating Income": 5336000000.0,
        "Operating Expense": 955000000.0,
        "Depreciation Amortization Depletion Income Statement": 234000000.0,
        "Depreciation And Amortization In Income Statement": 234000000.0,
        "Selling General And Administration": 721000000.0,
        "Selling And Marketing Expense": 309000000.0,
        "General And Administrative Expense": 412000000.0,
        "Other Gand A": 412000000.0,
        "Gross Profit": 6291000000.0,
        "Cost Of Revenue": 1694000000.0,
        "Total Revenue": 7985000000.0,
        "Operating Revenue": 10339000000.0
    },
    "2022-12-31": {
        "Tax Effect Of Unusual Items": NaN,
        "Tax Rate For Calcs": NaN,
        "Normalized EBITDA": NaN,
        "Total Unusual Items": NaN,
        "Total Unusual Items Excluding Goodwill": NaN,
        "Net Income From Continuing Operation Net Minority Interest": NaN,
        "Reconciled Depreciation": NaN,
        "Reconciled Cost Of Revenue": NaN,
        "EBITDA": NaN,
        "EBIT": NaN,
        "Net Interest Income": NaN,
        "Interest Expense": NaN,
        "Normalized Income": NaN,
        "Net Income From Continuing And Discontinued Operation": NaN,
        "Total Expenses": NaN,
        "Total Operating Income As Reported": NaN,
        "Diluted Average Shares": NaN,
        "Basic Average Shares": NaN,
        "Diluted EPS": NaN,
        "Basic EPS": NaN,
        "Diluted NI Availto Com Stockholders": NaN,
        "Net Income Common Stockholders": NaN,
        "Net Income": NaN,
        "Net Income Including Noncontrolling Interests": NaN,
        "Net Income Continuous Operations": NaN,
        "Tax Provision": NaN,
        "Pretax Income": NaN,
        "Other Income Expense": NaN,
        "Special Income Charges": NaN,
        "Other Special Charges": 341000000.0,
        "Gain On Sale Of Security": NaN,
        "Net Non Operating Interest Income Expense": NaN,
        "Interest Expense Non Operating": NaN,
        "Operating Income": NaN,
        "Operating Expense": NaN,
        "Depreciation Amortization Depletion Income Statement": NaN,
        "Depreciation And Amortization In Income Statement": NaN,
        "Selling General And Administration": NaN,
        "Selling And Marketing Expense": NaN,
        "General And Administrative Expense": NaN,
        "Other Gand A": NaN,
        "Gross Profit": NaN,
        "Cost Of Revenue": NaN,
        "Total Revenue": NaN,
        "Operating Revenue": NaN
    },
    "2022-09-30": {
        "Tax Effect Of Unusual Items": -12033000.0,
        "Tax Rate For Calcs": 0.191,
        "Normalized EBITDA": 5316000000.0,
        "Total Unusual Items": -63000000.0,
        "Total Unusual Items Excluding Goodwill": -63000000.0,
        "Net Income From Continuing Operation Net Minority Interest": 3940000000.0,
        "Reconciled Depreciation": 226000000.0,
        "Reconciled Cost Of Revenue": 1541000000.0,
        "EBITDA": 5253000000.0,
        "EBIT": 5027000000.0,
        "Net Interest Income": -159000000.0,
        "Interest Expense": 159000000.0,
        "Normalized Income": 3990967000.0,
        "Net Income From Continuing And Discontinued Operation": 3940000000.0,
        "Total Expenses": 2697000000.0,
        "Total Operating Income As Reported": 5087000000.0,
        "Diluted Average Shares": 2116000000.0,
        "Basic Average Shares": 1638000000.0,
        "Diluted EPS": 1.86,
        "Basic EPS": 1.86,
        "Diluted NI Availto Com Stockholders": 3940000000.0,
        "Net Income Common Stockholders": 3940000000.0,
        "Net Income": 3940000000.0,
        "Net Income Including Noncontrolling Interests": 3940000000.0,
        "Net Income Continuous Operations": 3940000000.0,
        "Tax Provision": 928000000.0,
        "Pretax Income": 4868000000.0,
        "Other Income Expense": -63000000.0,
        "Special Income Charges": -3000000.0,
        "Other Special Charges": 3000000.0,
        "Gain On Sale Of Security": -60000000.0,
        "Net Non Operating Interest Income Expense": -159000000.0,
        "Interest Expense Non Operating": 159000000.0,
        "Operating Income": 5090000000.0,
        "Operating Expense": 1156000000.0,
        "Depreciation Amortization Depletion Income Statement": 226000000.0,
        "Depreciation And Amortization In Income Statement": 226000000.0,
        "Selling General And Administration": 930000000.0,
        "Selling And Marketing Expense": 429000000.0,
        "General And Administrative Expense": 501000000.0,
        "Other Gand A": 501000000.0,
        "Gross Profit": 6246000000.0,
        "Cost Of Revenue": 1541000000.0,
        "Total Revenue": 7787000000.0,
        "Operating Revenue": 7787000000.0
    },
    "2022-06-30": {
        "Tax Effect Of Unusual Items": -100825000.0,
        "Tax Rate For Calcs": 0.109,
        "Normalized EBITDA": 5095000000.0,
        "Total Unusual Items": -925000000.0,
        "Total Unusual Items Excluding Goodwill": -925000000.0,
        "Net Income From Continuing Operation Net Minority Interest": 3411000000.0,
        "Reconciled Depreciation": 230000000.0,
        "Reconciled Cost Of Revenue": 1461000000.0,
        "EBITDA": 4170000000.0,
        "EBIT": 3940000000.0,
        "Net Interest Income": -111000000.0,
        "Interest Expense": 111000000.0,
        "Normalized Income": 4235175000.0,
        "Net Income From Continuing And Discontinued Operation": 3411000000.0,
        "Total Expenses": 2410000000.0,
        "Total Operating Income As Reported": 4148000000.0,
        "Diluted Average Shares": 2129000000.0,
        "Basic Average Shares": 1642000000.0,
        "Diluted EPS": 1.6,
        "Basic EPS": 1.6,
        "Diluted NI Availto Com Stockholders": 3411000000.0,
        "Net Income Common Stockholders": 3411000000.0,
        "Net Income": 3411000000.0,
        "Net Income Including Noncontrolling Interests": 3411000000.0,
        "Net Income Continuous Operations": 3411000000.0,
        "Tax Provision": 418000000.0,
        "Pretax Income": 3829000000.0,
        "Other Income Expense": -925000000.0,
        "Special Income Charges": -717000000.0,
        "Other Special Charges": 717000000.0,
        "Gain On Sale Of Security": -208000000.0,
        "Net Non Operating Interest Income Expense": -111000000.0,
        "Interest Expense Non Operating": 111000000.0,
        "Operating Income": 4865000000.0,
        "Operating Expense": 949000000.0,
        "Depreciation Amortization Depletion Income Statement": 230000000.0,
        "Depreciation And Amortization In Income Statement": 230000000.0,
        "Selling General And Administration": 719000000.0,
        "Selling And Marketing Expense": 313000000.0,
        "General And Administrative Expense": 406000000.0,
        "Other Gand A": 406000000.0,
        "Gross Profit": 5814000000.0,
        "Cost Of Revenue": 1461000000.0,
        "Total Revenue": 7275000000.0,
        "Operating Revenue": 7275000000.0
    },
    "2023-09-30": {
        "Tax Effect Of Unusual Items": 23722498.225692,
        "Tax Rate For Calcs": 0.169446,
        "Normalized EBITDA": 5926000000.0,
        "Total Unusual Items": 140000000.0,
        "Total Unusual Items Excluding Goodwill": 140000000.0,
        "Net Income From Continuing Operation Net Minority Interest": 4681000000.0,
        "Reconciled Depreciation": 247000000.0,
        "Reconciled Cost Of Revenue": 1695000000.0,
        "EBITDA": 6066000000.0,
        "EBIT": 5819000000.0,
        "Net Interest Income": -183000000.0,
        "Interest Expense": 183000000.0,
        "Normalized Income": 4564722498.225692,
        "Net Income From Continuing And Discontinued Operation": 4681000000.0,
        "Total Expenses": 2930000000.0,
        "Total Operating Income As Reported": 5550000000.0,
        "Diluted Average Shares": 2065000000.0,
        "Basic Average Shares": 1603000000.0,
        "Diluted EPS": 2.27,
        "Basic EPS": 2.27,
        "Diluted NI Availto Com Stockholders": 4681000000.0,
        "Net Income Common Stockholders": 4681000000.0,
        "Net Income": 4681000000.0,
        "Net Income Including Noncontrolling Interests": 4681000000.0,
        "Net Income Continuous Operations": 4681000000.0,
        "Tax Provision": 955000000.0,
        "Pretax Income": 5636000000.0,
        "Other Income Expense": 140000000.0,
        "Special Income Charges": -129000000.0,
        "Other Special Charges": 129000000.0,
        "Gain On Sale Of Security": 269000000.0,
        "Net Non Operating Interest Income Expense": -183000000.0,
        "Interest Expense Non Operating": 183000000.0,
        "Operating Income": 5679000000.0,
        "Operating Expense": 1235000000.0,
        "Depreciation Amortization Depletion Income Statement": 247000000.0,
        "Depreciation And Amortization In Income Statement": 247000000.0,
        "Selling General And Administration": 988000000.0,
        "Selling And Marketing Expense": 403000000.0,
        "General And Administrative Expense": 585000000.0,
        "Other Gand A": 585000000.0,
        "Gross Profit": 6914000000.0,
        "Cost Of Revenue": 1695000000.0,
        "Total Revenue": 8609000000.0,
        "Operating Revenue": 11304000000.0
    },
    "2023-12-31": {
        "Tax Effect Of Unusual Items": NaN,
        "Tax Rate For Calcs": NaN,
        "Normalized EBITDA": NaN,
        "Total Unusual Items": NaN,
        "Total Unusual Items Excluding Goodwill": NaN,
        "Net Income From Continuing Operation Net Minority Interest": NaN,
        "Reconciled Depreciation": NaN,
        "Reconciled Cost Of Revenue": NaN,
        "EBITDA": NaN,
        "EBIT": NaN,
        "Net Interest Income": NaN,
        "Interest Expense": NaN,
        "Normalized Income": NaN,
        "Net Income From Continuing And Discontinued Operation": NaN,
        "Total Expenses": NaN,
        "Total Operating Income As Reported": NaN,
        "Diluted Average Shares": 2045000000.0,
        "Basic Average Shares": 1584000000.0,
        "Diluted EPS": 2.39,
        "Basic EPS": 2.39,
        "Diluted NI Availto Com Stockholders": NaN,
        "Net Income Common Stockholders": NaN,
        "Net Income": NaN,
        "Net Income Including Noncontrolling Interests": NaN,
        "Net Income Continuous Operations": NaN,
        "Tax Provision": NaN,
        "Pretax Income": NaN,
        "Other Income Expense": NaN,
        "Special Income Charges": NaN,
        "Other Special Charges": NaN,
        "Gain On Sale Of Security": NaN,
        "Net Non Operating Interest Income Expense": NaN,
        "Interest Expense Non Operating": NaN,
        "Operating Income": NaN,
        "Operating Expense": NaN,
        "Depreciation Amortization Depletion Income Statement": NaN,
        "Depreciation And Amortization In Income Statement": NaN,
        "Selling General And Administration": NaN,
        "Selling And Marketing Expense": NaN,
        "General And Administrative Expense": NaN,
        "Other Gand A": NaN,
        "Gross Profit": NaN,
        "Cost Of Revenue": NaN,
        "Total Revenue": NaN,
        "Operating Revenue": NaN
    },
    "2024-03-31": {
        "Tax Effect Of Unusual Items": -29106000.0,
        "Tax Rate For Calcs": 0.154,
        "Normalized EBITDA": 6033000000.0,
        "Total Unusual Items": -189000000.0,
        "Total Unusual Items Excluding Goodwill": -189000000.0,
        "Net Income From Continuing Operation Net Minority Interest": 4663000000.0,
        "Reconciled Depreciation": 249000000.0,
        "Reconciled Cost Of Revenue": 1792000000.0,
        "EBITDA": 5844000000.0,
        "EBIT": 5595000000.0,
        "Net Interest Income": -82000000.0,
        "Interest Expense": 82000000.0,
        "Normalized Income": 4822894000.0,
        "Net Income From Continuing And Discontinued Operation": 4663000000.0,
        "Total Expenses": 2991000000.0,
        "Total Operating Income As Reported": 5354000000.0,
        "Diluted Average Shares": 2039000000.0,
        "Basic Average Shares": 1579000000.0,
        "Diluted EPS": 2.29,
        "Basic EPS": 2.29,
        "Diluted NI Availto Com Stockholders": 4663000000.0,
        "Net Income Common Stockholders": 4663000000.0,
        "Net Income": 4663000000.0,
        "Net Income Including Noncontrolling Interests": 4663000000.0,
        "Net Income Continuous Operations": 4663000000.0,
        "Tax Provision": 850000000.0,
        "Pretax Income": 5513000000.0,
        "Other Income Expense": -189000000.0,
        "Special Income Charges": -430000000.0,
        "Other Special Charges": 430000000.0,
        "Gain On Sale Of Security": 241000000.0,
        "Net Non Operating Interest Income Expense": -82000000.0,
        "Interest Expense Non Operating": 82000000.0,
        "Operating Income": 5784000000.0,
        "Operating Expense": 1199000000.0,
        "Depreciation Amortization Depletion Income Statement": 249000000.0,
        "Depreciation And Amortization In Income Statement": 249000000.0,
        "Selling General And Administration": 950000000.0,
        "Selling And Marketing Expense": 338000000.0,
        "General And Administrative Expense": 612000000.0,
        "Other Gand A": 612000000.0,
        "Gross Profit": 6983000000.0,
        "Cost Of Revenue": 1792000000.0,
        "Total Revenue": 8775000000.0,
        "Operating Revenue": 11276000000.0
    },
    "2024-06-30": {
        "Tax Effect Of Unusual Items": 43643012.189013,
        "Tax Rate For Calcs": 0.186509,
        "Normalized EBITDA": 6215000000.0,
        "Total Unusual Items": 234000000.0,
        "Total Unusual Items Excluding Goodwill": 234000000.0,
        "Net Income From Continuing Operation Net Minority Interest": 4872000000.0,
        "Reconciled Depreciation": 264000000.0,
        "Reconciled Cost Of Revenue": 1773000000.0,
        "EBITDA": 6449000000.0,
        "EBIT": 6185000000.0,
        "Net Interest Income": -196000000.0,
        "Interest Expense": 196000000.0,
        "Normalized Income": 4681643012.189013,
        "Net Income From Continuing And Discontinued Operation": 4872000000.0,
        "Total Expenses": 2949000000.0,
        "Total Operating Income As Reported": 5938000000.0,
        "Diluted Average Shares": 2029000000.0,
        "Basic Average Shares": 1610000000.0,
        "Diluted EPS": 2.4,
        "Basic EPS": 2.4,
        "Diluted NI Availto Com Stockholders": 4872000000.0,
        "Net Income Common Stockholders": 4872000000.0,
        "Net Income": 4872000000.0,
        "Net Income Including Noncontrolling Interests": 4872000000.0,
        "Net Income Continuous Operations": 4872000000.0,
        "Tax Provision": 1117000000.0,
        "Pretax Income": 5989000000.0,
        "Other Income Expense": 234000000.0,
        "Special Income Charges": -13000000.0,
        "Other Special Charges": 13000000.0,
        "Gain On Sale Of Security": 247000000.0,
        "Net Non Operating Interest Income Expense": -196000000.0,
        "Interest Expense Non Operating": 196000000.0,
        "Operating Income": 5951000000.0,
        "Operating Expense": 1176000000.0,
        "Depreciation Amortization Depletion Income Statement": 264000000.0,
        "Depreciation And Amortization In Income Statement": 264000000.0,
        "Selling General And Administration": 912000000.0,
        "Selling And Marketing Expense": 378000000.0,
        "General And Administrative Expense": 534000000.0,
        "Other Gand A": 534000000.0,
        "Gross Profit": 7127000000.0,
        "Cost Of Revenue": 1773000000.0,
        "Total Revenue": 8900000000.0,
        "Operating Revenue": 11650000000.0
    },
    "2024-09-30": {
        "Tax Effect Of Unusual Items": 31262711.864407,
        "Tax Rate For Calcs": 0.165411,
        "Normalized EBITDA": 6633000000.0,
        "Total Unusual Items": 189000000.0,
        "Total Unusual Items Excluding Goodwill": 189000000.0,
        "Net Income From Continuing Operation Net Minority Interest": 5318000000.0,
        "Reconciled Depreciation": 274000000.0,
        "Reconciled Cost Of Revenue": 1817000000.0,
        "EBITDA": 6822000000.0,
        "EBIT": 6548000000.0,
        "Net Interest Income": -176000000.0,
        "Interest Expense": 176000000.0,
        "Normalized Income": 5160262711.864407,
        "Net Income From Continuing And Discontinued Operation": 5318000000.0,
        "Total Expenses": 3258000000.0,
        "Total Operating Income As Reported": 6349000000.0,
        "Diluted Average Shares": NaN,
        "Basic Average Shares": NaN,
        "Diluted EPS": NaN,
        "Basic EPS": NaN,
        "Diluted NI Availto Com Stockholders": 5248000000.0,
        "Net Income Common Stockholders": 5248000000.0,
        "Otherunder Preferred Stock Dividend": 70000000.0,
        "Net Income": 5318000000.0,
        "Net Income Including Noncontrolling Interests": 5318000000.0,
        "Net Income Continuous Operations": 5318000000.0,
        "Tax Provision": 1054000000.0,
        "Pretax Income": 6372000000.0,
        "Other Income Expense": 189000000.0,
        "Special Income Charges": -10000000.0,
        "Other Special Charges": 10000000.0,
        "Gain On Sale Of Security": 199000000.0,
        "Net Non Operating Interest Income Expense": -176000000.0,
        "Interest Expense Non Operating": 176000000.0,
        "Operating Income": 6359000000.0,
        "Operating Expense": 1441000000.0,
        "Depreciation Amortization Depletion Income Statement": 274000000.0,
        "Depreciation And Amortization In Income Statement": 274000000.0,
        "Selling General And Administration": 1167000000.0,
        "Selling And Marketing Expense": 551000000.0,
        "General And Administrative Expense": 616000000.0,
        "Other Gand A": 616000000.0,
        "Gross Profit": 7800000000.0,
        "Cost Of Revenue": 1817000000.0,
        "Total Revenue": 9617000000.0,
        "Operating Revenue": 12277000000.0
    },
    "2024-12-31": {
        "Tax Effect Of Unusual Items": 18096000.0,
        "Tax Rate For Calcs": 0.174,
        "Normalized EBITDA": 6560000000.0,
        "Total Unusual Items": 104000000.0,
        "Total Unusual Items Excluding Goodwill": 104000000.0,
        "Net Income From Continuing Operation Net Minority Interest": 5119000000.0,
        "Reconciled Depreciation": 282000000.0,
        "Reconciled Cost Of Revenue": 2020000000.0,
        "EBITDA": 6664000000.0,
        "EBIT": 6382000000.0,
        "Net Interest Income": -182000000.0,
        "Interest Expense": 182000000.0,
        "Normalized Income": 5033096000.0,
        "Net Income From Continuing And Discontinued Operation": 5119000000.0,
        "Total Expenses": 3232000000.0,
        "Total Operating Income As Reported": 6234000000.0,
        "Diluted Average Shares": 2215451000.0,
        "Basic Average Shares": 1959451000.0,
        "Diluted EPS": 2.58,
        "Basic EPS": 2.58,
        "Diluted NI Availto Com Stockholders": 5064000000.0,
        "Net Income Common Stockholders": 5064000000.0,
        "Otherunder Preferred Stock Dividend": 55000000.0,
        "Net Income": 5119000000.0,
        "Net Income Including Noncontrolling Interests": 5119000000.0,
        "Net Income Continuous Operations": 5119000000.0,
        "Tax Provision": 1081000000.0,
        "Pretax Income": 6200000000.0,
        "Other Income Expense": 104000000.0,
        "Special Income Charges": -44000000.0,
        "Other Special Charges": 44000000.0,
        "Gain On Sale Of Security": 148000000.0,
        "Net Non Operating Interest Income Expense": -182000000.0,
        "Interest Expense Non Operating": 182000000.0,
        "Operating Income": 6278000000.0,
        "Operating Expense": 1212000000.0,
        "Depreciation Amortization Depletion Income Statement": 282000000.0,
        "Depreciation And Amortization In Income Statement": 282000000.0,
        "Selling General And Administration": 930000000.0,
        "Selling And Marketing Expense": 306000000.0,
        "General And Administrative Expense": 624000000.0,
        "Other Gand A": 624000000.0,
        "Gross Profit": 7490000000.0,
        "Cost Of Revenue": 2020000000.0,
        "Total Revenue": 9510000000.0,
        "Operating Revenue": 12395000000.0
    },
    "2025-03-31": {
        "Tax Effect Of Unusual Items": -132562000.0,
        "Tax Rate For Calcs": 0.158,
        "Normalized EBITDA": 6740000000.0,
        "Total Unusual Items": -839000000.0,
        "Total Unusual Items Excluding Goodwill": -839000000.0,
        "Net Income From Continuing Operation Net Minority Interest": 4577000000.0,
        "Reconciled Depreciation": 305000000.0,
        "Reconciled Cost Of Revenue": 1881000000.0,
        "EBITDA": 5901000000.0,
        "EBIT": 5596000000.0,
        "Net Interest Income": -158000000.0,
        "Interest Expense": 158000000.0,
        "Normalized Income": 5283438000.0,
        "Net Income From Continuing And Discontinued Operation": 4577000000.0,
        "Total Expenses": 3159000000.0,
        "Total Operating Income As Reported": 5435000000.0,
        "Diluted Average Shares": 2205000000.0,
        "Basic Average Shares": 1952000000.0,
        "Diluted EPS": 2.32,
        "Basic EPS": 2.32,
        "Diluted NI Availto Com Stockholders": 4530000000.0,
        "Net Income Common Stockholders": 4530000000.0,
        "Otherunder Preferred Stock Dividend": 47000000.0,
        "Net Income": 4577000000.0,
        "Net Income Including Noncontrolling Interests": 4577000000.0,
        "Net Income Continuous Operations": 4577000000.0,
        "Tax Provision": 861000000.0,
        "Pretax Income": 5438000000.0,
        "Other Income Expense": -839000000.0,
        "Special Income Charges": -1000000000.0,
        "Other Special Charges": 1000000000.0,
        "Gain On Sale Of Security": 161000000.0,
        "Net Non Operating Interest Income Expense": -158000000.0,
        "Interest Expense Non Operating": 158000000.0,
        "Operating Income": 6435000000.0,
        "Operating Expense": 1278000000.0,
        "Depreciation Amortization Depletion Income Statement": 305000000.0,
        "Depreciation And Amortization In Income Statement": 305000000.0,
        "Selling General And Administration": 973000000.0,
        "Selling And Marketing Expense": 381000000.0,
        "General And Administrative Expense": 592000000.0,
        "Other Gand A": 592000000.0,
        "Gross Profit": 7713000000.0,
        "Cost Of Revenue": 1881000000.0,
        "Total Revenue": 9594000000.0,
        "Operating Revenue": 12391000000.0
    },
    "2025-06-30": {
        "Tax Effect Of Unusual Items": -70364756.039792,
        "Tax Rate For Calcs": 0.167535,
        "Normalized EBITDA": 7109000000.0,
        "Total Unusual Items": -420000000.0,
        "Total Unusual Items Excluding Goodwill": -420000000.0,
        "Net Income From Continuing Operation Net Minority Interest": 5272000000.0,
        "Reconciled Depreciation": 317000000.0,
        "Reconciled Cost Of Revenue": 1973000000.0,
        "EBITDA": 6689000000.0,
        "EBIT": 6372000000.0,
        "Net Interest Income": -39000000.0,
        "Interest Expense": 39000000.0,
        "Normalized Income": 5621635243.960208,
        "Net Income From Continuing And Discontinued Operation": 5272000000.0,
        "Total Expenses": 3380000000.0,
        "Total Operating Income As Reported": 6177000000.0,
        "Diluted Average Shares": 2188000000.0,
        "Basic Average Shares": 1938000000.0,
        "Diluted EPS": 2.69,
        "Basic EPS": 2.69,
        "Diluted NI Availto Com Stockholders": 5219000000.0,
        "Net Income Common Stockholders": 5219000000.0,
        "Otherunder Preferred Stock Dividend": 53000000.0,
        "Net Income": 5272000000.0,
        "Net Income Including Noncontrolling Interests": 5272000000.0,
        "Net Income Continuous Operations": 5272000000.0,
        "Tax Provision": 1061000000.0,
        "Pretax Income": 6333000000.0,
        "Other Income Expense": -420000000.0,
        "Special Income Charges": -615000000.0,
        "Other Special Charges": 615000000.0,
        "Gain On Sale Of Security": 195000000.0,
        "Net Non Operating Interest Income Expense": -39000000.0,
        "Interest Expense Non Operating": 39000000.0,
        "Operating Income": 6792000000.0,
        "Operating Expense": 1407000000.0,
        "Depreciation Amortization Depletion Income Statement": 317000000.0,
        "Depreciation And Amortization In Income Statement": 317000000.0,
        "Selling General And Administration": 1090000000.0,
        "Selling And Marketing Expense": 421000000.0,
        "General And Administrative Expense": 669000000.0,
        "Other Gand A": 669000000.0,
        "Gross Profit": 8199000000.0,
        "Cost Of Revenue": 1973000000.0,
        "Total Revenue": 10172000000.0,
        "Operating Revenue": 13116000000.0
    },
    "2025-09-30": {
        "Tax Effect Of Unusual Items": -112517113.932187,
        "Tax Rate For Calcs": 0.182067,
        "Normalized EBITDA": 7367000000.0,
        "Total Unusual Items": -618000000.0,
        "Total Unusual Items Excluding Goodwill": -618000000.0,
        "Net Income From Continuing Operation Net Minority Interest": 5090000000.0,
        "Reconciled Depreciation": 316000000.0,
        "Reconciled Cost Of Revenue": 1981000000.0,
        "EBITDA": 6749000000.0,
        "EBIT": 6433000000.0,
        "Net Interest Income": -210000000.0,
        "Interest Expense": 210000000.0,
        "Normalized Income": 5595482886.067813,
        "Net Income From Continuing And Discontinued Operation": 5090000000.0,
        "Total Expenses": 3673000000.0,
        "Total Operating Income As Reported": 6148000000.0,
        "Diluted Average Shares": 2173000000.0,
        "Basic Average Shares": 1924000000.0,
        "Diluted EPS": 2.62,
        "Basic EPS": 2.62,
        "Diluted NI Availto Com Stockholders": 5041000000.0,
        "Net Income Common Stockholders": 5041000000.0,
        "Otherunder Preferred Stock Dividend": 49000000.0,
        "Net Income": 5090000000.0,
        "Net Income Including Noncontrolling Interests": 5090000000.0,
        "Net Income Continuous Operations": 5090000000.0,
        "Tax Provision": 1133000000.0,
        "Pretax Income": 6223000000.0,
        "Other Income Expense": -618000000.0,
        "Special Income Charges": -903000000.0,
        "Other Special Charges": 903000000.0,
        "Gain On Sale Of Security": 285000000.0,
        "Net Non Operating Interest Income Expense": -210000000.0,
        "Interest Expense Non Operating": 210000000.0,
        "Operating Income": 7051000000.0,
        "Operating Expense": 1692000000.0,
        "Depreciation Amortization Depletion Income Statement": 316000000.0,
        "Depreciation And Amortization In Income Statement": 316000000.0,
        "Selling General And Administration": 1376000000.0,
        "Selling And Marketing Expense": 576000000.0,
        "General And Administrative Expense": 800000000.0,
        "Other Gand A": 800000000.0,
        "Gross Profit": 8743000000.0,
        "Cost Of Revenue": 1981000000.0,
        "Total Revenue": 10724000000.0,
        "Operating Revenue": 13796000000.0
    },
    "2025-12-31": {
        "Tax Effect Of Unusual Items": -68250000.0,
        "Tax Rate For Calcs": 0.13,
        "Normalized EBITDA": 7771000000.0,
        "Total Unusual Items": -525000000.0,
        "Total Unusual Items Excluding Goodwill": -525000000.0,
        "Net Income From Continuing Operation Net Minority Interest": 5853000000.0,
        "Reconciled Depreciation": 326000000.0,
        "Reconciled Cost Of Revenue": 1997000000.0,
        "EBITDA": 7246000000.0,
        "EBIT": 6920000000.0,
        "Net Interest Income": -194000000.0,
        "Interest Expense": 194000000.0,
        "Normalized Income": 6309750000.0,
        "Net Income From Continuing And Discontinued Operation": 5853000000.0,
        "Total Expenses": 3456000000.0,
        "Total Operating Income As Reported": 6737000000.0,
        "Diluted Average Shares": 2159451000.0,
        "Basic Average Shares": 1913451000.0,
        "Diluted EPS": 3.03,
        "Basic EPS": 3.03,
        "Diluted NI Availto Com Stockholders": 5803000000.0,
        "Net Income Common Stockholders": 5803000000.0,
        "Otherunder Preferred Stock Dividend": 50000000.0,
        "Net Income": 5853000000.0,
        "Net Income Including Noncontrolling Interests": 5853000000.0,
        "Net Income Continuous Operations": 5853000000.0,
        "Tax Provision": 873000000.0,
        "Pretax Income": 6726000000.0,
        "Other Income Expense": -525000000.0,
        "Special Income Charges": -708000000.0,
        "Other Special Charges": 708000000.0,
        "Gain On Sale Of Security": 183000000.0,
        "Net Non Operating Interest Income Expense": -194000000.0,
        "Interest Expense Non Operating": 194000000.0,
        "Operating Income": 7445000000.0,
        "Operating Expense": 1459000000.0,
        "Depreciation Amortization Depletion Income Statement": 326000000.0,
        "Depreciation And Amortization In Income Statement": 326000000.0,
        "Selling General And Administration": 1133000000.0,
        "Selling And Marketing Expense": 410000000.0,
        "General And Administrative Expense": 723000000.0,
        "Other Gand A": 723000000.0,
        "Gross Profit": 8904000000.0,
        "Cost Of Revenue": 1997000000.0,
        "Total Revenue": 10901000000.0,
        "Operating Revenue": 13956000000.0
    }
}