{
    "2023-03-31": {
        "Tax Effect Of Unusual Items": 0.0,
        "Tax Rate For Calcs": 0.027536,
        "Normalized EBITDA": -18739000.0,
        "Total Unusual Items": NaN,
        "Total Unusual Items Excluding Goodwill": NaN,
        "Net Income From Continuing Operation Net Minority Interest": -18180000.0,
        "Reconciled Depreciation": 1221000.0,
        "EBITDA": -18739000.0,
        "EBIT": -18739000.0,
        "Net Interest Income": 1588000.0,
        "Interest Expense": 0.0,
        "Interest Income": 1588000.0,
        "Normalized Income": -18180000.0,
        "Net Income From Continuing And Discontinued Operation": -18180000.0,
        "Total Expenses": 20795000.0,
        "Total Operating Income As Reported": -21484000.0,
        "Diluted Average Shares": 38013399.0,
        "Basic Average Shares": 38013399.0,
        "Diluted EPS": -0.48,
        "Basic EPS": -0.48,
        "Diluted NI Availto Com Stockholders": -18180000.0,
        "Net Income Common Stockholders": -18180000.0,
        "Net Income": -18180000.0,
        "Minority Interests": 43000.0,
        "Net Income Including Noncontrolling Interests": -18223000.0,
        "Net Income Continuous Operations": -18223000.0,
        "Tax Provision": -516000.0,
        "Pretax Income": -18739000.0,
        "Other Income Expense": NaN,
        "Other Non Operating Income Expenses": NaN,
        "Special Income Charges": NaN,
        "Restructuring And Mergern Acquisition": NaN,
        "Net Non Operating Interest Income Expense": 1588000.0,
        "Interest Expense Non Operating": 0.0,
        "Interest Income Non Operating": 1588000.0,
        "Operating Income": -20327000.0,
        "Operating Expense": 20795000.0,
        "Research And Development": 8657000.0,
        "Selling General And Administration": 12138000.0,
        "General And Administrative Expense": 12138000.0,
        "Other Gand A": 12138000.0,
        "Total Revenue": 468000.0,
        "Operating Revenue": 468000.0
    },
    "2022-12-31": {
        "Tax Effect Of Unusual Items": 82129.108791,
        "Tax Rate For Calcs": 0.087093,
        "Normalized EBITDA": -22042000.0,
        "Total Unusual Items": 943000.0,
        "Total Unusual Items Excluding Goodwill": 943000.0,
        "Net Income From Continuing Operation Net Minority Interest": -21189000.0,
        "Reconciled Depreciation": 1177000.0,
        "EBITDA": -21099000.0,
        "EBIT": -22276000.0,
        "Net Interest Income": 1305000.0,
        "Interest Expense": NaN,
        "Interest Income": 1324000.0,
        "Normalized Income": -22049870.891209,
        "Net Income From Continuing And Discontinued Operation": -21189000.0,
        "Total Expenses": 32403000.0,
        "Total Operating Income As Reported": -26036000.0,
        "Diluted Average Shares": 37998952.0,
        "Basic Average Shares": 37351143.0,
        "Diluted EPS": -0.57,
        "Basic EPS": -0.57,
        "Diluted NI Availto Com Stockholders": -21189000.0,
        "Net Income Common Stockholders": -21189000.0,
        "Net Income": -21189000.0,
        "Minority Interests": -26000.0,
        "Net Income Including Noncontrolling Interests": -21163000.0,
        "Net Income Continuous Operations": -21163000.0,
        "Tax Provision": -2019000.0,
        "Pretax Income": -23182000.0,
        "Other Income Expense": 1459000.0,
        "Other Non Operating Income Expenses": 516000.0,
        "Special Income Charges": 943000.0,
        "Restructuring And Mergern Acquisition": NaN,
        "Net Non Operating Interest Income Expense": 1305000.0,
        "Interest Expense Non Operating": NaN,
        "Interest Income Non Operating": 1324000.0,
        "Operating Income": -25946000.0,
        "Operating Expense": 32403000.0,
        "Research And Development": 12095000.0,
        "Selling General And Administration": 20308000.0,
        "General And Administrative Expense": 20308000.0,
        "Other Gand A": 20308000.0,
        "Total Revenue": 6457000.0,
        "Operating Revenue": 6457000.0
    },
    "2022-09-30": {
        "Tax Effect Of Unusual Items": -126800.0,
        "Tax Rate For Calcs": 0.4,
        "Normalized EBITDA": 8334000.0,
        "Total Unusual Items": -317000.0,
        "Total Unusual Items Excluding Goodwill": -317000.0,
        "Net Income From Continuing Operation Net Minority Interest": 8242000.0,
        "Reconciled Depreciation": 1188000.0,
        "EBITDA": 8017000.0,
        "EBIT": 6829000.0,
        "Net Interest Income": 1035000.0,
        "Interest Expense": NaN,
        "Interest Income": 1035000.0,
        "Normalized Income": 8432200.0,
        "Net Income From Continuing And Discontinued Operation": 8242000.0,
        "Total Expenses": -664000.0,
        "Total Operating Income As Reported": 7553000.0,
        "Diluted Average Shares": 38156564.0,
        "Basic Average Shares": 37247123.0,
        "Diluted EPS": 0.22,
        "Basic EPS": 0.22,
        "Diluted NI Availto Com Stockholders": 8242000.0,
        "Net Income Common Stockholders": 8242000.0,
        "Net Income": 8242000.0,
        "Minority Interests": 21000.0,
        "Net Income Including Noncontrolling Interests": 8221000.0,
        "Net Income Continuous Operations": 8221000.0,
        "Tax Provision": -674000.0,
        "Pretax Income": 7547000.0,
        "Other Income Expense": -317000.0,
        "Other Non Operating Income Expenses": NaN,
        "Special Income Charges": -317000.0,
        "Restructuring And Mergern Acquisition": 317000.0,
        "Net Non Operating Interest Income Expense": 1035000.0,
        "Interest Expense Non Operating": NaN,
        "Interest Income Non Operating": 1035000.0,
        "Operating Income": 6829000.0,
        "Operating Expense": -664000.0,
        "Research And Development": 10468000.0,
        "Selling General And Administration": -11132000.0,
        "General And Administrative Expense": -11132000.0,
        "Other Gand A": -11132000.0,
        "Total Revenue": 6165000.0,
        "Operating Revenue": 6165000.0
    },
    "2022-06-30": {
        "Tax Effect Of Unusual Items": -250400.0,
        "Tax Rate For Calcs": 0.4,
        "Normalized EBITDA": 16232000.0,
        "Total Unusual Items": -626000.0,
        "Total Unusual Items Excluding Goodwill": -626000.0,
        "Net Income From Continuing Operation Net Minority Interest": 15693000.0,
        "Reconciled Depreciation": 992000.0,
        "EBITDA": 15606000.0,
        "EBIT": 14614000.0,
        "Net Interest Income": 735000.0,
        "Interest Expense": NaN,
        "Interest Income": 735000.0,
        "Normalized Income": 16068600.0,
        "Net Income From Continuing And Discontinued Operation": 15693000.0,
        "Total Expenses": 2449000.0,
        "Total Operating Income As Reported": 13788000.0,
        "Diluted Average Shares": 38174426.0,
        "Basic Average Shares": 37202600.0,
        "Diluted EPS": 0.41,
        "Basic EPS": 0.42,
        "Diluted NI Availto Com Stockholders": 15693000.0,
        "Net Income Common Stockholders": 15693000.0,
        "Net Income": 15693000.0,
        "Minority Interests": 4000.0,
        "Net Income Including Noncontrolling Interests": 15689000.0,
        "Net Income Continuous Operations": 15689000.0,
        "Tax Provision": -915000.0,
        "Pretax Income": 14774000.0,
        "Other Income Expense": -575000.0,
        "Other Non Operating Income Expenses": 51000.0,
        "Special Income Charges": -626000.0,
        "Restructuring And Mergern Acquisition": 626000.0,
        "Net Non Operating Interest Income Expense": 735000.0,
        "Interest Expense Non Operating": NaN,
        "Interest Income Non Operating": 735000.0,
        "Operating Income": 14614000.0,
        "Operating Expense": 2449000.0,
        "Research And Development": 8894000.0,
        "Selling General And Administration": -6445000.0,
        "General And Administrative Expense": -6445000.0,
        "Other Gand A": -6445000.0,
        "Total Revenue": 17063000.0,
        "Operating Revenue": 17063000.0
    },
    "2022-03-31": {
        "Diluted EPS": 0.07,
        "Total Revenue": 15,
        "Gross Profit": 15,
        "Operating Income": 1,
        "EBIT": 2,
        "Net Income": 3
    },
    "2021-12-31": {
        "Diluted EPS": 0.71,
        "Total Revenue": 0,
        "Gross Profit": 0,
        "Operating Income": -17,
        "EBIT": -16,
        "Net Income": -15
    },
    "2021-09-30": {
        "Diluted EPS": -0.13,
        "Total Revenue": 0,
        "Gross Profit": 0,
        "Operating Income": -6,
        "EBIT": -5,
        "Net Income": -5
    },
    "2021-06-30": {
        "Diluted EPS": -0.64,
        "Total Revenue": 0,
        "Gross Profit": 0,
        "Operating Income": -17,
        "EBIT": -17,
        "Net Income": -16
    },
    "2021-03-31": {
        "Diluted EPS": -1.9,
        "Total Revenue": 0,
        "Gross Profit": 0,
        "Operating Income": -6,
        "EBIT": -6,
        "Net Income": -15
    },
    "2020-12-31": {
        "Diluted EPS": -1.31,
        "Total Revenue": 0,
        "Gross Profit": 0,
        "Operating Income": -10,
        "EBIT": -10,
        "Net Income": -10
    },
    "2020-09-30": {
        "Diluted EPS": 0.01,
        "Total Revenue": 3,
        "Gross Profit": 3,
        "Operating Income": -1,
        "EBIT": -1,
        "Net Income": 0
    },
    "2020-06-30": {
        "Diluted EPS": -0.45,
        "Total Revenue": 1,
        "Gross Profit": 1,
        "Operating Income": -4,
        "EBIT": -4,
        "Net Income": -4
    },
    "2020-03-31": {
        "Diluted EPS": -0.49,
        "Total Revenue": 1,
        "Gross Profit": 1,
        "Operating Income": -5,
        "EBIT": -5,
        "Net Income": -4
    },
    "2019-12-31": {
        "Diluted EPS": 0.0,
        "Total Revenue": NaN,
        "Gross Profit": NaN,
        "Operating Income": NaN,
        "EBIT": NaN,
        "Net Income": NaN
    },
    "2023-06-30": {
        "Tax Effect Of Unusual Items": 0.0,
        "Tax Rate For Calcs": 0.045513,
        "Normalized EBITDA": -23647000.0,
        "Total Unusual Items": NaN,
        "Total Unusual Items Excluding Goodwill": NaN,
        "Net Income From Continuing Operation Net Minority Interest": -23802000.0,
        "Reconciled Depreciation": 1299000.0,
        "EBITDA": -23647000.0,
        "EBIT": -24946000.0,
        "Net Interest Income": 508000.0,
        "Interest Expense": 14000.0,
        "Interest Income": 522000.0,
        "Normalized Income": -23802000.0,
        "Net Income From Continuing And Discontinued Operation": -23802000.0,
        "Total Expenses": 26112000.0,
        "Total Operating Income As Reported": -26337000.0,
        "Diluted Average Shares": 38407672.0,
        "Basic Average Shares": 38407672.0,
        "Diluted EPS": -0.62,
        "Basic EPS": -0.62,
        "Diluted NI Availto Com Stockholders": -23802000.0,
        "Net Income Common Stockholders": -23802000.0,
        "Net Income": -23802000.0,
        "Minority Interests": 22000.0,
        "Net Income Including Noncontrolling Interests": -23824000.0,
        "Net Income Continuous Operations": -23824000.0,
        "Tax Provision": -1136000.0,
        "Pretax Income": -24960000.0,
        "Other Income Expense": 310000.0,
        "Other Non Operating Income Expenses": 310000.0,
        "Special Income Charges": NaN,
        "Restructuring And Mergern Acquisition": NaN,
        "Net Non Operating Interest Income Expense": 508000.0,
        "Interest Expense Non Operating": 14000.0,
        "Interest Income Non Operating": 522000.0,
        "Operating Income": -25778000.0,
        "Operating Expense": 26112000.0,
        "Research And Development": 12984000.0,
        "Selling General And Administration": 13128000.0,
        "General And Administrative Expense": 13128000.0,
        "Other Gand A": 13128000.0,
        "Total Revenue": 334000.0,
        "Operating Revenue": 334000.0
    }
}