{
    "2023-06-30": {
        "Tax Effect Of Unusual Items": NaN,
        "Tax Rate For Calcs": NaN,
        "Normalized EBITDA": NaN,
        "Total Unusual Items": NaN,
        "Total Unusual Items Excluding Goodwill": NaN,
        "Net Income From Continuing Operation Net Minority Interest": NaN,
        "Reconciled Depreciation": NaN,
        "Reconciled Cost Of Revenue": NaN,
        "EBITDA": NaN,
        "EBIT": NaN,
        "Net Interest Income": NaN,
        "Interest Expense": NaN,
        "Interest Income": NaN,
        "Normalized Income": NaN,
        "Net Income From Continuing And Discontinued Operation": NaN,
        "Total Expenses": NaN,
        "Total Operating Income As Reported": NaN,
        "Diluted Average Shares": NaN,
        "Basic Average Shares": NaN,
        "Diluted EPS": NaN,
        "Basic EPS": NaN,
        "Diluted NI Availto Com Stockholders": NaN,
        "Net Income Common Stockholders": NaN,
        "Net Income": NaN,
        "Minority Interests": NaN,
        "Net Income Including Noncontrolling Interests": NaN,
        "Net Income Discontinuous Operations": 0.0,
        "Net Income Continuous Operations": NaN,
        "Tax Provision": NaN,
        "Pretax Income": NaN,
        "Other Income Expense": NaN,
        "Special Income Charges": NaN,
        "Gain On Sale Of Business": NaN,
        "Other Special Charges": NaN,
        "Impairment Of Capital Assets": NaN,
        "Earnings From Equity Interest": NaN,
        "Gain On Sale Of Security": NaN,
        "Net Non Operating Interest Income Expense": NaN,
        "Total Other Finance Cost": NaN,
        "Interest Expense Non Operating": NaN,
        "Interest Income Non Operating": NaN,
        "Operating Income": NaN,
        "Operating Expense": NaN,
        "Other Operating Expenses": NaN,
        "Depreciation Amortization Depletion Income Statement": NaN,
        "Depreciation And Amortization In Income Statement": NaN,
        "Research And Development": NaN,
        "Selling General And Administration": NaN,
        "Selling And Marketing Expense": 21000000.0,
        "General And Administrative Expense": NaN,
        "Other Gand A": NaN,
        "Salaries And Wages": NaN,
        "Gross Profit": NaN,
        "Cost Of Revenue": NaN,
        "Total Revenue": NaN,
        "Operating Revenue": NaN
    },
    "2023-03-31": {
        "Tax Effect Of Unusual Items": NaN,
        "Tax Rate For Calcs": NaN,
        "Normalized EBITDA": NaN,
        "Total Unusual Items": NaN,
        "Total Unusual Items Excluding Goodwill": NaN,
        "Net Income From Continuing Operation Net Minority Interest": NaN,
        "Reconciled Depreciation": NaN,
        "Reconciled Cost Of Revenue": NaN,
        "EBITDA": NaN,
        "EBIT": NaN,
        "Net Interest Income": NaN,
        "Interest Expense": NaN,
        "Interest Income": NaN,
        "Normalized Income": NaN,
        "Net Income From Continuing And Discontinued Operation": NaN,
        "Total Expenses": NaN,
        "Total Operating Income As Reported": NaN,
        "Diluted Average Shares": NaN,
        "Basic Average Shares": NaN,
        "Diluted EPS": NaN,
        "Basic EPS": NaN,
        "Diluted NI Availto Com Stockholders": NaN,
        "Net Income Common Stockholders": NaN,
        "Net Income": NaN,
        "Minority Interests": NaN,
        "Net Income Including Noncontrolling Interests": NaN,
        "Net Income Discontinuous Operations": 0.0,
        "Net Income Continuous Operations": NaN,
        "Tax Provision": NaN,
        "Pretax Income": NaN,
        "Other Income Expense": NaN,
        "Special Income Charges": NaN,
        "Gain On Sale Of Business": NaN,
        "Other Special Charges": NaN,
        "Impairment Of Capital Assets": NaN,
        "Earnings From Equity Interest": NaN,
        "Gain On Sale Of Security": NaN,
        "Net Non Operating Interest Income Expense": NaN,
        "Total Other Finance Cost": NaN,
        "Interest Expense Non Operating": NaN,
        "Interest Income Non Operating": NaN,
        "Operating Income": NaN,
        "Operating Expense": NaN,
        "Other Operating Expenses": NaN,
        "Depreciation Amortization Depletion Income Statement": NaN,
        "Depreciation And Amortization In Income Statement": NaN,
        "Research And Development": NaN,
        "Selling General And Administration": NaN,
        "Selling And Marketing Expense": 18000000.0,
        "General And Administrative Expense": NaN,
        "Other Gand A": NaN,
        "Salaries And Wages": NaN,
        "Gross Profit": NaN,
        "Cost Of Revenue": NaN,
        "Total Revenue": NaN,
        "Operating Revenue": NaN
    },
    "2022-12-31": {
        "Tax Effect Of Unusual Items": NaN,
        "Tax Rate For Calcs": NaN,
        "Normalized EBITDA": NaN,
        "Total Unusual Items": NaN,
        "Total Unusual Items Excluding Goodwill": NaN,
        "Net Income From Continuing Operation Net Minority Interest": NaN,
        "Reconciled Depreciation": NaN,
        "Reconciled Cost Of Revenue": NaN,
        "EBITDA": NaN,
        "EBIT": NaN,
        "Net Interest Income": NaN,
        "Interest Expense": NaN,
        "Interest Income": NaN,
        "Normalized Income": NaN,
        "Net Income From Continuing And Discontinued Operation": NaN,
        "Total Expenses": NaN,
        "Total Operating Income As Reported": NaN,
        "Diluted Average Shares": NaN,
        "Basic Average Shares": NaN,
        "Diluted EPS": NaN,
        "Basic EPS": NaN,
        "Diluted NI Availto Com Stockholders": NaN,
        "Net Income Common Stockholders": NaN,
        "Net Income": NaN,
        "Minority Interests": NaN,
        "Net Income Including Noncontrolling Interests": NaN,
        "Net Income Discontinuous Operations": 0.0,
        "Net Income Continuous Operations": NaN,
        "Tax Provision": NaN,
        "Pretax Income": NaN,
        "Other Income Expense": NaN,
        "Special Income Charges": NaN,
        "Gain On Sale Of Business": NaN,
        "Other Special Charges": NaN,
        "Impairment Of Capital Assets": NaN,
        "Earnings From Equity Interest": NaN,
        "Gain On Sale Of Security": NaN,
        "Net Non Operating Interest Income Expense": NaN,
        "Total Other Finance Cost": NaN,
        "Interest Expense Non Operating": NaN,
        "Interest Income Non Operating": NaN,
        "Operating Income": NaN,
        "Operating Expense": NaN,
        "Other Operating Expenses": NaN,
        "Depreciation Amortization Depletion Income Statement": NaN,
        "Depreciation And Amortization In Income Statement": NaN,
        "Research And Development": NaN,
        "Selling General And Administration": NaN,
        "Selling And Marketing Expense": 49000000.0,
        "General And Administrative Expense": NaN,
        "Other Gand A": NaN,
        "Salaries And Wages": NaN,
        "Gross Profit": NaN,
        "Cost Of Revenue": NaN,
        "Total Revenue": NaN,
        "Operating Revenue": NaN
    },
    "2022-09-30": {
        "Tax Effect Of Unusual Items": NaN,
        "Tax Rate For Calcs": NaN,
        "Normalized EBITDA": NaN,
        "Total Unusual Items": NaN,
        "Total Unusual Items Excluding Goodwill": NaN,
        "Net Income From Continuing Operation Net Minority Interest": NaN,
        "Reconciled Depreciation": NaN,
        "Reconciled Cost Of Revenue": NaN,
        "EBITDA": NaN,
        "EBIT": NaN,
        "Net Interest Income": NaN,
        "Interest Expense": NaN,
        "Interest Income": 470000000.0,
        "Normalized Income": NaN,
        "Net Income From Continuing And Discontinued Operation": NaN,
        "Total Expenses": NaN,
        "Total Operating Income As Reported": NaN,
        "Diluted Average Shares": NaN,
        "Basic Average Shares": NaN,
        "Diluted EPS": NaN,
        "Basic EPS": NaN,
        "Diluted NI Availto Com Stockholders": NaN,
        "Net Income Common Stockholders": NaN,
        "Net Income": NaN,
        "Minority Interests": NaN,
        "Net Income Including Noncontrolling Interests": NaN,
        "Net Income Discontinuous Operations": NaN,
        "Net Income Continuous Operations": NaN,
        "Tax Provision": NaN,
        "Pretax Income": NaN,
        "Other Income Expense": NaN,
        "Special Income Charges": NaN,
        "Other Special Charges": NaN,
        "Impairment Of Capital Assets": NaN,
        "Earnings From Equity Interest": NaN,
        "Gain On Sale Of Security": NaN,
        "Net Non Operating Interest Income Expense": NaN,
        "Total Other Finance Cost": NaN,
        "Interest Expense Non Operating": NaN,
        "Interest Income Non Operating": 470000000.0,
        "Operating Income": NaN,
        "Operating Expense": NaN,
        "Other Operating Expenses": NaN,
        "Depreciation Amortization Depletion Income Statement": NaN,
        "Depreciation And Amortization In Income Statement": NaN,
        "Research And Development": NaN,
        "Selling General And Administration": NaN,
        "Selling And Marketing Expense": NaN,
        "General And Administrative Expense": NaN,
        "Other Gand A": NaN,
        "Salaries And Wages": NaN,
        "Gross Profit": NaN,
        "Cost Of Revenue": NaN,
        "Total Revenue": NaN,
        "Operating Revenue": NaN
    },
    "2022-06-30": {
        "Tax Effect Of Unusual Items": -17117286.392405,
        "Tax Rate For Calcs": 0.180182,
        "Normalized EBITDA": 6274000000.0,
        "Total Unusual Items": -95000000.0,
        "Total Unusual Items Excluding Goodwill": -95000000.0,
        "Net Income From Continuing Operation Net Minority Interest": 4093000000.0,
        "Reconciled Depreciation": 810000000.0,
        "Reconciled Cost Of Revenue": 5152000000.0,
        "EBITDA": 6179000000.0,
        "EBIT": 5369000000.0,
        "Net Interest Income": 506000000.0,
        "Interest Expense": 313000000.0,
        "Interest Income": 537000000.0,
        "Normalized Income": 4170882713.607595,
        "Net Income From Continuing And Discontinued Operation": 6151000000.0,
        "Total Expenses": 6456000000.0,
        "Total Operating Income As Reported": 4291000000.0,
        "Diluted Average Shares": 4737806000.0,
        "Basic Average Shares": 4396778000.0,
        "Diluted EPS": 1.32,
        "Basic EPS": 1.32,
        "Diluted NI Availto Com Stockholders": 6151000000.0,
        "Net Income Common Stockholders": 6151000000.0,
        "Net Income": 6151000000.0,
        "Minority Interests": -52000000.0,
        "Net Income Including Noncontrolling Interests": 6203000000.0,
        "Net Income Discontinuous Operations": 2058000000.0,
        "Net Income Continuous Operations": 4145000000.0,
        "Tax Provision": 911000000.0,
        "Pretax Income": 5056000000.0,
        "Other Income Expense": -151000000.0,
        "Special Income Charges": -410000000.0,
        "Other Special Charges": 328000000.0,
        "Write Off": 82000000.0,
        "Impairment Of Capital Assets": 82000000.0,
        "Earnings From Equity Interest": -56000000.0,
        "Gain On Sale Of Security": 315000000.0,
        "Net Non Operating Interest Income Expense": 506000000.0,
        "Total Other Finance Cost": -282000000.0,
        "Interest Expense Non Operating": 313000000.0,
        "Interest Income Non Operating": 537000000.0,
        "Operating Income": 4701000000.0,
        "Operating Expense": 506000000.0,
        "Other Operating Expenses": 228000000.0,
        "Depreciation Amortization Depletion Income Statement": 12000000.0,
        "Depreciation And Amortization In Income Statement": 12000000.0,
        "Research And Development": 151000000.0,
        "Selling General And Administration": 115000000.0,
        "Selling And Marketing Expense": 24000000.0,
        "General And Administrative Expense": 91000000.0,
        "Other Gand A": 47000000.0,
        "Salaries And Wages": 44000000.0,
        "Gross Profit": 5207000000.0,
        "Cost Of Revenue": 5950000000.0,
        "Total Revenue": 11157000000.0,
        "Operating Revenue": 10900000000.0
    },
    "2022-03-31": {
        "Diluted EPS": 0.93,
        "Total Revenue": NaN,
        "Gross Profit": NaN,
        "Operating Income": NaN,
        "EBIT": NaN,
        "Net Income": NaN
    },
    "2021-12-31": {
        "Diluted EPS": 1.14,
        "Total Revenue": NaN,
        "Gross Profit": NaN,
        "Operating Income": NaN,
        "EBIT": NaN,
        "Net Income": NaN
    },
    "2021-09-30": {
        "Diluted EPS": 0.76,
        "Total Revenue": NaN,
        "Gross Profit": NaN,
        "Operating Income": NaN,
        "EBIT": NaN,
        "Net Income": NaN
    },
    "2021-06-30": {
        "Diluted EPS": 1.49,
        "Total Revenue": NaN,
        "Gross Profit": NaN,
        "Operating Income": NaN,
        "EBIT": NaN,
        "Net Income": NaN
    },
    "2021-03-31": {
        "Diluted EPS": 1.08,
        "Total Revenue": NaN,
        "Gross Profit": NaN,
        "Operating Income": NaN,
        "EBIT": NaN,
        "Net Income": NaN
    },
    "2020-12-31": {
        "Diluted EPS": 0.14,
        "Total Revenue": NaN,
        "Gross Profit": NaN,
        "Operating Income": NaN,
        "EBIT": NaN,
        "Net Income": 739
    },
    "2020-09-30": {
        "Diluted EPS": 0.57,
        "Total Revenue": NaN,
        "Gross Profit": NaN,
        "Operating Income": NaN,
        "EBIT": NaN,
        "Net Income": NaN
    },
    "2020-06-30": {
        "Diluted EPS": 0.19,
        "Total Revenue": NaN,
        "Gross Profit": NaN,
        "Operating Income": NaN,
        "Net Income": 995
    },
    "2020-03-31": {
        "Diluted EPS": 0.05,
        "Total Revenue": NaN,
        "Gross Profit": NaN,
        "Operating Income": NaN,
        "EBIT": NaN,
        "Net Income": 239
    },
    "2019-12-31": {
        "Diluted EPS": -0.31,
        "Total Revenue": NaN,
        "Gross Profit": NaN,
        "Operating Income": NaN,
        "EBIT": NaN,
        "Net Income": NaN
    },
    "2019-09-30": {
        "Diluted EPS": 0.32,
        "Total Revenue": NaN,
        "Gross Profit": NaN,
        "Operating Income": NaN,
        "EBIT": NaN,
        "Net Income": NaN
    },
    "2019-06-30": {
        "Diluted EPS": -0.02,
        "Total Revenue": NaN,
        "Gross Profit": NaN,
        "Operating Income": NaN,
        "EBIT": NaN,
        "Net Income": -98
    },
    "2019-03-31": {
        "Diluted EPS": -0.32,
        "Total Revenue": NaN,
        "Gross Profit": NaN,
        "Operating Income": NaN,
        "EBIT": -884,
        "Net Income": NaN
    },
    "2018-12-31": {
        "Diluted EPS": 0.74,
        "Total Revenue": NaN,
        "Gross Profit": NaN,
        "Operating Income": NaN,
        "EBIT": NaN,
        "Net Income": NaN
    },
    "2018-09-30": {
        "Diluted EPS": 0.27,
        "Total Revenue": NaN,
        "Gross Profit": NaN,
        "Operating Income": NaN,
        "EBIT": NaN,
        "Net Income": NaN
    },
    "2018-06-30": {
        "Diluted EPS": 0.01,
        "Total Revenue": NaN,
        "Gross Profit": NaN,
        "Operating Income": NaN,
        "EBIT": NaN,
        "Net Income": 76
    },
    "2018-03-31": {
        "Diluted EPS": 0.3,
        "Total Revenue": NaN,
        "Gross Profit": NaN,
        "Operating Income": NaN,
        "EBIT": NaN,
        "Net Income": NaN
    },
    "2017-12-31": {
        "Diluted EPS": 0.14,
        "Total Revenue": NaN,
        "Gross Profit": NaN,
        "Operating Income": NaN,
        "EBIT": NaN,
        "Net Income": 771
    },
    "2017-09-30": {
        "Diluted EPS": 0.43,
        "Total Revenue": NaN,
        "Gross Profit": NaN,
        "Operating Income": NaN,
        "EBIT": NaN,
        "Net Income": NaN
    },
    "2017-06-30": {
        "Diluted EPS": 0.0,
        "Total Revenue": NaN,
        "Gross Profit": NaN,
        "Operating Income": NaN,
        "EBIT": NaN,
        "Net Income": 16
    },
    "2017-03-31": {
        "Diluted EPS": 0.48,
        "Total Revenue": NaN,
        "Gross Profit": NaN,
        "Operating Income": NaN,
        "EBIT": NaN,
        "Net Income": NaN
    },
    "2016-12-31": {
        "Diluted EPS": 0.11,
        "Total Revenue": NaN,
        "Gross Profit": NaN,
        "Operating Income": NaN,
        "EBIT": NaN,
        "Net Income": 525
    },
    "2016-09-30": {
        "Diluted EPS": 0.11,
        "Total Revenue": NaN,
        "Gross Profit": NaN,
        "Operating Income": NaN,
        "EBIT": NaN,
        "Net Income": 575
    },
    "2016-06-30": {
        "Diluted EPS": 0.21,
        "Total Revenue": NaN,
        "Gross Profit": NaN,
        "Operating Income": NaN,
        "EBIT": NaN,
        "Net Income": NaN
    },
    "2016-03-31": {
        "Diluted EPS": 0.34,
        "Total Revenue": NaN,
        "Gross Profit": NaN,
        "Operating Income": NaN,
        "EBIT": NaN,
        "Net Income": NaN
    },
    "2015-12-31": {
        "Diluted EPS": -1.66,
        "Total Revenue": NaN,
        "Gross Profit": 317,
        "Operating Income": NaN,
        "EBIT": NaN,
        "Net Income": NaN
    },
    "2015-09-30": {
        "Diluted EPS": -0.41,
        "Total Revenue": NaN,
        "Gross Profit": NaN,
        "Operating Income": 786,
        "EBIT": NaN,
        "Net Income": NaN
    },
    "2015-06-30": {
        "Diluted EPS": 0.33,
        "Total Revenue": NaN,
        "Gross Profit": NaN,
        "Operating Income": 985,
        "EBIT": NaN,
        "Net Income": NaN
    },
    "2015-03-31": {
        "Diluted EPS": -0.61,
        "Total Revenue": NaN,
        "Gross Profit": NaN,
        "Operating Income": 733,
        "EBIT": NaN,
        "Net Income": NaN
    },
    "2014-12-31": {
        "Diluted EPS": -0.36,
        "Total Revenue": NaN,
        "Gross Profit": NaN,
        "Operating Income": NaN,
        "EBIT": NaN,
        "Net Income": NaN
    },
    "2014-09-30": {
        "Diluted EPS": -0.28,
        "Total Revenue": NaN,
        "Gross Profit": NaN,
        "Operating Income": NaN,
        "EBIT": NaN,
        "Net Income": NaN
    },
    "2014-06-30": {
        "Diluted EPS": 0.28,
        "Total Revenue": NaN,
        "Gross Profit": NaN,
        "Operating Income": NaN,
        "EBIT": NaN,
        "Net Income": NaN
    },
    "2014-03-31": {
        "Diluted EPS": 0.49,
        "Total Revenue": NaN,
        "Gross Profit": NaN,
        "Operating Income": NaN,
        "EBIT": NaN,
        "Net Income": NaN
    },
    "2013-12-31": {
        "Diluted EPS": -1.26,
        "Total Revenue": NaN,
        "Gross Profit": NaN,
        "Operating Income": NaN,
        "EBIT": NaN,
        "Net Income": NaN
    },
    "2013-09-30": {
        "Diluted EPS": 0.68,
        "Total Revenue": NaN,
        "Gross Profit": NaN,
        "Operating Income": NaN,
        "EBIT": NaN,
        "Net Income": NaN
    },
    "2013-06-30": {
        "Diluted EPS": 0.09,
        "Total Revenue": NaN,
        "Gross Profit": NaN,
        "Operating Income": NaN,
        "EBIT": NaN,
        "Net Income": 424
    },
    "2013-03-31": {
        "Diluted EPS": 0.6,
        "Total Revenue": NaN,
        "Gross Profit": NaN,
        "Operating Income": NaN,
        "EBIT": NaN,
        "Net Income": NaN
    },
    "2012-12-31": {
        "Diluted EPS": -0.51,
        "Total Revenue": NaN,
        "Gross Profit": NaN,
        "Operating Income": -555,
        "EBIT": 753,
        "Net Income": NaN
    },
    "2012-09-30": {
        "Diluted EPS": 0.32,
        "Total Revenue": NaN,
        "Gross Profit": NaN,
        "Operating Income": NaN,
        "EBIT": NaN,
        "Net Income": NaN
    },
    "2012-06-30": {
        "Diluted EPS": 0.51,
        "Total Revenue": NaN,
        "Gross Profit": NaN,
        "Operating Income": NaN,
        "EBIT": NaN,
        "Net Income": NaN
    },
    "2012-03-31": {
        "Diluted EPS": 0.74,
        "Total Revenue": NaN,
        "Gross Profit": NaN,
        "Operating Income": NaN,
        "EBIT": NaN,
        "Net Income": NaN
    },
    "2011-12-31": {
        "Diluted EPS": 0.9,
        "Total Revenue": NaN,
        "Gross Profit": NaN,
        "Operating Income": NaN,
        "EBIT": NaN,
        "Net Income": NaN
    },
    "2011-09-30": {
        "Diluted EPS": 0.93,
        "Total Revenue": NaN,
        "Gross Profit": NaN,
        "Operating Income": NaN,
        "EBIT": NaN,
        "Net Income": NaN
    },
    "2011-06-30": {
        "Diluted EPS": 1.22,
        "Total Revenue": NaN,
        "Gross Profit": NaN,
        "Operating Income": NaN,
        "EBIT": NaN,
        "Net Income": NaN
    },
    "2011-03-31": {
        "Diluted EPS": 1.29,
        "Total Revenue": NaN,
        "Gross Profit": NaN,
        "Operating Income": NaN,
        "EBIT": NaN,
        "Net Income": NaN
    },
    "2010-12-31": {
        "Diluted EPS": 1.12,
        "Total Revenue": NaN,
        "Gross Profit": NaN,
        "Operating Income": NaN,
        "EBIT": NaN,
        "Net Income": NaN
    },
    "2010-09-30": {
        "Diluted EPS": 1.13,
        "Total Revenue": NaN,
        "Gross Profit": NaN,
        "Operating Income": NaN,
        "EBIT": NaN,
        "Net Income": NaN
    },
    "2010-06-30": {
        "Diluted EPS": 0.7,
        "Total Revenue": NaN,
        "Gross Profit": NaN,
        "Operating Income": NaN,
        "EBIT": NaN,
        "Net Income": NaN
    },
    "2010-03-31": {
        "Diluted EPS": 0.3,
        "Total Revenue": NaN,
        "Gross Profit": NaN,
        "Operating Income": NaN,
        "EBIT": NaN,
        "Net Income": NaN
    },
    "2009-12-31": {
        "Diluted EPS": 0.28,
        "Total Revenue": NaN,
        "Gross Profit": NaN,
        "Operating Income": NaN,
        "EBIT": NaN,
        "Net Income": NaN
    },
    "2009-09-30": {
        "Diluted EPS": 0.31,
        "Total Revenue": NaN,
        "Gross Profit": NaN,
        "Operating Income": NaN,
        "EBIT": NaN,
        "Net Income": NaN
    },
    "2009-06-30": {
        "Diluted EPS": 0.15,
        "Total Revenue": NaN,
        "Gross Profit": NaN,
        "Operating Income": NaN,
        "EBIT": NaN,
        "Net Income": 790
    },
    "2009-03-31": {
        "Diluted EPS": 0.26,
        "Total Revenue": NaN,
        "Gross Profit": NaN,
        "Operating Income": NaN,
        "EBIT": NaN,
        "Net Income": NaN
    },
    "2023-09-30": {
        "Tax Effect Of Unusual Items": NaN,
        "Tax Rate For Calcs": NaN,
        "Normalized EBITDA": NaN,
        "Total Unusual Items": NaN,
        "Total Unusual Items Excluding Goodwill": NaN,
        "Net Income From Continuing Operation Net Minority Interest": NaN,
        "Reconciled Depreciation": NaN,
        "Reconciled Cost Of Revenue": NaN,
        "EBITDA": NaN,
        "EBIT": NaN,
        "Net Interest Income": NaN,
        "Interest Expense": NaN,
        "Interest Income": NaN,
        "Normalized Income": NaN,
        "Net Income From Continuing And Discontinued Operation": NaN,
        "Total Expenses": NaN,
        "Total Operating Income As Reported": NaN,
        "Diluted Average Shares": NaN,
        "Basic Average Shares": NaN,
        "Diluted EPS": NaN,
        "Basic EPS": NaN,
        "Diluted NI Availto Com Stockholders": NaN,
        "Net Income Common Stockholders": NaN,
        "Net Income": NaN,
        "Minority Interests": NaN,
        "Net Income Including Noncontrolling Interests": NaN,
        "Net Income Discontinuous Operations": 0.0,
        "Net Income Continuous Operations": NaN,
        "Tax Provision": NaN,
        "Pretax Income": NaN,
        "Other Income Expense": NaN,
        "Special Income Charges": NaN,
        "Gain On Sale Of Business": NaN,
        "Other Special Charges": NaN,
        "Write Off": NaN,
        "Impairment Of Capital Assets": NaN,
        "Earnings From Equity Interest": NaN,
        "Gain On Sale Of Security": NaN,
        "Net Non Operating Interest Income Expense": NaN,
        "Total Other Finance Cost": NaN,
        "Interest Expense Non Operating": NaN,
        "Interest Income Non Operating": NaN,
        "Operating Income": NaN,
        "Operating Expense": NaN,
        "Other Operating Expenses": NaN,
        "Depreciation Amortization Depletion Income Statement": NaN,
        "Depreciation And Amortization In Income Statement": NaN,
        "Research And Development": NaN,
        "Selling General And Administration": NaN,
        "Selling And Marketing Expense": 26000000.0,
        "General And Administrative Expense": NaN,
        "Other Gand A": NaN,
        "Salaries And Wages": NaN,
        "Gross Profit": NaN,
        "Cost Of Revenue": NaN,
        "Total Revenue": NaN,
        "Operating Revenue": NaN
    },
    "2023-12-31": {
        "Tax Effect Of Unusual Items": NaN,
        "Tax Rate For Calcs": NaN,
        "Normalized EBITDA": NaN,
        "Total Unusual Items": NaN,
        "Total Unusual Items Excluding Goodwill": NaN,
        "Net Income From Continuing Operation Net Minority Interest": NaN,
        "Reconciled Depreciation": NaN,
        "Reconciled Cost Of Revenue": NaN,
        "EBITDA": NaN,
        "EBIT": NaN,
        "Net Interest Income": NaN,
        "Interest Expense": NaN,
        "Interest Income": NaN,
        "Normalized Income": NaN,
        "Net Income From Continuing And Discontinued Operation": NaN,
        "Total Expenses": NaN,
        "Total Operating Income As Reported": NaN,
        "Diluted Average Shares": NaN,
        "Basic Average Shares": NaN,
        "Diluted EPS": NaN,
        "Basic EPS": NaN,
        "Diluted NI Availto Com Stockholders": NaN,
        "Net Income Common Stockholders": NaN,
        "Net Income": NaN,
        "Minority Interests": NaN,
        "Net Income Including Noncontrolling Interests": NaN,
        "Net Income Discontinuous Operations": 0.0,
        "Net Income Continuous Operations": NaN,
        "Tax Provision": NaN,
        "Pretax Income": NaN,
        "Other Income Expense": NaN,
        "Special Income Charges": NaN,
        "Gain On Sale Of Business": NaN,
        "Other Special Charges": NaN,
        "Write Off": NaN,
        "Impairment Of Capital Assets": NaN,
        "Earnings From Equity Interest": NaN,
        "Gain On Sale Of Security": NaN,
        "Net Non Operating Interest Income Expense": NaN,
        "Total Other Finance Cost": NaN,
        "Interest Expense Non Operating": NaN,
        "Interest Income Non Operating": NaN,
        "Operating Income": NaN,
        "Operating Expense": NaN,
        "Other Operating Expenses": NaN,
        "Depreciation Amortization Depletion Income Statement": NaN,
        "Depreciation And Amortization In Income Statement": NaN,
        "Depreciation Income Statement": NaN,
        "Research And Development": NaN,
        "Selling General And Administration": NaN,
        "Selling And Marketing Expense": -39000000.0,
        "General And Administrative Expense": NaN,
        "Other Gand A": NaN,
        "Salaries And Wages": NaN,
        "Gross Profit": NaN,
        "Cost Of Revenue": NaN,
        "Total Revenue": NaN,
        "Operating Revenue": NaN
    },
    "2024-03-31": {
        "Tax Effect Of Unusual Items": NaN,
        "Tax Rate For Calcs": NaN,
        "Normalized EBITDA": NaN,
        "Total Unusual Items": NaN,
        "Total Unusual Items Excluding Goodwill": NaN,
        "Net Income From Continuing Operation Net Minority Interest": NaN,
        "Reconciled Depreciation": NaN,
        "Reconciled Cost Of Revenue": NaN,
        "EBITDA": NaN,
        "EBIT": NaN,
        "Net Interest Income": NaN,
        "Interest Expense": NaN,
        "Interest Income": NaN,
        "Normalized Income": NaN,
        "Net Income From Continuing And Discontinued Operation": NaN,
        "Total Expenses": NaN,
        "Total Operating Income As Reported": NaN,
        "Diluted Average Shares": 4289631000.0,
        "Basic Average Shares": 4285865000.0,
        "Diluted EPS": 0.39,
        "Basic EPS": 0.39,
        "Diluted NI Availto Com Stockholders": NaN,
        "Net Income Common Stockholders": NaN,
        "Net Income": NaN,
        "Minority Interests": NaN,
        "Net Income Including Noncontrolling Interests": NaN,
        "Net Income Continuous Operations": NaN,
        "Tax Provision": NaN,
        "Pretax Income": NaN,
        "Other Income Expense": NaN,
        "Special Income Charges": NaN,
        "Gain On Sale Of Business": NaN,
        "Other Special Charges": NaN,
        "Write Off": 6000000.0,
        "Impairment Of Capital Assets": 6000000.0,
        "Earnings From Equity Interest": NaN,
        "Gain On Sale Of Security": NaN,
        "Net Non Operating Interest Income Expense": NaN,
        "Total Other Finance Cost": NaN,
        "Interest Expense Non Operating": NaN,
        "Interest Income Non Operating": NaN,
        "Operating Income": NaN,
        "Operating Expense": NaN,
        "Other Operating Expenses": NaN,
        "Depreciation Amortization Depletion Income Statement": NaN,
        "Depreciation And Amortization In Income Statement": NaN,
        "Depreciation Income Statement": NaN,
        "Research And Development": NaN,
        "Selling General And Administration": NaN,
        "General And Administrative Expense": NaN,
        "Other Gand A": NaN,
        "Salaries And Wages": NaN,
        "Gross Profit": NaN,
        "Cost Of Revenue": NaN,
        "Total Revenue": NaN,
        "Operating Revenue": NaN
    },
    "2024-06-30": {
        "Tax Effect Of Unusual Items": 66640000.0,
        "Tax Rate For Calcs": 0.34,
        "Normalized EBITDA": 3776000000.0,
        "Total Unusual Items": 196000000.0,
        "Total Unusual Items Excluding Goodwill": 196000000.0,
        "Net Income From Continuing Operation Net Minority Interest": 2769000000.0,
        "Reconciled Depreciation": 793000000.0,
        "Reconciled Cost Of Revenue": 5565000000.0,
        "EBITDA": 3972000000.0,
        "EBIT": 3179000000.0,
        "Net Interest Income": -528000000.0,
        "Interest Expense": 444000000.0,
        "Interest Income": 78000000.0,
        "Normalized Income": 2639640000.0,
        "Net Income From Continuing And Discontinued Operation": 2769000000.0,
        "Total Expenses": 6965000000.0,
        "Total Operating Income As Reported": 3875000000.0,
        "Diluted Average Shares": 4260000000.0,
        "Basic Average Shares": 4260000000.0,
        "Diluted EPS": 0.65,
        "Basic EPS": 0.65,
        "Diluted NI Availto Com Stockholders": 2769000000.0,
        "Net Income Common Stockholders": 2769000000.0,
        "Net Income": 2769000000.0,
        "Minority Interests": 0.0,
        "Net Income Including Noncontrolling Interests": 2769000000.0,
        "Net Income Continuous Operations": 2769000000.0,
        "Tax Provision": -34000000.0,
        "Pretax Income": 2735000000.0,
        "Other Income Expense": 308000000.0,
        "Special Income Charges": 920000000.0,
        "Gain On Sale Of Business": 1059000000.0,
        "Other Special Charges": 90000000.0,
        "Write Off": NaN,
        "Impairment Of Capital Assets": -1010000000.0,
        "Earnings From Equity Interest": 112000000.0,
        "Gain On Sale Of Security": -724000000.0,
        "Net Non Operating Interest Income Expense": -528000000.0,
        "Total Other Finance Cost": 162000000.0,
        "Interest Expense Non Operating": 444000000.0,
        "Interest Income Non Operating": 78000000.0,
        "Operating Income": 2955000000.0,
        "Operating Expense": 616000000.0,
        "Other Operating Expenses": 290000000.0,
        "Depreciation Amortization Depletion Income Statement": 9000000.0,
        "Depreciation And Amortization In Income Statement": 9000000.0,
        "Depreciation Income Statement": 9000000.0,
        "Research And Development": 189000000.0,
        "Selling General And Administration": 128000000.0,
        "General And Administrative Expense": 107000000.0,
        "Other Gand A": 65000000.0,
        "Salaries And Wages": 42000000.0,
        "Gross Profit": 3571000000.0,
        "Cost Of Revenue": 6349000000.0,
        "Total Revenue": 9920000000.0,
        "Operating Revenue": 9873000000.0
    },
    "2024-09-30": {
        "Tax Effect Of Unusual Items": 97584158.415842,
        "Tax Rate For Calcs": 0.123212,
        "Normalized EBITDA": 3044000000.0,
        "Total Unusual Items": 703000000.0,
        "Total Unusual Items Excluding Goodwill": 703000000.0,
        "Net Income From Continuing Operation Net Minority Interest": 2412000000.0,
        "Reconciled Depreciation": 748000000.0,
        "Reconciled Cost Of Revenue": 5547000000.0,
        "EBITDA": 3747000000.0,
        "EBIT": 2999000000.0,
        "Net Interest Income": -188000000.0,
        "Interest Expense": 272000000.0,
        "Interest Income": 43000000.0,
        "Normalized Income": 1717584158.415842,
        "Net Income From Continuing And Discontinued Operation": 2412000000.0,
        "Total Expenses": 6767000000.0,
        "Total Operating Income As Reported": 3675000000.0,
        "Diluted Average Shares": 4274508000.0,
        "Basic Average Shares": 4269495000.0,
        "Diluted EPS": 0.56,
        "Basic EPS": 0.56,
        "Diluted NI Availto Com Stockholders": 2412000000.0,
        "Net Income Common Stockholders": 2412000000.0,
        "Net Income": 2412000000.0,
        "Minority Interests": 21000000.0,
        "Net Income Including Noncontrolling Interests": 2391000000.0,
        "Net Income Continuous Operations": 2391000000.0,
        "Tax Provision": 336000000.0,
        "Pretax Income": 2727000000.0,
        "Other Income Expense": 218000000.0,
        "Special Income Charges": 928000000.0,
        "Gain On Sale Of Business": NaN,
        "Other Special Charges": 216000000.0,
        "Write Off": NaN,
        "Impairment Of Capital Assets": -1144000000.0,
        "Earnings From Equity Interest": -574000000.0,
        "Gain On Sale Of Security": -136000000.0,
        "Net Non Operating Interest Income Expense": -188000000.0,
        "Total Other Finance Cost": -41000000.0,
        "Interest Expense Non Operating": 272000000.0,
        "Interest Income Non Operating": 43000000.0,
        "Operating Income": 2697000000.0,
        "Operating Expense": 575000000.0,
        "Other Operating Expenses": 155000000.0,
        "Depreciation Amortization Depletion Income Statement": 14000000.0,
        "Depreciation And Amortization In Income Statement": 14000000.0,
        "Depreciation Income Statement": NaN,
        "Research And Development": 192000000.0,
        "Selling General And Administration": 125000000.0,
        "General And Administrative Expense": 125000000.0,
        "Other Gand A": 74000000.0,
        "Salaries And Wages": 51000000.0,
        "Gross Profit": 3272000000.0,
        "Cost Of Revenue": 6281000000.0,
        "Total Revenue": 9553000000.0,
        "Operating Revenue": 9542000000.0
    },
    "2024-12-31": {
        "Tax Effect Of Unusual Items": -101837957.824639,
        "Tax Rate For Calcs": 0.032186,
        "Normalized EBITDA": 3573000000.0,
        "Total Unusual Items": -3295000000.0,
        "Total Unusual Items Excluding Goodwill": -3295000000.0,
        "Net Income From Continuing Operation Net Minority Interest": -694000000.0,
        "Reconciled Depreciation": 802000000.0,
        "Reconciled Cost Of Revenue": 5489000000.0,
        "EBITDA": 409000000.0,
        "EBIT": -393000000.0,
        "Net Interest Income": -616000000.0,
        "Interest Expense": 508000000.0,
        "Interest Income": 20000000.0,
        "Normalized Income": 2368162042.175361,
        "Net Income From Continuing And Discontinued Operation": -694000000.0,
        "Total Expenses": 7183000000.0,
        "Total Operating Income As Reported": 790000000.0,
        "Diluted Average Shares": NaN,
        "Basic Average Shares": NaN,
        "Diluted EPS": NaN,
        "Basic EPS": NaN,
        "Diluted NI Availto Com Stockholders": -694000000.0,
        "Net Income Common Stockholders": -694000000.0,
        "Net Income": -694000000.0,
        "Minority Interests": 178000000.0,
        "Net Income Including Noncontrolling Interests": -872000000.0,
        "Net Income Continuous Operations": -872000000.0,
        "Tax Provision": -29000000.0,
        "Pretax Income": -901000000.0,
        "Other Income Expense": -3226000000.0,
        "Special Income Charges": -1970000000.0,
        "Gain On Sale Of Business": NaN,
        "Other Special Charges": 123000000.0,
        "Write Off": NaN,
        "Impairment Of Capital Assets": 1847000000.0,
        "Earnings From Equity Interest": 69000000.0,
        "Gain On Sale Of Security": -1194000000.0,
        "Net Non Operating Interest Income Expense": -616000000.0,
        "Total Other Finance Cost": 128000000.0,
        "Interest Expense Non Operating": 508000000.0,
        "Interest Income Non Operating": 20000000.0,
        "Operating Income": 2810000000.0,
        "Operating Expense": 1046000000.0,
        "Other Operating Expenses": 456000000.0,
        "Depreciation Amortization Depletion Income Statement": 23000000.0,
        "Depreciation And Amortization In Income Statement": 23000000.0,
        "Depreciation Income Statement": NaN,
        "Research And Development": 253000000.0,
        "Selling General And Administration": 183000000.0,
        "General And Administrative Expense": 162000000.0,
        "Other Gand A": 66000000.0,
        "Salaries And Wages": 96000000.0,
        "Gross Profit": 3856000000.0,
        "Cost Of Revenue": 6268000000.0,
        "Total Revenue": 10124000000.0,
        "Operating Revenue": 10209000000.0
    },
    "2025-03-31": {
        "Tax Effect Of Unusual Items": 30085658.34557,
        "Tax Rate For Calcs": 0.316691,
        "Normalized EBITDA": 3027000000.0,
        "Total Unusual Items": 95000000.0,
        "Total Unusual Items Excluding Goodwill": 5000000.0,
        "Net Income From Continuing Operation Net Minority Interest": 1394000000.0,
        "Reconciled Depreciation": 704000000.0,
        "Reconciled Cost Of Revenue": 4771000000.0,
        "EBITDA": 3032000000.0,
        "EBIT": 2328000000.0,
        "Net Interest Income": -326000000.0,
        "Interest Expense": 285000000.0,
        "Interest Income": 56000000.0,
        "Normalized Income": 1329085658.34557,
        "Net Income From Continuing And Discontinued Operation": 1394000000.0,
        "Total Expenses": 5814000000.0,
        "Total Operating Income As Reported": 1799000000.0,
        "Diluted Average Shares": 4273772000.0,
        "Basic Average Shares": 4268759000.0,
        "Diluted EPS": 0.33,
        "Basic EPS": 0.33,
        "Diluted NI Availto Com Stockholders": 1394000000.0,
        "Net Income Common Stockholders": 1394000000.0,
        "Net Income": 1394000000.0,
        "Minority Interests": -2000000.0,
        "Net Income Including Noncontrolling Interests": 1396000000.0,
        "Net Income Continuous Operations": 1396000000.0,
        "Tax Provision": 647000000.0,
        "Pretax Income": 2043000000.0,
        "Other Income Expense": 64000000.0,
        "Special Income Charges": -416000000.0,
        "Gain On Sale Of Business": NaN,
        "Other Special Charges": 163000000.0,
        "Write Off": 253000000.0,
        "Impairment Of Capital Assets": NaN,
        "Earnings From Equity Interest": 59000000.0,
        "Gain On Sale Of Security": 511000000.0,
        "Net Non Operating Interest Income Expense": -326000000.0,
        "Total Other Finance Cost": 97000000.0,
        "Interest Expense Non Operating": 285000000.0,
        "Interest Income Non Operating": 56000000.0,
        "Operating Income": 2215000000.0,
        "Operating Expense": 453000000.0,
        "Other Operating Expenses": 95000000.0,
        "Depreciation Amortization Depletion Income Statement": 24000000.0,
        "Depreciation And Amortization In Income Statement": 24000000.0,
        "Depreciation Income Statement": NaN,
        "Research And Development": 123000000.0,
        "Selling General And Administration": 121000000.0,
        "General And Administrative Expense": 121000000.0,
        "Other Gand A": 59000000.0,
        "Salaries And Wages": 62000000.0,
        "Gross Profit": 2668000000.0,
        "Cost Of Revenue": 5451000000.0,
        "Total Revenue": 8119000000.0,
        "Operating Revenue": 8119000000.0
    },
    "2025-06-30": {
        "Tax Effect Of Unusual Items": 113900000.0,
        "Tax Rate For Calcs": 0.34,
        "Normalized EBITDA": 2895000000.0,
        "Total Unusual Items": 335000000.0,
        "Total Unusual Items Excluding Goodwill": 335000000.0,
        "Net Income From Continuing Operation Net Minority Interest": 2117000000.0,
        "Reconciled Depreciation": 780000000.0,
        "Reconciled Cost Of Revenue": 5312000000.0,
        "EBITDA": 3230000000.0,
        "EBIT": 2450000000.0,
        "Net Interest Income": -409000000.0,
        "Interest Expense": 347000000.0,
        "Interest Income": 112000000.0,
        "Normalized Income": 1895900000.0,
        "Net Income From Continuing And Discontinued Operation": 2117000000.0,
        "Total Expenses": 6559000000.0,
        "Total Operating Income As Reported": 2004000000.0,
        "Diluted Average Shares": 4234000000.0,
        "Basic Average Shares": 4234000000.0,
        "Diluted EPS": 0.5,
        "Basic EPS": NaN,
        "Diluted NI Availto Com Stockholders": 2117000000.0,
        "Net Income Common Stockholders": 2117000000.0,
        "Net Income": 2117000000.0,
        "Minority Interests": -18000000.0,
        "Net Income Including Noncontrolling Interests": 2135000000.0,
        "Net Income Continuous Operations": 2135000000.0,
        "Tax Provision": -32000000.0,
        "Pretax Income": 2103000000.0,
        "Other Income Expense": 267000000.0,
        "Special Income Charges": -241000000.0,
        "Gain On Sale Of Business": NaN,
        "Other Special Charges": 109000000.0,
        "Write Off": 132000000.0,
        "Impairment Of Capital Assets": 132000000.0,
        "Earnings From Equity Interest": -68000000.0,
        "Gain On Sale Of Security": 576000000.0,
        "Net Non Operating Interest Income Expense": -409000000.0,
        "Total Other Finance Cost": 174000000.0,
        "Interest Expense Non Operating": 347000000.0,
        "Interest Income Non Operating": 112000000.0,
        "Operating Income": 2245000000.0,
        "Operating Expense": 474000000.0,
        "Other Operating Expenses": 184000000.0,
        "Depreciation Amortization Depletion Income Statement": 7000000.0,
        "Depreciation And Amortization In Income Statement": 7000000.0,
        "Depreciation Income Statement": 7000000.0,
        "Research And Development": 159000000.0,
        "Selling General And Administration": 124000000.0,
        "General And Administrative Expense": 106000000.0,
        "Other Gand A": 57000000.0,
        "Salaries And Wages": 49000000.0,
        "Gross Profit": 2719000000.0,
        "Cost Of Revenue": 6085000000.0,
        "Total Revenue": 8804000000.0,
        "Operating Revenue": 8804000000.0
    }
}