{
    "2023-03-31": {
        "Tax Effect Of Unusual Items": NaN,
        "Tax Rate For Calcs": NaN,
        "Normalized EBITDA": NaN,
        "Net Income From Continuing Operation Net Minority Interest": NaN,
        "Reconciled Depreciation": NaN,
        "EBITDA": NaN,
        "EBIT": NaN,
        "Normalized Income": NaN,
        "Net Income From Continuing And Discontinued Operation": NaN,
        "Total Expenses": NaN,
        "Total Operating Income As Reported": NaN,
        "Diluted Average Shares": 50755000.0,
        "Basic Average Shares": 50755000.0,
        "Diluted EPS": -0.12,
        "Basic EPS": -0.12,
        "Diluted NI Availto Com Stockholders": NaN,
        "Net Income Common Stockholders": NaN,
        "Net Income": NaN,
        "Net Income Including Noncontrolling Interests": NaN,
        "Net Income Continuous Operations": NaN,
        "Pretax Income": NaN,
        "Other Income Expense": NaN,
        "Other Non Operating Income Expenses": NaN,
        "Operating Income": NaN,
        "Operating Expense": NaN,
        "Research And Development": NaN,
        "Selling General And Administration": NaN,
        "General And Administrative Expense": NaN,
        "Other Gand A": NaN,
        "Salaries And Wages": NaN,
        "Total Revenue": NaN,
        "Operating Revenue": NaN
    },
    "2022-12-31": {
        "Tax Effect Of Unusual Items": 0.0,
        "Tax Rate For Calcs": 0.0,
        "Normalized EBITDA": -7680000.0,
        "Net Income From Continuing Operation Net Minority Interest": -7284000.0,
        "Reconciled Depreciation": 110000.0,
        "EBITDA": -7680000.0,
        "EBIT": -7790000.0,
        "Normalized Income": -7284000.0,
        "Net Income From Continuing And Discontinued Operation": -7284000.0,
        "Total Expenses": 7790000.0,
        "Total Operating Income As Reported": -7790000.0,
        "Diluted Average Shares": NaN,
        "Basic Average Shares": NaN,
        "Diluted EPS": NaN,
        "Basic EPS": NaN,
        "Diluted NI Availto Com Stockholders": -7284000.0,
        "Net Income Common Stockholders": -7284000.0,
        "Net Income": -7284000.0,
        "Net Income Including Noncontrolling Interests": -7284000.0,
        "Net Income Continuous Operations": -7284000.0,
        "Pretax Income": -7284000.0,
        "Other Income Expense": 506000.0,
        "Other Non Operating Income Expenses": -6371000.0,
        "Operating Income": -7790000.0,
        "Operating Expense": 7790000.0,
        "Research And Development": 4431000.0,
        "Selling General And Administration": 3363000.0,
        "General And Administrative Expense": 3363000.0,
        "Other Gand A": 3363000.0,
        "Salaries And Wages": NaN,
        "Total Revenue": 0.0,
        "Operating Revenue": 0.0
    },
    "2022-09-30": {
        "Tax Effect Of Unusual Items": NaN,
        "Tax Rate For Calcs": NaN,
        "Normalized EBITDA": NaN,
        "Net Income From Continuing Operation Net Minority Interest": NaN,
        "Reconciled Depreciation": NaN,
        "Reconciled Cost Of Revenue": 0.0,
        "EBITDA": NaN,
        "EBIT": NaN,
        "Normalized Income": NaN,
        "Net Income From Continuing And Discontinued Operation": NaN,
        "Total Expenses": NaN,
        "Total Operating Income As Reported": NaN,
        "Diluted Average Shares": 38477000.0,
        "Basic Average Shares": 37965000.0,
        "Diluted EPS": 0.04,
        "Basic EPS": 0.04,
        "Diluted NI Availto Com Stockholders": NaN,
        "Net Income Common Stockholders": NaN,
        "Net Income": NaN,
        "Net Income Including Noncontrolling Interests": NaN,
        "Net Income Continuous Operations": NaN,
        "Pretax Income": NaN,
        "Other Income Expense": NaN,
        "Other Non Operating Income Expenses": NaN,
        "Operating Income": NaN,
        "Operating Expense": NaN,
        "Other Operating Expenses": 4000.0,
        "Research And Development": NaN,
        "Selling General And Administration": NaN,
        "General And Administrative Expense": NaN,
        "Other Gand A": NaN,
        "Salaries And Wages": NaN,
        "Gross Profit": 0.0,
        "Cost Of Revenue": 0.0,
        "Total Revenue": NaN,
        "Operating Revenue": NaN
    },
    "2022-06-30": {
        "Tax Effect Of Unusual Items": 0.0,
        "Tax Rate For Calcs": 0.0,
        "Normalized EBITDA": -4087000.0,
        "Total Unusual Items": 0.0,
        "Total Unusual Items Excluding Goodwill": 0.0,
        "Net Income From Continuing Operation Net Minority Interest": -4103000.0,
        "Reconciled Depreciation": 87000.0,
        "Reconciled Cost Of Revenue": NaN,
        "EBITDA": -4087000.0,
        "EBIT": -4087000.0,
        "Normalized Income": -4103000.0,
        "Net Income From Continuing And Discontinued Operation": -4103000.0,
        "Total Expenses": 4087000.0,
        "Total Operating Income As Reported": -4087000.0,
        "Diluted Average Shares": 50726329.0,
        "Basic Average Shares": 50726329.0,
        "Diluted EPS": -0.080885,
        "Basic EPS": -0.080885,
        "Diluted NI Availto Com Stockholders": -4103000.0,
        "Net Income Common Stockholders": -4103000.0,
        "Net Income": -4103000.0,
        "Net Income Including Noncontrolling Interests": -4103000.0,
        "Net Income Continuous Operations": -4103000.0,
        "Pretax Income": -4103000.0,
        "Other Income Expense": -16000.0,
        "Other Non Operating Income Expenses": -16000.0,
        "Special Income Charges": 0.0,
        "Operating Income": -4087000.0,
        "Operating Expense": 4087000.0,
        "Other Operating Expenses": NaN,
        "Research And Development": 3203000.0,
        "Selling General And Administration": 884000.0,
        "General And Administrative Expense": 884000.0,
        "Other Gand A": 884000.0,
        "Salaries And Wages": 70000.0,
        "Gross Profit": NaN,
        "Cost Of Revenue": NaN,
        "Total Revenue": 0.0,
        "Operating Revenue": 0.0
    },
    "2022-03-31": {
        "Diluted EPS": -0.11,
        "Total Revenue": NaN,
        "Gross Profit": NaN,
        "Operating Income": -4,
        "EBIT": -4,
        "Net Income": -4
    },
    "2021-12-31": {
        "Diluted EPS": 0.31,
        "Total Revenue": NaN,
        "Gross Profit": NaN,
        "Operating Income": -5,
        "EBIT": -5,
        "Net Income": -4
    },
    "2021-09-30": {
        "Diluted EPS": -0.1,
        "Total Revenue": NaN,
        "Gross Profit": NaN,
        "Operating Income": -3,
        "EBIT": -3,
        "Net Income": -3
    },
    "2021-06-30": {
        "Diluted EPS": -0.24,
        "Total Revenue": NaN,
        "Gross Profit": NaN,
        "Operating Income": -2,
        "EBIT": -2,
        "Net Income": -2
    },
    "2021-03-31": {
        "Diluted EPS": -0.36,
        "Total Revenue": NaN,
        "Gross Profit": NaN,
        "Operating Income": -3,
        "EBIT": -3,
        "Net Income": -3
    },
    "2020-12-31": {
        "Diluted EPS": 0.21,
        "Total Revenue": NaN,
        "Gross Profit": NaN,
        "Operating Income": -1,
        "EBIT": -1,
        "Net Income": -1
    },
    "2020-09-30": {
        "Diluted EPS": -0.21,
        "Total Revenue": NaN,
        "Gross Profit": NaN,
        "Operating Income": -2,
        "EBIT": -2,
        "Net Income": -2
    },
    "2020-06-30": {
        "Diluted EPS": -0.45,
        "Total Revenue": NaN,
        "Gross Profit": NaN,
        "Operating Income": -3,
        "EBIT": -3,
        "Net Income": -3
    },
    "2020-03-31": {
        "Diluted EPS": -1.71,
        "Total Revenue": NaN,
        "Gross Profit": NaN,
        "Operating Income": -9,
        "EBIT": -9,
        "Net Income": -9
    },
    "2019-12-31": {
        "Diluted EPS": -1.29,
        "Total Revenue": 0,
        "Gross Profit": 0,
        "Operating Income": -8,
        "EBIT": -8,
        "Net Income": -8
    },
    "2019-09-30": {
        "Diluted EPS": -1.47,
        "Total Revenue": 0,
        "Gross Profit": 0,
        "Operating Income": -8,
        "EBIT": -8,
        "Net Income": -8
    },
    "2019-06-30": {
        "Diluted EPS": -1.68,
        "Total Revenue": 1,
        "Gross Profit": 0,
        "Operating Income": -8,
        "EBIT": -8,
        "Net Income": -8
    },
    "2019-03-31": {
        "Diluted EPS": -2.4,
        "Total Revenue": 1,
        "Gross Profit": 0,
        "Operating Income": -10,
        "EBIT": -10,
        "Net Income": -10
    },
    "2018-12-31": {
        "Diluted EPS": -2.85,
        "Total Revenue": 2,
        "Gross Profit": 0,
        "Operating Income": -9,
        "EBIT": -9,
        "Net Income": -9
    },
    "2018-09-30": {
        "Diluted EPS": -2.88,
        "Total Revenue": 2,
        "Gross Profit": 0,
        "Operating Income": -9,
        "EBIT": -8,
        "Net Income": -9
    },
    "2018-06-30": {
        "Diluted EPS": -2.88,
        "Total Revenue": 2,
        "Gross Profit": 1,
        "Operating Income": -8,
        "EBIT": -8,
        "Net Income": -8
    },
    "2018-03-31": {
        "Diluted EPS": -4.08,
        "Total Revenue": 1,
        "Gross Profit": 0,
        "Operating Income": -10,
        "EBIT": -10,
        "Net Income": -10
    },
    "2017-12-31": {
        "Diluted EPS": -3.12,
        "Total Revenue": 3,
        "Gross Profit": 1,
        "Operating Income": -7,
        "EBIT": -7,
        "Net Income": -7
    },
    "2017-09-30": {
        "Diluted EPS": -2.88,
        "Total Revenue": 2,
        "Gross Profit": 1,
        "Operating Income": -7,
        "EBIT": -7,
        "Net Income": -7
    },
    "2017-06-30": {
        "Diluted EPS": -2.88,
        "Total Revenue": 2,
        "Gross Profit": 1,
        "Operating Income": -7,
        "EBIT": -7,
        "Net Income": -7
    },
    "2017-03-31": {
        "Diluted EPS": -3.84,
        "Total Revenue": 1,
        "Gross Profit": 0,
        "Operating Income": -8,
        "EBIT": -7,
        "Net Income": -8
    },
    "2016-12-31": {
        "Diluted EPS": -6.0,
        "Total Revenue": 1,
        "Gross Profit": -3,
        "Operating Income": -10,
        "EBIT": -10,
        "Net Income": -10
    },
    "2016-09-30": {
        "Diluted EPS": -4.8,
        "Total Revenue": 1,
        "Gross Profit": -1,
        "Operating Income": -8,
        "EBIT": -8,
        "Net Income": -8
    },
    "2016-06-30": {
        "Diluted EPS": -5.52,
        "Total Revenue": 1,
        "Gross Profit": -2,
        "Operating Income": -9,
        "EBIT": -8,
        "Net Income": -9
    },
    "2016-03-31": {
        "Diluted EPS": -3.84,
        "Total Revenue": 1,
        "Gross Profit": 0,
        "Operating Income": -6,
        "EBIT": -6,
        "Net Income": -6
    },
    "2015-12-31": {
        "Diluted EPS": -3.6,
        "Total Revenue": 2,
        "Gross Profit": 1,
        "Operating Income": -5,
        "EBIT": -5,
        "Net Income": -5
    },
    "2015-09-30": {
        "Diluted EPS": -3.12,
        "Total Revenue": 2,
        "Gross Profit": 1,
        "Operating Income": -5,
        "EBIT": -5,
        "Net Income": -5
    },
    "2015-06-30": {
        "Diluted EPS": -3.36,
        "Total Revenue": 3,
        "Gross Profit": 1,
        "Operating Income": -5,
        "EBIT": -5,
        "Net Income": -5
    },
    "2015-03-31": {
        "Diluted EPS": -3.36,
        "Total Revenue": 2,
        "Gross Profit": 0,
        "Operating Income": -5,
        "EBIT": -5,
        "Net Income": -5
    },
    "2014-12-31": {
        "Diluted EPS": -11.04,
        "Total Revenue": 2,
        "Gross Profit": 0,
        "Operating Income": -6,
        "EBIT": -5,
        "Net Income": -14
    },
    "2014-09-30": {
        "Diluted EPS": -7.44,
        "Total Revenue": 1,
        "Gross Profit": 0,
        "Operating Income": -6,
        "EBIT": -4,
        "Net Income": -8
    },
    "2014-06-30": {
        "Diluted EPS": -7.68,
        "Total Revenue": 1,
        "Gross Profit": 0,
        "Operating Income": -6,
        "EBIT": -4,
        "Net Income": -8
    },
    "2014-03-31": {
        "Diluted EPS": -6.72,
        "Total Revenue": 1,
        "Gross Profit": 0,
        "Operating Income": -4,
        "EBIT": -3,
        "Net Income": -6
    },
    "2013-12-31": {
        "Diluted EPS": 0.0,
        "Total Revenue": NaN,
        "Gross Profit": NaN,
        "Operating Income": NaN,
        "EBIT": NaN,
        "Net Income": NaN
    },
    "2012-12-31": {
        "Diluted EPS": 0.0,
        "Total Revenue": NaN,
        "Gross Profit": NaN,
        "Operating Income": NaN,
        "EBIT": NaN,
        "Net Income": NaN
    },
    "2023-06-30": {
        "Tax Effect Of Unusual Items": NaN,
        "Tax Rate For Calcs": NaN,
        "Normalized EBITDA": NaN,
        "Net Income From Continuing Operation Net Minority Interest": NaN,
        "Reconciled Depreciation": NaN,
        "EBITDA": NaN,
        "EBIT": NaN,
        "Normalized Income": NaN,
        "Net Income From Continuing And Discontinued Operation": NaN,
        "Total Expenses": NaN,
        "Total Operating Income As Reported": NaN,
        "Diluted Average Shares": 50795000.0,
        "Basic Average Shares": 50795000.0,
        "Diluted EPS": -0.13,
        "Basic EPS": -0.13,
        "Diluted NI Availto Com Stockholders": NaN,
        "Net Income Common Stockholders": NaN,
        "Net Income": NaN,
        "Net Income Including Noncontrolling Interests": NaN,
        "Net Income Continuous Operations": NaN,
        "Pretax Income": NaN,
        "Other Income Expense": NaN,
        "Other Non Operating Income Expenses": NaN,
        "Operating Income": NaN,
        "Operating Expense": NaN,
        "Research And Development": NaN,
        "Selling General And Administration": NaN,
        "General And Administrative Expense": NaN,
        "Other Gand A": NaN,
        "Salaries And Wages": 240000.0,
        "Total Revenue": NaN,
        "Operating Revenue": NaN
    },
    "2023-09-30": {
        "Tax Effect Of Unusual Items": NaN,
        "Tax Rate For Calcs": NaN,
        "Normalized EBITDA": NaN,
        "Net Income From Continuing Operation Net Minority Interest": NaN,
        "Reconciled Depreciation": NaN,
        "EBITDA": NaN,
        "EBIT": NaN,
        "Normalized Income": NaN,
        "Net Income From Continuing And Discontinued Operation": NaN,
        "Total Expenses": NaN,
        "Total Operating Income As Reported": NaN,
        "Diluted Average Shares": 50837000.0,
        "Basic Average Shares": 50837000.0,
        "Diluted EPS": -0.13,
        "Basic EPS": -0.13,
        "Diluted NI Availto Com Stockholders": NaN,
        "Net Income Common Stockholders": NaN,
        "Net Income": NaN,
        "Net Income Including Noncontrolling Interests": NaN,
        "Net Income Continuous Operations": NaN,
        "Pretax Income": NaN,
        "Other Income Expense": NaN,
        "Other Non Operating Income Expenses": NaN,
        "Operating Income": NaN,
        "Operating Expense": NaN,
        "Research And Development": NaN,
        "Selling General And Administration": NaN,
        "General And Administrative Expense": NaN,
        "Other Gand A": NaN,
        "Total Revenue": NaN,
        "Operating Revenue": NaN
    },
    "2023-12-31": {
        "Tax Effect Of Unusual Items": 0.0,
        "Tax Rate For Calcs": 0.0,
        "Normalized EBITDA": -6119000.0,
        "Net Income From Continuing Operation Net Minority Interest": -6026000.0,
        "Reconciled Depreciation": 98000.0,
        "EBITDA": -6119000.0,
        "EBIT": -6217000.0,
        "Normalized Income": -6026000.0,
        "Net Income From Continuing And Discontinued Operation": -6026000.0,
        "Total Expenses": 6217000.0,
        "Total Operating Income As Reported": -6217000.0,
        "Diluted Average Shares": NaN,
        "Basic Average Shares": NaN,
        "Diluted EPS": NaN,
        "Basic EPS": NaN,
        "Diluted NI Availto Com Stockholders": -6026000.0,
        "Net Income Common Stockholders": -6026000.0,
        "Net Income": -6026000.0,
        "Net Income Including Noncontrolling Interests": -6026000.0,
        "Net Income Continuous Operations": -6026000.0,
        "Pretax Income": -6026000.0,
        "Other Income Expense": 191000.0,
        "Other Non Operating Income Expenses": 191000.0,
        "Operating Income": -6217000.0,
        "Operating Expense": 6217000.0,
        "Research And Development": 4708000.0,
        "Selling General And Administration": 1509000.0,
        "General And Administrative Expense": 1509000.0,
        "Other Gand A": 1509000.0,
        "Total Revenue": 0.0,
        "Operating Revenue": 0.0
    },
    "2024-03-31": {
        "Tax Effect Of Unusual Items": 0.0,
        "Tax Rate For Calcs": 0.0,
        "Normalized EBITDA": -6128000.0,
        "Net Income From Continuing Operation Net Minority Interest": -6039000.0,
        "Reconciled Depreciation": 99000.0,
        "EBITDA": -6128000.0,
        "EBIT": -6227000.0,
        "Normalized Income": -6039000.0,
        "Net Income From Continuing And Discontinued Operation": -6039000.0,
        "Total Expenses": 6227000.0,
        "Total Operating Income As Reported": -6227000.0,
        "Diluted Average Shares": 52202000.0,
        "Basic Average Shares": 52202000.0,
        "Diluted EPS": -0.12,
        "Basic EPS": -0.12,
        "Diluted NI Availto Com Stockholders": -6039000.0,
        "Net Income Common Stockholders": -6039000.0,
        "Net Income": -6039000.0,
        "Net Income Including Noncontrolling Interests": -6039000.0,
        "Net Income Continuous Operations": -6039000.0,
        "Pretax Income": -6039000.0,
        "Other Income Expense": 188000.0,
        "Other Non Operating Income Expenses": 188000.0,
        "Operating Income": -6227000.0,
        "Operating Expense": 6227000.0,
        "Research And Development": 3726000.0,
        "Selling General And Administration": 2501000.0,
        "General And Administrative Expense": 2501000.0,
        "Other Gand A": 2501000.0,
        "Total Revenue": 0.0,
        "Operating Revenue": 0.0
    },
    "2024-06-30": {
        "Tax Effect Of Unusual Items": 0.0,
        "Tax Rate For Calcs": 0.0,
        "Normalized EBITDA": -5581000.0,
        "Net Income From Continuing Operation Net Minority Interest": -5356000.0,
        "Reconciled Depreciation": 100000.0,
        "EBITDA": -5581000.0,
        "EBIT": -5681000.0,
        "Normalized Income": -5356000.0,
        "Net Income From Continuing And Discontinued Operation": -5356000.0,
        "Total Expenses": 5681000.0,
        "Total Operating Income As Reported": -5681000.0,
        "Diluted Average Shares": 55021000.0,
        "Basic Average Shares": 55021000.0,
        "Diluted EPS": -0.1,
        "Basic EPS": -0.1,
        "Diluted NI Availto Com Stockholders": -5356000.0,
        "Net Income Common Stockholders": -5356000.0,
        "Net Income": -5356000.0,
        "Net Income Including Noncontrolling Interests": -5356000.0,
        "Net Income Continuous Operations": -5356000.0,
        "Pretax Income": -5356000.0,
        "Other Income Expense": 325000.0,
        "Other Non Operating Income Expenses": 325000.0,
        "Operating Income": -5681000.0,
        "Operating Expense": 5681000.0,
        "Research And Development": 3513000.0,
        "Selling General And Administration": 2168000.0,
        "General And Administrative Expense": 2168000.0,
        "Other Gand A": 2168000.0,
        "Total Revenue": 0.0,
        "Operating Revenue": 0.0
    },
    "2024-09-30": {
        "Tax Effect Of Unusual Items": 0.0,
        "Tax Rate For Calcs": 0.0,
        "Normalized EBITDA": -6197000.0,
        "Net Income From Continuing Operation Net Minority Interest": -6041000.0,
        "Reconciled Depreciation": 112000.0,
        "EBITDA": -6197000.0,
        "EBIT": -6309000.0,
        "Normalized Income": -6041000.0,
        "Net Income From Continuing And Discontinued Operation": -6041000.0,
        "Total Expenses": 6309000.0,
        "Total Operating Income As Reported": -6309000.0,
        "Diluted Average Shares": 55247000.0,
        "Basic Average Shares": 55247000.0,
        "Diluted EPS": -0.11,
        "Basic EPS": -0.11,
        "Diluted NI Availto Com Stockholders": -6041000.0,
        "Net Income Common Stockholders": -6041000.0,
        "Net Income": -6041000.0,
        "Net Income Including Noncontrolling Interests": -6041000.0,
        "Net Income Continuous Operations": -6041000.0,
        "Pretax Income": -6041000.0,
        "Other Income Expense": 268000.0,
        "Other Non Operating Income Expenses": 268000.0,
        "Operating Income": -6309000.0,
        "Operating Expense": 6309000.0,
        "Research And Development": 4203000.0,
        "Selling General And Administration": 2106000.0,
        "General And Administrative Expense": 2106000.0,
        "Other Gand A": 2106000.0,
        "Total Revenue": 0.0,
        "Operating Revenue": 0.0
    },
    "2024-12-31": {
        "Tax Effect Of Unusual Items": 0.0,
        "Tax Rate For Calcs": 0.0,
        "Normalized EBITDA": -6371000.0,
        "Net Income From Continuing Operation Net Minority Interest": -6050000.0,
        "Reconciled Depreciation": 89000.0,
        "EBITDA": -6371000.0,
        "EBIT": -6460000.0,
        "Normalized Income": -6050000.0,
        "Net Income From Continuing And Discontinued Operation": -6050000.0,
        "Total Expenses": 6460000.0,
        "Total Operating Income As Reported": -6460000.0,
        "Diluted Average Shares": 57423000.0,
        "Basic Average Shares": 57423000.0,
        "Diluted EPS": -0.11,
        "Basic EPS": -0.11,
        "Diluted NI Availto Com Stockholders": -6050000.0,
        "Net Income Common Stockholders": -6050000.0,
        "Net Income": -6050000.0,
        "Net Income Including Noncontrolling Interests": -6050000.0,
        "Net Income Continuous Operations": -6050000.0,
        "Pretax Income": -6050000.0,
        "Other Income Expense": 410000.0,
        "Other Non Operating Income Expenses": 410000.0,
        "Operating Income": -6460000.0,
        "Operating Expense": 6460000.0,
        "Research And Development": 4303000.0,
        "Selling General And Administration": 2157000.0,
        "General And Administrative Expense": 2157000.0,
        "Other Gand A": 2157000.0,
        "Total Revenue": 0.0,
        "Operating Revenue": 0.0
    },
    "2025-03-31": {
        "Tax Effect Of Unusual Items": 0.0,
        "Tax Rate For Calcs": 0.0,
        "Normalized EBITDA": -6455000.0,
        "Net Income From Continuing Operation Net Minority Interest": -6302000.0,
        "Reconciled Depreciation": 102000.0,
        "EBITDA": -6455000.0,
        "EBIT": -6557000.0,
        "Normalized Income": -6302000.0,
        "Net Income From Continuing And Discontinued Operation": -6302000.0,
        "Total Expenses": 6557000.0,
        "Total Operating Income As Reported": -6557000.0,
        "Diluted Average Shares": 59236000.0,
        "Basic Average Shares": 59236000.0,
        "Diluted EPS": -0.11,
        "Basic EPS": -0.11,
        "Diluted NI Availto Com Stockholders": -6302000.0,
        "Net Income Common Stockholders": -6302000.0,
        "Net Income": -6302000.0,
        "Net Income Including Noncontrolling Interests": -6302000.0,
        "Net Income Continuous Operations": -6302000.0,
        "Pretax Income": -6302000.0,
        "Other Income Expense": 255000.0,
        "Other Non Operating Income Expenses": 255000.0,
        "Operating Income": -6557000.0,
        "Operating Expense": 6557000.0,
        "Research And Development": 4217000.0,
        "Selling General And Administration": 2340000.0,
        "General And Administrative Expense": 2340000.0,
        "Other Gand A": 2340000.0,
        "Total Revenue": 0.0,
        "Operating Revenue": 0.0
    }
}