{
    "2023-03-31": {
        "Tax Effect Of Unusual Items": 0.0,
        "Tax Rate For Calcs": 0.0,
        "Normalized EBITDA": -17655000.0,
        "Total Unusual Items": 12000.0,
        "Total Unusual Items Excluding Goodwill": 12000.0,
        "Net Income From Continuing Operation Net Minority Interest": -18421000.0,
        "Reconciled Depreciation": 586000.0,
        "EBITDA": -17643000.0,
        "EBIT": -18229000.0,
        "Net Interest Income": 375000.0,
        "Interest Expense": 192000.0,
        "Interest Income": 567000.0,
        "Normalized Income": -18433000.0,
        "Net Income From Continuing And Discontinued Operation": -18421000.0,
        "Total Expenses": 18808000.0,
        "Total Operating Income As Reported": -18808000.0,
        "Diluted Average Shares": 126061273.0,
        "Basic Average Shares": 126061273.0,
        "Diluted EPS": -0.15,
        "Basic EPS": -0.15,
        "Diluted NI Availto Com Stockholders": -18421000.0,
        "Net Income Common Stockholders": -18421000.0,
        "Net Income": -18421000.0,
        "Net Income Including Noncontrolling Interests": -18421000.0,
        "Net Income Continuous Operations": -18421000.0,
        "Pretax Income": -18421000.0,
        "Other Income Expense": 12000.0,
        "Gain On Sale Of Security": 12000.0,
        "Net Non Operating Interest Income Expense": 375000.0,
        "Interest Expense Non Operating": 192000.0,
        "Interest Income Non Operating": 567000.0,
        "Operating Income": -18808000.0,
        "Operating Expense": 18808000.0,
        "Research And Development": 11424000.0,
        "Selling General And Administration": 7384000.0,
        "General And Administrative Expense": 7384000.0,
        "Other Gand A": 7384000.0,
        "Total Revenue": 0.0,
        "Operating Revenue": 0.0
    },
    "2022-12-31": {
        "Tax Effect Of Unusual Items": 0.0,
        "Tax Rate For Calcs": 0.0,
        "Normalized EBITDA": -19650000.0,
        "Total Unusual Items": -16000.0,
        "Total Unusual Items Excluding Goodwill": -16000.0,
        "Net Income From Continuing Operation Net Minority Interest": -20456000.0,
        "Reconciled Depreciation": 540000.0,
        "Reconciled Cost Of Revenue": 0.0,
        "EBITDA": -19666000.0,
        "EBIT": -20206000.0,
        "Net Interest Income": 384000.0,
        "Interest Expense": 250000.0,
        "Interest Income": 634000.0,
        "Normalized Income": -20440000.0,
        "Net Income From Continuing And Discontinued Operation": -20456000.0,
        "Total Expenses": 20824000.0,
        "Total Operating Income As Reported": -20824000.0,
        "Diluted Average Shares": NaN,
        "Basic Average Shares": NaN,
        "Diluted EPS": NaN,
        "Basic EPS": NaN,
        "Diluted NI Availto Com Stockholders": -20456000.0,
        "Net Income Common Stockholders": -20456000.0,
        "Net Income": -20456000.0,
        "Net Income Including Noncontrolling Interests": -20456000.0,
        "Net Income Continuous Operations": -20456000.0,
        "Pretax Income": -20456000.0,
        "Other Income Expense": -16000.0,
        "Gain On Sale Of Security": -16000.0,
        "Net Non Operating Interest Income Expense": 384000.0,
        "Interest Expense Non Operating": 250000.0,
        "Interest Income Non Operating": 634000.0,
        "Operating Income": -20824000.0,
        "Operating Expense": 20824000.0,
        "Research And Development": 13018000.0,
        "Selling General And Administration": 7806000.0,
        "General And Administrative Expense": 7806000.0,
        "Other Gand A": 7806000.0,
        "Gross Profit": 0.0,
        "Cost Of Revenue": 0.0,
        "Total Revenue": 0.0,
        "Operating Revenue": 0.0
    },
    "2022-09-30": {
        "Tax Effect Of Unusual Items": 0.0,
        "Tax Rate For Calcs": 0.0,
        "Normalized EBITDA": -18804000.0,
        "Total Unusual Items": 25000.0,
        "Total Unusual Items Excluding Goodwill": 25000.0,
        "Net Income From Continuing Operation Net Minority Interest": -19252000.0,
        "Reconciled Depreciation": 419000.0,
        "Reconciled Cost Of Revenue": 0.0,
        "EBITDA": -18779000.0,
        "EBIT": -19198000.0,
        "Net Interest Income": 491000.0,
        "Interest Expense": 54000.0,
        "Interest Income": 545000.0,
        "Normalized Income": -19277000.0,
        "Net Income From Continuing And Discontinued Operation": -19252000.0,
        "Total Expenses": 19768000.0,
        "Total Operating Income As Reported": -19768000.0,
        "Diluted Average Shares": 126036865.0,
        "Basic Average Shares": 126036865.0,
        "Diluted EPS": -0.15,
        "Basic EPS": -0.15,
        "Diluted NI Availto Com Stockholders": -19252000.0,
        "Net Income Common Stockholders": -19252000.0,
        "Net Income": -19252000.0,
        "Net Income Including Noncontrolling Interests": -19252000.0,
        "Net Income Continuous Operations": -19252000.0,
        "Pretax Income": -19252000.0,
        "Other Income Expense": 25000.0,
        "Gain On Sale Of Security": 25000.0,
        "Net Non Operating Interest Income Expense": 491000.0,
        "Interest Expense Non Operating": 54000.0,
        "Interest Income Non Operating": 545000.0,
        "Operating Income": -19768000.0,
        "Operating Expense": 19768000.0,
        "Research And Development": 12468000.0,
        "Selling General And Administration": 7300000.0,
        "General And Administrative Expense": 7300000.0,
        "Other Gand A": 7300000.0,
        "Gross Profit": 0.0,
        "Cost Of Revenue": 0.0,
        "Total Revenue": 0.0,
        "Operating Revenue": 0.0
    },
    "2022-06-30": {
        "Tax Effect Of Unusual Items": 0.0,
        "Tax Rate For Calcs": 0.0,
        "Normalized EBITDA": -16757000.0,
        "Total Unusual Items": 2000.0,
        "Total Unusual Items Excluding Goodwill": 2000.0,
        "Net Income From Continuing Operation Net Minority Interest": -17252000.0,
        "Reconciled Depreciation": 392000.0,
        "Reconciled Cost Of Revenue": 0.0,
        "EBITDA": -16755000.0,
        "EBIT": -17147000.0,
        "Net Interest Income": -30000.0,
        "Interest Expense": 105000.0,
        "Interest Income": 75000.0,
        "Normalized Income": -17254000.0,
        "Net Income From Continuing And Discontinued Operation": -17252000.0,
        "Total Expenses": 17224000.0,
        "Total Operating Income As Reported": -17224000.0,
        "Diluted Average Shares": 125948595.0,
        "Basic Average Shares": 125948595.0,
        "Diluted EPS": -0.14,
        "Basic EPS": -0.14,
        "Diluted NI Availto Com Stockholders": -17252000.0,
        "Net Income Common Stockholders": -17252000.0,
        "Net Income": -17252000.0,
        "Net Income Including Noncontrolling Interests": -17252000.0,
        "Net Income Continuous Operations": -17252000.0,
        "Pretax Income": -17252000.0,
        "Other Income Expense": 2000.0,
        "Gain On Sale Of Security": 2000.0,
        "Net Non Operating Interest Income Expense": -30000.0,
        "Interest Expense Non Operating": 105000.0,
        "Interest Income Non Operating": 75000.0,
        "Operating Income": -17224000.0,
        "Operating Expense": 17224000.0,
        "Research And Development": 10664000.0,
        "Selling General And Administration": 6560000.0,
        "General And Administrative Expense": 6560000.0,
        "Other Gand A": 6560000.0,
        "Gross Profit": 0.0,
        "Cost Of Revenue": 0.0,
        "Total Revenue": 0.0,
        "Operating Revenue": 0.0
    },
    "2022-03-31": {
        "Diluted EPS": -0.15,
        "Total Revenue": NaN,
        "Gross Profit": NaN,
        "Operating Income": -18,
        "EBIT": -18,
        "Net Income": -18
    },
    "2021-12-31": {
        "Diluted EPS": -0.49,
        "Total Revenue": 0,
        "Gross Profit": 0,
        "Operating Income": -48,
        "EBIT": -48,
        "Net Income": -48
    },
    "2021-09-30": {
        "Diluted EPS": -0.44,
        "Total Revenue": 0,
        "Gross Profit": 0,
        "Operating Income": -30,
        "EBIT": -30,
        "Net Income": -30
    },
    "2021-06-30": {
        "Diluted EPS": -0.39,
        "Total Revenue": NaN,
        "Gross Profit": -2,
        "Operating Income": -27,
        "EBIT": -27,
        "Net Income": -27
    },
    "2021-03-31": {
        "Diluted EPS": -0.47,
        "Total Revenue": 0,
        "Gross Profit": 0,
        "Operating Income": -20,
        "EBIT": -20,
        "Net Income": -32
    },
    "2020-12-31": {
        "Diluted EPS": 0.0,
        "Total Revenue": NaN,
        "Gross Profit": NaN,
        "Operating Income": NaN,
        "EBIT": NaN,
        "Net Income": NaN
    },
    "2020-09-30": {
        "Diluted EPS": -0.24,
        "Total Revenue": 0,
        "Gross Profit": 0,
        "Operating Income": -13,
        "EBIT": -12,
        "Net Income": -16
    },
    "2020-06-30": {
        "Diluted EPS": -0.14,
        "Total Revenue": 0,
        "Gross Profit": 0,
        "Operating Income": -6,
        "EBIT": -6,
        "Net Income": -7
    },
    "2019-12-31": {
        "Diluted EPS": 0.0,
        "Total Revenue": NaN,
        "Gross Profit": NaN,
        "Operating Income": NaN,
        "EBIT": NaN,
        "Net Income": NaN
    },
    "2023-06-30": {
        "Tax Effect Of Unusual Items": 0.0,
        "Tax Rate For Calcs": 0.0,
        "Normalized EBITDA": -13323000.0,
        "Total Unusual Items": 18000.0,
        "Total Unusual Items Excluding Goodwill": 18000.0,
        "Net Income From Continuing Operation Net Minority Interest": -13977000.0,
        "Reconciled Depreciation": 526000.0,
        "EBITDA": -13305000.0,
        "EBIT": -13831000.0,
        "Net Interest Income": 432000.0,
        "Interest Expense": 146000.0,
        "Interest Income": 578000.0,
        "Normalized Income": -13995000.0,
        "Net Income From Continuing And Discontinued Operation": -13977000.0,
        "Total Expenses": 14427000.0,
        "Total Operating Income As Reported": -14427000.0,
        "Diluted Average Shares": 126481497.0,
        "Basic Average Shares": 126481497.0,
        "Diluted EPS": -0.11,
        "Basic EPS": -0.11,
        "Diluted NI Availto Com Stockholders": -13977000.0,
        "Net Income Common Stockholders": -13977000.0,
        "Net Income": -13977000.0,
        "Net Income Including Noncontrolling Interests": -13977000.0,
        "Net Income Continuous Operations": -13977000.0,
        "Pretax Income": -13977000.0,
        "Other Income Expense": 18000.0,
        "Gain On Sale Of Security": 18000.0,
        "Net Non Operating Interest Income Expense": 432000.0,
        "Interest Expense Non Operating": 146000.0,
        "Interest Income Non Operating": 578000.0,
        "Operating Income": -14427000.0,
        "Operating Expense": 14427000.0,
        "Research And Development": 8345000.0,
        "Selling General And Administration": 6082000.0,
        "General And Administrative Expense": 6082000.0,
        "Other Gand A": 6082000.0,
        "Total Revenue": 0.0,
        "Operating Revenue": 0.0
    },
    "2023-09-30": {
        "Tax Effect Of Unusual Items": 0.0,
        "Tax Rate For Calcs": 0.0,
        "Normalized EBITDA": -12267000.0,
        "Total Unusual Items": -36000.0,
        "Total Unusual Items Excluding Goodwill": -36000.0,
        "Net Income From Continuing Operation Net Minority Interest": -13145000.0,
        "Reconciled Depreciation": 666000.0,
        "EBITDA": -12303000.0,
        "EBIT": -12969000.0,
        "Net Interest Income": 336000.0,
        "Interest Expense": 176000.0,
        "Interest Income": 512000.0,
        "Normalized Income": -13109000.0,
        "Net Income From Continuing And Discontinued Operation": -13145000.0,
        "Total Expenses": 13445000.0,
        "Total Operating Income As Reported": -13445000.0,
        "Diluted Average Shares": 126736784.0,
        "Basic Average Shares": 126736784.0,
        "Diluted EPS": -0.1,
        "Basic EPS": -0.1,
        "Diluted NI Availto Com Stockholders": -13145000.0,
        "Net Income Common Stockholders": -13145000.0,
        "Net Income": -13145000.0,
        "Net Income Including Noncontrolling Interests": -13145000.0,
        "Net Income Continuous Operations": -13145000.0,
        "Pretax Income": -13145000.0,
        "Other Income Expense": -36000.0,
        "Gain On Sale Of Security": -36000.0,
        "Net Non Operating Interest Income Expense": 336000.0,
        "Interest Expense Non Operating": 176000.0,
        "Interest Income Non Operating": 512000.0,
        "Operating Income": -13445000.0,
        "Operating Expense": 13445000.0,
        "Research And Development": 7910000.0,
        "Selling General And Administration": 5535000.0,
        "General And Administrative Expense": 5535000.0,
        "Other Gand A": 5535000.0,
        "Total Revenue": 0.0,
        "Operating Revenue": 0.0
    },
    "2023-12-31": {
        "Tax Effect Of Unusual Items": 0.0,
        "Tax Rate For Calcs": 0.0,
        "Normalized EBITDA": -10761000.0,
        "Total Unusual Items": 7000.0,
        "Total Unusual Items Excluding Goodwill": 7000.0,
        "Net Income From Continuing Operation Net Minority Interest": -11392000.0,
        "Reconciled Depreciation": 456000.0,
        "EBITDA": -10754000.0,
        "EBIT": -11210000.0,
        "Net Interest Income": 251000.0,
        "Interest Expense": 182000.0,
        "Interest Income": 433000.0,
        "Normalized Income": -11399000.0,
        "Net Income From Continuing And Discontinued Operation": -11392000.0,
        "Total Expenses": 11650000.0,
        "Total Operating Income As Reported": -11650000.0,
        "Diluted Average Shares": NaN,
        "Basic Average Shares": NaN,
        "Diluted EPS": NaN,
        "Basic EPS": NaN,
        "Diluted NI Availto Com Stockholders": -11392000.0,
        "Net Income Common Stockholders": -11392000.0,
        "Net Income": -11392000.0,
        "Net Income Including Noncontrolling Interests": -11392000.0,
        "Net Income Continuous Operations": -11392000.0,
        "Pretax Income": -11392000.0,
        "Other Income Expense": 7000.0,
        "Gain On Sale Of Security": 7000.0,
        "Net Non Operating Interest Income Expense": 251000.0,
        "Interest Expense Non Operating": 182000.0,
        "Interest Income Non Operating": 433000.0,
        "Operating Income": -11650000.0,
        "Operating Expense": 11650000.0,
        "Research And Development": 8220000.0,
        "Selling General And Administration": 3430000.0,
        "General And Administrative Expense": 3430000.0,
        "Other Gand A": 3430000.0,
        "Total Revenue": 0.0,
        "Operating Revenue": 0.0
    }
}