{
    "2023-03-31": {
        "Tax Effect Of Unusual Items": NaN,
        "Tax Rate For Calcs": NaN,
        "Normalized EBITDA": NaN,
        "Total Unusual Items": NaN,
        "Total Unusual Items Excluding Goodwill": NaN,
        "Net Income From Continuing Operation Net Minority Interest": NaN,
        "Reconciled Depreciation": NaN,
        "EBITDA": NaN,
        "EBIT": NaN,
        "Net Interest Income": NaN,
        "Interest Expense": NaN,
        "Normalized Income": NaN,
        "Net Income From Continuing And Discontinued Operation": NaN,
        "Total Expenses": NaN,
        "Total Operating Income As Reported": NaN,
        "Diluted Average Shares": 237527.0,
        "Basic Average Shares": 237527.0,
        "Diluted EPS": -20.89,
        "Basic EPS": -20.89,
        "Diluted NI Availto Com Stockholders": NaN,
        "Net Income Common Stockholders": NaN,
        "Net Income": NaN,
        "Net Income Including Noncontrolling Interests": NaN,
        "Net Income Continuous Operations": NaN,
        "Tax Provision": NaN,
        "Pretax Income": NaN,
        "Other Income Expense": NaN,
        "Other Non Operating Income Expenses": NaN,
        "Gain On Sale Of Security": NaN,
        "Net Non Operating Interest Income Expense": NaN,
        "Interest Expense Non Operating": NaN,
        "Operating Income": NaN,
        "Operating Expense": NaN,
        "Research And Development": NaN,
        "Selling General And Administration": NaN,
        "General And Administrative Expense": NaN,
        "Other Gand A": NaN,
        "Salaries And Wages": NaN,
        "Total Revenue": NaN,
        "Operating Revenue": NaN
    },
    "2022-12-31": {
        "Tax Effect Of Unusual Items": 0.0,
        "Tax Rate For Calcs": 0.0,
        "Normalized EBITDA": -5033000.0,
        "Net Income From Continuing Operation Net Minority Interest": -5078000.0,
        "Reconciled Depreciation": 45000.0,
        "EBITDA": -5033000.0,
        "EBIT": -5078000.0,
        "Net Interest Income": 0.0,
        "Interest Expense": 0.0,
        "Normalized Income": -5078000.0,
        "Net Income From Continuing And Discontinued Operation": -5078000.0,
        "Total Expenses": 5169000.0,
        "Total Operating Income As Reported": -5119000.0,
        "Diluted Average Shares": NaN,
        "Basic Average Shares": NaN,
        "Diluted EPS": NaN,
        "Basic EPS": NaN,
        "Diluted NI Availto Com Stockholders": -5078000.0,
        "Net Income Common Stockholders": -5078000.0,
        "Net Income": -5078000.0,
        "Net Income Including Noncontrolling Interests": -5078000.0,
        "Net Income Continuous Operations": -5078000.0,
        "Tax Provision": 0.0,
        "Pretax Income": -5078000.0,
        "Other Income Expense": 41000.0,
        "Other Non Operating Income Expenses": 41000.0,
        "Net Non Operating Interest Income Expense": 0.0,
        "Interest Expense Non Operating": 0.0,
        "Operating Income": -5119000.0,
        "Operating Expense": 5169000.0,
        "Research And Development": 3741000.0,
        "Selling General And Administration": 1603000.0,
        "General And Administrative Expense": 1603000.0,
        "Other Gand A": 1603000.0,
        "Salaries And Wages": NaN,
        "Total Revenue": 50000.0,
        "Operating Revenue": 50000.0
    },
    "2022-09-30": {
        "Tax Effect Of Unusual Items": NaN,
        "Tax Rate For Calcs": NaN,
        "Normalized EBITDA": NaN,
        "Total Unusual Items": NaN,
        "Total Unusual Items Excluding Goodwill": NaN,
        "Net Income From Continuing Operation Net Minority Interest": NaN,
        "Reconciled Depreciation": NaN,
        "EBITDA": NaN,
        "EBIT": NaN,
        "Net Interest Income": NaN,
        "Interest Expense": NaN,
        "Normalized Income": NaN,
        "Net Income From Continuing And Discontinued Operation": NaN,
        "Total Expenses": NaN,
        "Total Operating Income As Reported": NaN,
        "Diluted Average Shares": 203162.0,
        "Basic Average Shares": 203162.0,
        "Diluted EPS": -23.38,
        "Basic EPS": -23.38,
        "Diluted NI Availto Com Stockholders": NaN,
        "Net Income Common Stockholders": NaN,
        "Net Income": NaN,
        "Minority Interests": 0.0,
        "Net Income Including Noncontrolling Interests": NaN,
        "Net Income Continuous Operations": NaN,
        "Tax Provision": NaN,
        "Pretax Income": NaN,
        "Other Income Expense": NaN,
        "Other Non Operating Income Expenses": NaN,
        "Gain On Sale Of Security": NaN,
        "Net Non Operating Interest Income Expense": NaN,
        "Interest Expense Non Operating": NaN,
        "Operating Income": NaN,
        "Operating Expense": NaN,
        "Research And Development": NaN,
        "Selling General And Administration": NaN,
        "General And Administrative Expense": NaN,
        "Other Gand A": NaN,
        "Salaries And Wages": NaN,
        "Total Revenue": NaN,
        "Operating Revenue": NaN
    },
    "2022-06-30": {
        "Tax Effect Of Unusual Items": 0.0,
        "Tax Rate For Calcs": 0.0,
        "Normalized EBITDA": -5328000.0,
        "Net Income From Continuing Operation Net Minority Interest": -5383000.0,
        "Reconciled Depreciation": 54000.0,
        "EBITDA": -5328000.0,
        "EBIT": -5382000.0,
        "Net Interest Income": -1000.0,
        "Interest Expense": 1000.0,
        "Normalized Income": -5383000.0,
        "Net Income From Continuing And Discontinued Operation": -5383000.0,
        "Total Expenses": 5401000.0,
        "Total Operating Income As Reported": -5401000.0,
        "Diluted Average Shares": 42664051.0,
        "Basic Average Shares": 42664051.0,
        "Diluted EPS": -0.13,
        "Basic EPS": -0.13,
        "Diluted NI Availto Com Stockholders": -5383000.0,
        "Net Income Common Stockholders": -5383000.0,
        "Net Income": -5383000.0,
        "Minority Interests": 0.0,
        "Net Income Including Noncontrolling Interests": -5383000.0,
        "Net Income Continuous Operations": -5383000.0,
        "Tax Provision": 0.0,
        "Pretax Income": -5383000.0,
        "Other Income Expense": 19000.0,
        "Other Non Operating Income Expenses": 19000.0,
        "Net Non Operating Interest Income Expense": -1000.0,
        "Interest Expense Non Operating": 1000.0,
        "Operating Income": -5401000.0,
        "Operating Expense": 5401000.0,
        "Research And Development": 3843000.0,
        "Selling General And Administration": 1558000.0,
        "General And Administrative Expense": 1558000.0,
        "Other Gand A": 1558000.0,
        "Salaries And Wages": NaN,
        "Total Revenue": 0.0,
        "Operating Revenue": 0.0
    },
    "2022-03-31": {
        "Diluted EPS": -0.12,
        "Total Revenue": NaN,
        "Gross Profit": NaN,
        "Operating Income": -5,
        "EBIT": -5,
        "Net Income": -5
    },
    "2021-12-31": {
        "Diluted EPS": -0.14,
        "Total Revenue": 0,
        "Gross Profit": 0,
        "Operating Income": -6,
        "EBIT": -5,
        "Net Income": -5
    },
    "2021-09-30": {
        "Diluted EPS": -0.17,
        "Total Revenue": 0,
        "Gross Profit": 0,
        "Operating Income": -5,
        "EBIT": -5,
        "Net Income": -5
    },
    "2021-06-30": {
        "Diluted EPS": -0.21,
        "Total Revenue": NaN,
        "Gross Profit": NaN,
        "Operating Income": -6,
        "EBIT": -6,
        "Net Income": -6
    },
    "2021-03-31": {
        "Diluted EPS": -0.26,
        "Total Revenue": 1,
        "Gross Profit": 1,
        "Operating Income": -6,
        "EBIT": -6,
        "Net Income": -7
    },
    "2020-12-31": {
        "Diluted EPS": -0.26,
        "Total Revenue": NaN,
        "Gross Profit": NaN,
        "Operating Income": -6,
        "EBIT": -6,
        "Net Income": -6
    },
    "2020-09-30": {
        "Diluted EPS": -0.44,
        "Total Revenue": 1,
        "Gross Profit": 1,
        "Operating Income": -9,
        "EBIT": -9,
        "Net Income": -9
    },
    "2020-06-30": {
        "Diluted EPS": -0.39,
        "Total Revenue": NaN,
        "Gross Profit": NaN,
        "Operating Income": -7,
        "EBIT": -6,
        "Net Income": -7
    },
    "2020-03-31": {
        "Diluted EPS": -0.45,
        "Total Revenue": NaN,
        "Gross Profit": NaN,
        "Operating Income": -7,
        "EBIT": -7,
        "Net Income": -7
    },
    "2019-12-31": {
        "Diluted EPS": -0.35,
        "Total Revenue": 0,
        "Gross Profit": 0,
        "Operating Income": -6,
        "EBIT": -6,
        "Net Income": -6
    },
    "2019-09-30": {
        "Diluted EPS": -0.56,
        "Total Revenue": 0,
        "Gross Profit": 0,
        "Operating Income": -8,
        "EBIT": -8,
        "Net Income": -8
    },
    "2019-06-30": {
        "Diluted EPS": -0.77,
        "Total Revenue": 0,
        "Gross Profit": 0,
        "Operating Income": -9,
        "EBIT": -9,
        "Net Income": -9
    },
    "2019-03-31": {
        "Diluted EPS": -0.79,
        "Total Revenue": 0,
        "Gross Profit": 0,
        "Operating Income": -9,
        "EBIT": -9,
        "Net Income": -9
    },
    "2018-12-31": {
        "Diluted EPS": 9.13,
        "Total Revenue": 0,
        "Gross Profit": 0,
        "Operating Income": -9,
        "EBIT": -9,
        "Net Income": -8
    },
    "2018-09-30": {
        "Diluted EPS": -0.93,
        "Total Revenue": 0,
        "Gross Profit": 0,
        "Operating Income": -6,
        "EBIT": -6,
        "Net Income": -7
    },
    "2018-06-30": {
        "Diluted EPS": -6.72,
        "Total Revenue": 0,
        "Gross Profit": 0,
        "Operating Income": -7,
        "EBIT": -6,
        "Net Income": -7
    },
    "2018-03-31": {
        "Diluted EPS": -7.13,
        "Total Revenue": 0,
        "Gross Profit": 0,
        "Operating Income": -6,
        "EBIT": -5,
        "Net Income": -8
    },
    "2017-12-31": {
        "Diluted EPS": -3.09,
        "Total Revenue": 0,
        "Gross Profit": 0,
        "Operating Income": -6,
        "EBIT": -6,
        "Net Income": -3
    },
    "2017-09-30": {
        "Diluted EPS": -5.75,
        "Total Revenue": NaN,
        "Gross Profit": NaN,
        "Operating Income": -5,
        "EBIT": -5,
        "Net Income": -6
    },
    "2017-06-30": {
        "Diluted EPS": -5.15,
        "Total Revenue": NaN,
        "Gross Profit": NaN,
        "Operating Income": -5,
        "EBIT": -4,
        "Net Income": -6
    },
    "2017-03-31": {
        "Diluted EPS": -5.91,
        "Total Revenue": NaN,
        "Gross Profit": NaN,
        "Operating Income": -5,
        "EBIT": -5,
        "Net Income": -7
    },
    "2016-12-31": {
        "Diluted EPS": 0.0,
        "Total Revenue": NaN,
        "Gross Profit": NaN,
        "Operating Income": NaN,
        "EBIT": NaN,
        "Net Income": NaN
    },
    "2023-06-30": {
        "Tax Effect Of Unusual Items": NaN,
        "Tax Rate For Calcs": NaN,
        "Normalized EBITDA": NaN,
        "Total Unusual Items": NaN,
        "Total Unusual Items Excluding Goodwill": NaN,
        "Net Income From Continuing Operation Net Minority Interest": NaN,
        "Reconciled Depreciation": NaN,
        "EBITDA": NaN,
        "EBIT": NaN,
        "Net Interest Income": NaN,
        "Interest Expense": NaN,
        "Normalized Income": NaN,
        "Net Income From Continuing And Discontinued Operation": NaN,
        "Total Expenses": NaN,
        "Total Operating Income As Reported": NaN,
        "Diluted Average Shares": 287719.0,
        "Basic Average Shares": 287719.0,
        "Diluted EPS": -24.54,
        "Basic EPS": -24.54,
        "Diluted NI Availto Com Stockholders": NaN,
        "Net Income Common Stockholders": NaN,
        "Net Income": NaN,
        "Net Income Including Noncontrolling Interests": NaN,
        "Net Income Continuous Operations": NaN,
        "Tax Provision": NaN,
        "Pretax Income": NaN,
        "Other Income Expense": NaN,
        "Other Non Operating Income Expenses": NaN,
        "Gain On Sale Of Security": NaN,
        "Net Non Operating Interest Income Expense": NaN,
        "Interest Expense Non Operating": NaN,
        "Operating Income": NaN,
        "Operating Expense": NaN,
        "Research And Development": NaN,
        "Selling General And Administration": NaN,
        "General And Administrative Expense": NaN,
        "Other Gand A": NaN,
        "Salaries And Wages": 77000.0,
        "Total Revenue": NaN,
        "Operating Revenue": NaN
    },
    "2023-09-30": {
        "Tax Effect Of Unusual Items": 0.0,
        "Tax Rate For Calcs": 0.0,
        "Normalized EBITDA": -4881000.0,
        "Total Unusual Items": NaN,
        "Total Unusual Items Excluding Goodwill": NaN,
        "Net Income From Continuing Operation Net Minority Interest": -4912000.0,
        "Reconciled Depreciation": 31000.0,
        "EBITDA": -4881000.0,
        "EBIT": -4912000.0,
        "Net Interest Income": 0.0,
        "Interest Expense": 0.0,
        "Normalized Income": -4912000.0,
        "Net Income From Continuing And Discontinued Operation": -4912000.0,
        "Total Expenses": 5854000.0,
        "Total Operating Income As Reported": -5834000.0,
        "Diluted Average Shares": 322153.0,
        "Basic Average Shares": 322153.0,
        "Diluted EPS": -15.25,
        "Basic EPS": -15.25,
        "Diluted NI Availto Com Stockholders": -4912000.0,
        "Net Income Common Stockholders": -4912000.0,
        "Net Income": -4912000.0,
        "Net Income Including Noncontrolling Interests": -4912000.0,
        "Net Income Continuous Operations": -4912000.0,
        "Tax Provision": 0.0,
        "Pretax Income": -4912000.0,
        "Other Income Expense": 922000.0,
        "Other Non Operating Income Expenses": 922000.0,
        "Gain On Sale Of Security": NaN,
        "Net Non Operating Interest Income Expense": 0.0,
        "Interest Expense Non Operating": 0.0,
        "Operating Income": -5834000.0,
        "Operating Expense": 5854000.0,
        "Research And Development": 4355000.0,
        "Selling General And Administration": 1499000.0,
        "General And Administrative Expense": 1499000.0,
        "Other Gand A": 1499000.0,
        "Salaries And Wages": NaN,
        "Total Revenue": 20000.0,
        "Operating Revenue": 20000.0
    },
    "2023-12-31": {
        "Tax Effect Of Unusual Items": 0.0,
        "Tax Rate For Calcs": 0.0,
        "Normalized EBITDA": -3290000.0,
        "Total Unusual Items": NaN,
        "Total Unusual Items Excluding Goodwill": NaN,
        "Net Income From Continuing Operation Net Minority Interest": -3317000.0,
        "Reconciled Depreciation": 27000.0,
        "EBITDA": -3290000.0,
        "EBIT": -3317000.0,
        "Net Interest Income": 0.0,
        "Interest Expense": 0.0,
        "Normalized Income": -3317000.0,
        "Net Income From Continuing And Discontinued Operation": -3317000.0,
        "Total Expenses": 4988000.0,
        "Total Operating Income As Reported": -4988000.0,
        "Diluted Average Shares": NaN,
        "Basic Average Shares": NaN,
        "Diluted EPS": NaN,
        "Basic EPS": NaN,
        "Diluted NI Availto Com Stockholders": -3317000.0,
        "Net Income Common Stockholders": -3317000.0,
        "Net Income": -3317000.0,
        "Net Income Including Noncontrolling Interests": -3317000.0,
        "Net Income Continuous Operations": -3317000.0,
        "Tax Provision": 0.0,
        "Pretax Income": -3317000.0,
        "Other Income Expense": 1671000.0,
        "Other Non Operating Income Expenses": -52000.0,
        "Gain On Sale Of Security": NaN,
        "Net Non Operating Interest Income Expense": 0.0,
        "Interest Expense Non Operating": 0.0,
        "Operating Income": -4988000.0,
        "Operating Expense": 4988000.0,
        "Research And Development": 3357000.0,
        "Selling General And Administration": 1631000.0,
        "General And Administrative Expense": 1631000.0,
        "Other Gand A": 1631000.0,
        "Salaries And Wages": NaN,
        "Total Revenue": 0.0,
        "Operating Revenue": 0.0
    },
    "2024-03-31": {
        "Tax Effect Of Unusual Items": 0.0,
        "Tax Rate For Calcs": 0.0,
        "Normalized EBITDA": -5048000.0,
        "Total Unusual Items": 1206000.0,
        "Total Unusual Items Excluding Goodwill": 1206000.0,
        "Net Income From Continuing Operation Net Minority Interest": -3897000.0,
        "Reconciled Depreciation": 27000.0,
        "EBITDA": -3842000.0,
        "EBIT": -3869000.0,
        "Net Interest Income": -28000.0,
        "Interest Expense": 28000.0,
        "Normalized Income": -5103000.0,
        "Net Income From Continuing And Discontinued Operation": -3897000.0,
        "Total Expenses": 5178000.0,
        "Total Operating Income As Reported": -5074000.0,
        "Diluted Average Shares": 1327257.0,
        "Basic Average Shares": 1327257.0,
        "Diluted EPS": -2.94,
        "Basic EPS": -2.94,
        "Diluted NI Availto Com Stockholders": -3897000.0,
        "Net Income Common Stockholders": -3897000.0,
        "Net Income": -3897000.0,
        "Net Income Including Noncontrolling Interests": -3897000.0,
        "Net Income Continuous Operations": -3897000.0,
        "Tax Provision": 0.0,
        "Pretax Income": -3897000.0,
        "Other Income Expense": 1205000.0,
        "Other Non Operating Income Expenses": -1000.0,
        "Gain On Sale Of Security": 1206000.0,
        "Net Non Operating Interest Income Expense": -28000.0,
        "Interest Expense Non Operating": 28000.0,
        "Operating Income": -5074000.0,
        "Operating Expense": 5178000.0,
        "Research And Development": 3383000.0,
        "Selling General And Administration": 1795000.0,
        "General And Administrative Expense": 1795000.0,
        "Other Gand A": 1795000.0,
        "Salaries And Wages": NaN,
        "Total Revenue": 104000.0,
        "Operating Revenue": 104000.0
    },
    "2024-06-30": {
        "Tax Effect Of Unusual Items": 0.0,
        "Tax Rate For Calcs": 0.0,
        "Normalized EBITDA": -5680000.0,
        "Total Unusual Items": 75000.0,
        "Total Unusual Items Excluding Goodwill": 75000.0,
        "Net Income From Continuing Operation Net Minority Interest": -5631000.0,
        "Reconciled Depreciation": 26000.0,
        "EBITDA": -5605000.0,
        "EBIT": -5631000.0,
        "Net Interest Income": 0.0,
        "Interest Expense": 0.0,
        "Normalized Income": -5706000.0,
        "Net Income From Continuing And Discontinued Operation": -5631000.0,
        "Total Expenses": 5954000.0,
        "Total Operating Income As Reported": -5722000.0,
        "Diluted Average Shares": 1817520.0,
        "Basic Average Shares": 1817520.0,
        "Diluted EPS": -3.1,
        "Basic EPS": -3.1,
        "Diluted NI Availto Com Stockholders": -5631000.0,
        "Net Income Common Stockholders": -5631000.0,
        "Net Income": -5631000.0,
        "Net Income Including Noncontrolling Interests": -5631000.0,
        "Net Income Continuous Operations": -5631000.0,
        "Tax Provision": 0.0,
        "Pretax Income": -5631000.0,
        "Other Income Expense": 91000.0,
        "Other Non Operating Income Expenses": 16000.0,
        "Gain On Sale Of Security": 75000.0,
        "Net Non Operating Interest Income Expense": 0.0,
        "Interest Expense Non Operating": 0.0,
        "Operating Income": -5722000.0,
        "Operating Expense": 5954000.0,
        "Research And Development": 3864000.0,
        "Selling General And Administration": 2090000.0,
        "General And Administrative Expense": 2090000.0,
        "Other Gand A": 2090000.0,
        "Salaries And Wages": NaN,
        "Total Revenue": 232000.0,
        "Operating Revenue": 232000.0
    },
    "2024-09-30": {
        "Tax Effect Of Unusual Items": 0.0,
        "Tax Rate For Calcs": 0.0,
        "Normalized EBITDA": -4531000.0,
        "Total Unusual Items": -1177000.0,
        "Total Unusual Items Excluding Goodwill": -1177000.0,
        "Net Income From Continuing Operation Net Minority Interest": -5732000.0,
        "Reconciled Depreciation": 24000.0,
        "EBITDA": -5708000.0,
        "EBIT": -5732000.0,
        "Net Interest Income": 0.0,
        "Interest Expense": 0.0,
        "Normalized Income": -4555000.0,
        "Net Income From Continuing And Discontinued Operation": -5732000.0,
        "Total Expenses": 4604000.0,
        "Total Operating Income As Reported": -4552000.0,
        "Diluted Average Shares": 2026920.0,
        "Basic Average Shares": 2026920.0,
        "Diluted EPS": -2.83,
        "Basic EPS": -2.83,
        "Diluted NI Availto Com Stockholders": -5732000.0,
        "Net Income Common Stockholders": -5732000.0,
        "Net Income": -5732000.0,
        "Net Income Including Noncontrolling Interests": -5732000.0,
        "Net Income Continuous Operations": -5732000.0,
        "Tax Provision": 0.0,
        "Pretax Income": -5732000.0,
        "Other Income Expense": -1180000.0,
        "Other Non Operating Income Expenses": -3000.0,
        "Gain On Sale Of Security": -1177000.0,
        "Net Non Operating Interest Income Expense": 0.0,
        "Interest Expense Non Operating": 0.0,
        "Operating Income": -4552000.0,
        "Operating Expense": 4604000.0,
        "Research And Development": 3165000.0,
        "Selling General And Administration": 1439000.0,
        "General And Administrative Expense": 1439000.0,
        "Other Gand A": 1439000.0,
        "Salaries And Wages": NaN,
        "Total Revenue": 52000.0,
        "Operating Revenue": 52000.0
    }
}