{
    "2023-03-31": {
        "Tax Effect Of Unusual Items": 0.0,
        "Tax Rate For Calcs": 0.21,
        "Normalized EBITDA": -21839000.0,
        "Total Unusual Items": 0.0,
        "Total Unusual Items Excluding Goodwill": 0.0,
        "Net Income From Continuing Operation Net Minority Interest": -23792000.0,
        "Reconciled Depreciation": 20687000.0,
        "Reconciled Cost Of Revenue": 124131000.0,
        "EBITDA": -21839000.0,
        "EBIT": -42526000.0,
        "Net Interest Income": 855000.0,
        "Interest Expense": 723000.0,
        "Interest Income": 1578000.0,
        "Normalized Income": -23792000.0,
        "Net Income From Continuing And Discontinued Operation": -23792000.0,
        "Total Expenses": 303115000.0,
        "Total Operating Income As Reported": -46261000.0,
        "Diluted Average Shares": 11846000.0,
        "Basic Average Shares": 11846000.0,
        "Diluted EPS": -2.01,
        "Basic EPS": -2.01,
        "Diluted NI Availto Com Stockholders": -23792000.0,
        "Average Dilution Earnings": NaN,
        "Net Income Common Stockholders": -23792000.0,
        "Otherunder Preferred Stock Dividend": NaN,
        "Net Income": -23792000.0,
        "Minority Interests": 19820000.0,
        "Net Income Including Noncontrolling Interests": -43612000.0,
        "Net Income Continuous Operations": -43612000.0,
        "Tax Provision": 363000.0,
        "Pretax Income": -43249000.0,
        "Other Income Expense": 2157000.0,
        "Other Non Operating Income Expenses": 2157000.0,
        "Special Income Charges": 0.0,
        "Impairment Of Capital Assets": 0.0,
        "Net Non Operating Interest Income Expense": 855000.0,
        "Interest Expense Non Operating": 723000.0,
        "Interest Income Non Operating": 1578000.0,
        "Operating Income": -46261000.0,
        "Operating Expense": 178984000.0,
        "Other Operating Expenses": 60813000.0,
        "Depreciation Amortization Depletion Income Statement": 20687000.0,
        "Depreciation And Amortization In Income Statement": 20687000.0,
        "Amortization": 15690000.0,
        "Amortization Of Intangibles Income Statement": 15690000.0,
        "Depreciation Income Statement": 4997000.0,
        "Research And Development": 14273000.0,
        "Selling General And Administration": 83211000.0,
        "Selling And Marketing Expense": 57504000.0,
        "General And Administrative Expense": 25707000.0,
        "Other Gand A": 25707000.0,
        "Gross Profit": 132723000.0,
        "Cost Of Revenue": 124131000.0,
        "Total Revenue": 256854000.0,
        "Operating Revenue": 256854000.0
    },
    "2022-12-31": {
        "Tax Effect Of Unusual Items": NaN,
        "Tax Rate For Calcs": NaN,
        "Normalized EBITDA": NaN,
        "Total Unusual Items": NaN,
        "Total Unusual Items Excluding Goodwill": NaN,
        "Net Income From Continuing Operation Net Minority Interest": NaN,
        "Reconciled Depreciation": NaN,
        "Reconciled Cost Of Revenue": NaN,
        "EBITDA": NaN,
        "EBIT": NaN,
        "Net Interest Income": NaN,
        "Interest Expense": NaN,
        "Interest Income": NaN,
        "Normalized Income": NaN,
        "Net Income From Continuing And Discontinued Operation": NaN,
        "Total Expenses": NaN,
        "Total Operating Income As Reported": NaN,
        "Diluted Average Shares": NaN,
        "Basic Average Shares": NaN,
        "Diluted EPS": NaN,
        "Basic EPS": NaN,
        "Diluted NI Availto Com Stockholders": NaN,
        "Average Dilution Earnings": NaN,
        "Net Income Common Stockholders": NaN,
        "Otherunder Preferred Stock Dividend": 0.0,
        "Net Income": NaN,
        "Minority Interests": NaN,
        "Net Income Including Noncontrolling Interests": NaN,
        "Net Income Continuous Operations": NaN,
        "Tax Provision": NaN,
        "Pretax Income": NaN,
        "Other Income Expense": NaN,
        "Other Non Operating Income Expenses": NaN,
        "Special Income Charges": NaN,
        "Impairment Of Capital Assets": NaN,
        "Net Non Operating Interest Income Expense": NaN,
        "Interest Expense Non Operating": NaN,
        "Interest Income Non Operating": NaN,
        "Operating Income": NaN,
        "Operating Expense": NaN,
        "Other Operating Expenses": NaN,
        "Depreciation Amortization Depletion Income Statement": NaN,
        "Depreciation And Amortization In Income Statement": NaN,
        "Amortization": NaN,
        "Amortization Of Intangibles Income Statement": NaN,
        "Depreciation Income Statement": NaN,
        "Research And Development": NaN,
        "Selling General And Administration": NaN,
        "Selling And Marketing Expense": NaN,
        "General And Administrative Expense": NaN,
        "Other Gand A": NaN,
        "Gross Profit": NaN,
        "Cost Of Revenue": NaN,
        "Total Revenue": NaN,
        "Operating Revenue": NaN
    },
    "2022-09-30": {
        "Tax Effect Of Unusual Items": NaN,
        "Tax Rate For Calcs": NaN,
        "Normalized EBITDA": NaN,
        "Total Unusual Items": 0.0,
        "Total Unusual Items Excluding Goodwill": 0.0,
        "Net Income From Continuing Operation Net Minority Interest": NaN,
        "Reconciled Depreciation": NaN,
        "Reconciled Cost Of Revenue": NaN,
        "EBITDA": NaN,
        "EBIT": NaN,
        "Net Interest Income": NaN,
        "Interest Expense": NaN,
        "Interest Income": NaN,
        "Normalized Income": NaN,
        "Net Income From Continuing And Discontinued Operation": NaN,
        "Total Expenses": NaN,
        "Total Operating Income As Reported": NaN,
        "Diluted Average Shares": NaN,
        "Basic Average Shares": NaN,
        "Diluted EPS": NaN,
        "Basic EPS": NaN,
        "Diluted NI Availto Com Stockholders": NaN,
        "Average Dilution Earnings": 95000.0,
        "Net Income Common Stockholders": NaN,
        "Otherunder Preferred Stock Dividend": 0.0,
        "Net Income": NaN,
        "Minority Interests": NaN,
        "Net Income Including Noncontrolling Interests": NaN,
        "Net Income Continuous Operations": NaN,
        "Tax Provision": NaN,
        "Pretax Income": NaN,
        "Other Income Expense": NaN,
        "Other Non Operating Income Expenses": NaN,
        "Special Income Charges": 0.0,
        "Impairment Of Capital Assets": 0.0,
        "Net Non Operating Interest Income Expense": NaN,
        "Interest Expense Non Operating": NaN,
        "Interest Income Non Operating": NaN,
        "Operating Income": NaN,
        "Operating Expense": NaN,
        "Other Operating Expenses": NaN,
        "Depreciation Amortization Depletion Income Statement": NaN,
        "Depreciation And Amortization In Income Statement": NaN,
        "Amortization": NaN,
        "Amortization Of Intangibles Income Statement": NaN,
        "Depreciation Income Statement": NaN,
        "Research And Development": NaN,
        "Selling General And Administration": NaN,
        "Selling And Marketing Expense": NaN,
        "General And Administrative Expense": NaN,
        "Other Gand A": NaN,
        "Gross Profit": NaN,
        "Cost Of Revenue": NaN,
        "Total Revenue": NaN,
        "Operating Revenue": NaN
    },
    "2022-06-30": {
        "Tax Effect Of Unusual Items": 0.0,
        "Tax Rate For Calcs": 0.009954,
        "Normalized EBITDA": 31186000.0,
        "Net Income From Continuing Operation Net Minority Interest": 5042000.0,
        "Reconciled Depreciation": 20399000.0,
        "Reconciled Cost Of Revenue": 152094000.0,
        "EBITDA": 31186000.0,
        "EBIT": 10787000.0,
        "Net Interest Income": -338000.0,
        "Interest Expense": 741000.0,
        "Interest Income": 403000.0,
        "Normalized Income": 5042000.0,
        "Net Income From Continuing And Discontinued Operation": 5042000.0,
        "Total Expenses": 340644000.0,
        "Total Operating Income As Reported": -30296000.0,
        "Diluted Average Shares": 224736000.0,
        "Basic Average Shares": 217730000.0,
        "Diluted EPS": 0.02,
        "Basic EPS": 0.02,
        "Diluted NI Availto Com Stockholders": 5042000.0,
        "Average Dilution Earnings": NaN,
        "Net Income Common Stockholders": 5042000.0,
        "Otherunder Preferred Stock Dividend": 0.0,
        "Net Income": 5042000.0,
        "Minority Interests": -4904000.0,
        "Net Income Including Noncontrolling Interests": 9946000.0,
        "Net Income Continuous Operations": 9946000.0,
        "Tax Provision": 100000.0,
        "Pretax Income": 10046000.0,
        "Other Income Expense": 40680000.0,
        "Other Non Operating Income Expenses": 40680000.0,
        "Net Non Operating Interest Income Expense": -338000.0,
        "Interest Expense Non Operating": 741000.0,
        "Interest Income Non Operating": 403000.0,
        "Operating Income": -30296000.0,
        "Operating Expense": 188550000.0,
        "Other Operating Expenses": 60171000.0,
        "Depreciation Amortization Depletion Income Statement": 20399000.0,
        "Depreciation And Amortization In Income Statement": 20399000.0,
        "Amortization": 14018000.0,
        "Amortization Of Intangibles Income Statement": 14018000.0,
        "Depreciation Income Statement": 6381000.0,
        "Research And Development": 16506000.0,
        "Selling General And Administration": 91474000.0,
        "Selling And Marketing Expense": 62232000.0,
        "General And Administrative Expense": 29242000.0,
        "Other Gand A": 29242000.0,
        "Gross Profit": 158254000.0,
        "Cost Of Revenue": 152094000.0,
        "Total Revenue": 310348000.0,
        "Operating Revenue": 310348000.0
    },
    "2022-03-31": {
        "Diluted EPS": -0.13,
        "Total Revenue": 247,
        "Gross Profit": 126,
        "Operating Income": -55,
        "EBIT": -34,
        "Net Income": -28
    },
    "2021-12-31": {
        "Diluted EPS": 0.0,
        "Total Revenue": 192,
        "Gross Profit": 84,
        "Operating Income": -108,
        "EBIT": -91,
        "Net Income": NaN
    },
    "2021-09-30": {
        "Diluted EPS": 0.0,
        "Total Revenue": 330,
        "Gross Profit": 191,
        "Operating Income": 36,
        "EBIT": 54,
        "Net Income": NaN
    },
    "2021-06-30": {
        "Diluted EPS": 0.0,
        "Total Revenue": 238,
        "Gross Profit": 119,
        "Operating Income": -13,
        "EBIT": 3,
        "Net Income": NaN
    },
    "2021-03-31": {
        "Diluted EPS": 0.0,
        "Total Revenue": 129,
        "Gross Profit": 54,
        "Operating Income": -40,
        "EBIT": -31,
        "Net Income": 0
    },
    "2020-12-31": {
        "Diluted EPS": 0.0,
        "Total Revenue": NaN,
        "Gross Profit": NaN,
        "Operating Income": NaN,
        "EBIT": NaN,
        "Net Income": NaN
    },
    "2019-12-31": {
        "Diluted EPS": 0.0,
        "Total Revenue": NaN,
        "Gross Profit": NaN,
        "Operating Income": NaN,
        "EBIT": NaN,
        "Net Income": NaN
    },
    "2023-06-30": {
        "Tax Effect Of Unusual Items": 0.0,
        "Tax Rate For Calcs": 0.21,
        "Normalized EBITDA": 15949000.0,
        "Total Unusual Items": 0.0,
        "Total Unusual Items Excluding Goodwill": 0.0,
        "Net Income From Continuing Operation Net Minority Interest": -3121000.0,
        "Reconciled Depreciation": 20583000.0,
        "Reconciled Cost Of Revenue": 142126000.0,
        "EBITDA": 15949000.0,
        "EBIT": -4634000.0,
        "Net Interest Income": 1506000.0,
        "Interest Expense": 589000.0,
        "Interest Income": 2095000.0,
        "Normalized Income": -3121000.0,
        "Net Income From Continuing And Discontinued Operation": -3121000.0,
        "Total Expenses": 312925000.0,
        "Total Operating Income As Reported": -8346000.0,
        "Diluted Average Shares": 12054000.0,
        "Basic Average Shares": 12054000.0,
        "Diluted EPS": -0.26,
        "Basic EPS": -0.26,
        "Diluted NI Availto Com Stockholders": -3121000.0,
        "Average Dilution Earnings": NaN,
        "Net Income Common Stockholders": -3121000.0,
        "Net Income": -3121000.0,
        "Minority Interests": 2521000.0,
        "Net Income Including Noncontrolling Interests": -5642000.0,
        "Net Income Continuous Operations": -5642000.0,
        "Tax Provision": 419000.0,
        "Pretax Income": -5223000.0,
        "Other Income Expense": 1617000.0,
        "Other Non Operating Income Expenses": 1617000.0,
        "Special Income Charges": 0.0,
        "Impairment Of Capital Assets": 0.0,
        "Net Non Operating Interest Income Expense": 1506000.0,
        "Interest Expense Non Operating": 589000.0,
        "Interest Income Non Operating": 2095000.0,
        "Operating Income": -8346000.0,
        "Operating Expense": 170799000.0,
        "Other Operating Expenses": 61851000.0,
        "Depreciation Amortization Depletion Income Statement": 20583000.0,
        "Depreciation And Amortization In Income Statement": 20583000.0,
        "Amortization": 15187000.0,
        "Amortization Of Intangibles Income Statement": 15187000.0,
        "Depreciation Income Statement": 5396000.0,
        "Research And Development": 15601000.0,
        "Selling General And Administration": 72764000.0,
        "Selling And Marketing Expense": 56397000.0,
        "General And Administrative Expense": 16367000.0,
        "Other Gand A": 16367000.0,
        "Gross Profit": 162453000.0,
        "Cost Of Revenue": 142126000.0,
        "Total Revenue": 304579000.0,
        "Operating Revenue": 304579000.0
    },
    "2023-09-30": {
        "Tax Effect Of Unusual Items": NaN,
        "Tax Rate For Calcs": NaN,
        "Normalized EBITDA": NaN,
        "Total Unusual Items": NaN,
        "Total Unusual Items Excluding Goodwill": NaN,
        "Net Income From Continuing Operation Net Minority Interest": NaN,
        "Reconciled Depreciation": NaN,
        "Reconciled Cost Of Revenue": NaN,
        "EBITDA": NaN,
        "EBIT": NaN,
        "Net Interest Income": NaN,
        "Interest Expense": NaN,
        "Interest Income": NaN,
        "Normalized Income": NaN,
        "Net Income From Continuing And Discontinued Operation": NaN,
        "Total Expenses": NaN,
        "Total Operating Income As Reported": NaN,
        "Diluted Average Shares": 12419000.0,
        "Basic Average Shares": 12419000.0,
        "Diluted EPS": -18.37,
        "Basic EPS": -18.37,
        "Diluted NI Availto Com Stockholders": NaN,
        "Average Dilution Earnings": 0.0,
        "Net Income Common Stockholders": NaN,
        "Net Income": NaN,
        "Minority Interests": NaN,
        "Net Income Including Noncontrolling Interests": NaN,
        "Net Income Continuous Operations": NaN,
        "Tax Provision": NaN,
        "Pretax Income": NaN,
        "Other Income Expense": NaN,
        "Other Non Operating Income Expenses": NaN,
        "Special Income Charges": NaN,
        "Impairment Of Capital Assets": NaN,
        "Net Non Operating Interest Income Expense": NaN,
        "Interest Expense Non Operating": NaN,
        "Interest Income Non Operating": NaN,
        "Operating Income": NaN,
        "Operating Expense": NaN,
        "Other Operating Expenses": NaN,
        "Depreciation Amortization Depletion Income Statement": NaN,
        "Depreciation And Amortization In Income Statement": NaN,
        "Amortization": NaN,
        "Amortization Of Intangibles Income Statement": NaN,
        "Depreciation Income Statement": NaN,
        "Research And Development": NaN,
        "Selling General And Administration": NaN,
        "Selling And Marketing Expense": NaN,
        "General And Administrative Expense": NaN,
        "Other Gand A": NaN,
        "Gross Profit": NaN,
        "Cost Of Revenue": NaN,
        "Total Revenue": NaN,
        "Operating Revenue": NaN
    },
    "2023-12-31": {
        "Tax Effect Of Unusual Items": 0.0,
        "Tax Rate For Calcs": 0.21,
        "Normalized EBITDA": -57512000.0,
        "Total Unusual Items": 0.0,
        "Total Unusual Items Excluding Goodwill": 0.0,
        "Net Income From Continuing Operation Net Minority Interest": -43598000.0,
        "Reconciled Depreciation": 16507000.0,
        "Reconciled Cost Of Revenue": 102605000.0,
        "EBITDA": -57512000.0,
        "EBIT": -74019000.0,
        "Net Interest Income": 425000.0,
        "Interest Expense": 574000.0,
        "Interest Income": 999000.0,
        "Normalized Income": -43598000.0,
        "Net Income From Continuing And Discontinued Operation": -43598000.0,
        "Total Expenses": 252976000.0,
        "Total Operating Income As Reported": -75536000.0,
        "Diluted Average Shares": 12529000.0,
        "Basic Average Shares": 12529000.0,
        "Diluted EPS": -3.48,
        "Basic EPS": -3.48,
        "Diluted NI Availto Com Stockholders": -43598000.0,
        "Average Dilution Earnings": NaN,
        "Net Income Common Stockholders": -43598000.0,
        "Net Income": -43598000.0,
        "Minority Interests": 32922000.0,
        "Net Income Including Noncontrolling Interests": -76520000.0,
        "Net Income Continuous Operations": -76520000.0,
        "Tax Provision": 1927000.0,
        "Pretax Income": -74593000.0,
        "Other Income Expense": 518000.0,
        "Other Non Operating Income Expenses": 518000.0,
        "Special Income Charges": 0.0,
        "Impairment Of Capital Assets": 0.0,
        "Net Non Operating Interest Income Expense": 425000.0,
        "Interest Expense Non Operating": 574000.0,
        "Interest Income Non Operating": 999000.0,
        "Operating Income": -75536000.0,
        "Operating Expense": 150371000.0,
        "Other Operating Expenses": 58044000.0,
        "Depreciation Amortization Depletion Income Statement": 16507000.0,
        "Depreciation And Amortization In Income Statement": 16507000.0,
        "Amortization": 10747000.0,
        "Amortization Of Intangibles Income Statement": 10747000.0,
        "Depreciation Income Statement": 5760000.0,
        "Research And Development": 14900000.0,
        "Selling General And Administration": 60920000.0,
        "Selling And Marketing Expense": 40710000.0,
        "General And Administrative Expense": 20210000.0,
        "Other Gand A": 20210000.0,
        "Gross Profit": 74835000.0,
        "Cost Of Revenue": 102605000.0,
        "Total Revenue": 177440000.0,
        "Operating Revenue": 177440000.0
    },
    "2024-03-31": {
        "Tax Effect Of Unusual Items": -17640000.0,
        "Tax Rate For Calcs": 0.21,
        "Normalized EBITDA": -41850000.0,
        "Total Unusual Items": -84000000.0,
        "Total Unusual Items Excluding Goodwill": -84000000.0,
        "Net Income From Continuing Operation Net Minority Interest": -85683000.0,
        "Reconciled Depreciation": 13123000.0,
        "Reconciled Cost Of Revenue": 105738000.0,
        "EBITDA": -125850000.0,
        "EBIT": -138973000.0,
        "Net Interest Income": 280000.0,
        "Interest Expense": 525000.0,
        "Interest Income": 805000.0,
        "Normalized Income": -19323000.0,
        "Net Income From Continuing And Discontinued Operation": -85683000.0,
        "Total Expenses": 265326000.0,
        "Total Operating Income As Reported": -139854000.0,
        "Diluted Average Shares": 13466000.0,
        "Basic Average Shares": 13466000.0,
        "Diluted EPS": -6.36,
        "Basic EPS": -6.36,
        "Diluted NI Availto Com Stockholders": -85683000.0,
        "Average Dilution Earnings": NaN,
        "Net Income Common Stockholders": -85683000.0,
        "Net Income": -85683000.0,
        "Minority Interests": 55233000.0,
        "Net Income Including Noncontrolling Interests": -140916000.0,
        "Net Income Continuous Operations": -140916000.0,
        "Tax Provision": 1418000.0,
        "Pretax Income": -139498000.0,
        "Other Income Expense": -83924000.0,
        "Other Non Operating Income Expenses": 76000.0,
        "Special Income Charges": -84000000.0,
        "Impairment Of Capital Assets": 84000000.0,
        "Net Non Operating Interest Income Expense": 280000.0,
        "Interest Expense Non Operating": 525000.0,
        "Interest Income Non Operating": 805000.0,
        "Operating Income": -55854000.0,
        "Operating Expense": 159588000.0,
        "Other Operating Expenses": 59984000.0,
        "Depreciation Amortization Depletion Income Statement": 13123000.0,
        "Depreciation And Amortization In Income Statement": 13123000.0,
        "Amortization": 9317000.0,
        "Amortization Of Intangibles Income Statement": 9317000.0,
        "Depreciation Income Statement": 3806000.0,
        "Research And Development": 15306000.0,
        "Selling General And Administration": 71175000.0,
        "Selling And Marketing Expense": 49443000.0,
        "General And Administrative Expense": 21732000.0,
        "Other Gand A": 21732000.0,
        "Gross Profit": 103734000.0,
        "Cost Of Revenue": 105738000.0,
        "Total Revenue": 209472000.0,
        "Operating Revenue": 209472000.0
    },
    "2024-06-30": {
        "Tax Effect Of Unusual Items": 0.0,
        "Tax Rate For Calcs": 0.21,
        "Normalized EBITDA": -7135000.0,
        "Total Unusual Items": 0.0,
        "Total Unusual Items Excluding Goodwill": 0.0,
        "Net Income From Continuing Operation Net Minority Interest": -8851000.0,
        "Reconciled Depreciation": 5388000.0,
        "Reconciled Cost Of Revenue": 119330000.0,
        "EBITDA": -7135000.0,
        "EBIT": -12523000.0,
        "Net Interest Income": 734000.0,
        "Interest Expense": 428000.0,
        "Interest Income": 1162000.0,
        "Normalized Income": -8851000.0,
        "Net Income From Continuing And Discontinued Operation": -8851000.0,
        "Total Expenses": 262780000.0,
        "Total Operating Income As Reported": -13804000.0,
        "Diluted Average Shares": 15017000.0,
        "Basic Average Shares": 15017000.0,
        "Diluted EPS": -0.59,
        "Basic EPS": -0.59,
        "Diluted NI Availto Com Stockholders": -8851000.0,
        "Average Dilution Earnings": NaN,
        "Net Income Common Stockholders": -8851000.0,
        "Net Income": -8851000.0,
        "Minority Interests": 4247000.0,
        "Net Income Including Noncontrolling Interests": -13098000.0,
        "Net Income Continuous Operations": -13098000.0,
        "Tax Provision": 147000.0,
        "Pretax Income": -12951000.0,
        "Other Income Expense": 119000.0,
        "Other Non Operating Income Expenses": 119000.0,
        "Special Income Charges": 0.0,
        "Impairment Of Capital Assets": 0.0,
        "Net Non Operating Interest Income Expense": 734000.0,
        "Interest Expense Non Operating": 428000.0,
        "Interest Income Non Operating": 1162000.0,
        "Operating Income": -13804000.0,
        "Operating Expense": 143450000.0,
        "Other Operating Expenses": 57494000.0,
        "Depreciation Amortization Depletion Income Statement": 5388000.0,
        "Depreciation And Amortization In Income Statement": 5388000.0,
        "Amortization": 1781000.0,
        "Amortization Of Intangibles Income Statement": 1781000.0,
        "Depreciation Income Statement": 3607000.0,
        "Research And Development": 16635000.0,
        "Selling General And Administration": 63933000.0,
        "Selling And Marketing Expense": 43143000.0,
        "General And Administrative Expense": 20790000.0,
        "Other Gand A": 20790000.0,
        "Gross Profit": 129646000.0,
        "Cost Of Revenue": 119330000.0,
        "Total Revenue": 248976000.0,
        "Operating Revenue": 248976000.0
    },
    "2024-09-30": {
        "Tax Effect Of Unusual Items": 0.0,
        "Tax Rate For Calcs": 0.21,
        "Normalized EBITDA": 67882000.0,
        "Total Unusual Items": 0.0,
        "Total Unusual Items Excluding Goodwill": 0.0,
        "Net Income From Continuing Operation Net Minority Interest": 41448000.0,
        "Reconciled Depreciation": 6957000.0,
        "Reconciled Cost Of Revenue": 126415000.0,
        "EBITDA": 67882000.0,
        "EBIT": 60925000.0,
        "Net Interest Income": -1152000.0,
        "Interest Expense": 2892000.0,
        "Interest Income": 1740000.0,
        "Normalized Income": 41448000.0,
        "Net Income From Continuing And Discontinued Operation": 41448000.0,
        "Total Expenses": 259461000.0,
        "Total Operating Income As Reported": 54587000.0,
        "Diluted Average Shares": 19978000.0,
        "Basic Average Shares": 15706000.0,
        "Diluted EPS": 2.1,
        "Basic EPS": 2.22,
        "Diluted NI Availto Com Stockholders": 41448000.0,
        "Average Dilution Earnings": NaN,
        "Net Income Common Stockholders": 41448000.0,
        "Net Income": 41448000.0,
        "Minority Interests": -17811000.0,
        "Net Income Including Noncontrolling Interests": 59259000.0,
        "Net Income Continuous Operations": 59259000.0,
        "Tax Provision": -1226000.0,
        "Pretax Income": 58033000.0,
        "Other Income Expense": 4598000.0,
        "Other Non Operating Income Expenses": 4598000.0,
        "Special Income Charges": 0.0,
        "Impairment Of Capital Assets": 0.0,
        "Net Non Operating Interest Income Expense": -1152000.0,
        "Interest Expense Non Operating": 2892000.0,
        "Interest Income Non Operating": 1740000.0,
        "Operating Income": 54587000.0,
        "Operating Expense": 133046000.0,
        "Other Operating Expenses": 54459000.0,
        "Depreciation Amortization Depletion Income Statement": 6957000.0,
        "Depreciation And Amortization In Income Statement": 6957000.0,
        "Amortization": 1965000.0,
        "Amortization Of Intangibles Income Statement": 1965000.0,
        "Depreciation Income Statement": 4992000.0,
        "Research And Development": 9563000.0,
        "Selling General And Administration": 62067000.0,
        "Selling And Marketing Expense": 39940000.0,
        "General And Administrative Expense": 22127000.0,
        "Other Gand A": 22127000.0,
        "Gross Profit": 187633000.0,
        "Cost Of Revenue": 126415000.0,
        "Total Revenue": 314048000.0,
        "Operating Revenue": 314048000.0
    },
    "2024-12-31": {
        "Tax Effect Of Unusual Items": 0.0,
        "Tax Rate For Calcs": 0.21,
        "Normalized EBITDA": -53117000.0,
        "Total Unusual Items": 0.0,
        "Total Unusual Items Excluding Goodwill": 0.0,
        "Net Income From Continuing Operation Net Minority Interest": -42107000.0,
        "Reconciled Depreciation": 4491000.0,
        "Reconciled Cost Of Revenue": 75602000.0,
        "EBITDA": -53117000.0,
        "EBIT": -57608000.0,
        "Net Interest Income": -1185000.0,
        "Interest Expense": 2060000.0,
        "Interest Income": 875000.0,
        "Normalized Income": -42107000.0,
        "Net Income From Continuing And Discontinued Operation": -42107000.0,
        "Total Expenses": 186539000.0,
        "Total Operating Income As Reported": -48550000.0,
        "Diluted Average Shares": NaN,
        "Basic Average Shares": NaN,
        "Diluted EPS": NaN,
        "Basic EPS": NaN,
        "Diluted NI Availto Com Stockholders": -42107000.0,
        "Average Dilution Earnings": NaN,
        "Net Income Common Stockholders": -42107000.0,
        "Net Income": -42107000.0,
        "Minority Interests": 18081000.0,
        "Net Income Including Noncontrolling Interests": -60188000.0,
        "Net Income Continuous Operations": -60188000.0,
        "Tax Provision": 520000.0,
        "Pretax Income": -59668000.0,
        "Other Income Expense": -9933000.0,
        "Other Non Operating Income Expenses": -9933000.0,
        "Special Income Charges": 0.0,
        "Impairment Of Capital Assets": 0.0,
        "Net Non Operating Interest Income Expense": -1185000.0,
        "Interest Expense Non Operating": 2060000.0,
        "Interest Income Non Operating": 875000.0,
        "Operating Income": -48550000.0,
        "Operating Expense": 110937000.0,
        "Other Operating Expenses": 49832000.0,
        "Depreciation Amortization Depletion Income Statement": 4491000.0,
        "Depreciation And Amortization In Income Statement": 4491000.0,
        "Amortization": 1953000.0,
        "Amortization Of Intangibles Income Statement": 1953000.0,
        "Depreciation Income Statement": 2538000.0,
        "Research And Development": 9725000.0,
        "Selling General And Administration": 46889000.0,
        "Selling And Marketing Expense": 25097000.0,
        "General And Administrative Expense": 21792000.0,
        "Other Gand A": 21792000.0,
        "Gross Profit": 62387000.0,
        "Cost Of Revenue": 75602000.0,
        "Total Revenue": 137989000.0,
        "Operating Revenue": 137989000.0
    }
}