{
    "2023-03-31": {
        "Tax Effect Of Unusual Items": NaN,
        "Tax Rate For Calcs": NaN,
        "Normalized EBITDA": NaN,
        "Total Unusual Items": NaN,
        "Total Unusual Items Excluding Goodwill": NaN,
        "Net Income From Continuing Operation Net Minority Interest": NaN,
        "Reconciled Depreciation": NaN,
        "Reconciled Cost Of Revenue": NaN,
        "EBITDA": NaN,
        "EBIT": NaN,
        "Net Interest Income": NaN,
        "Interest Expense": NaN,
        "Interest Income": NaN,
        "Normalized Income": NaN,
        "Net Income From Continuing And Discontinued Operation": NaN,
        "Total Expenses": NaN,
        "Total Operating Income As Reported": NaN,
        "Diluted Average Shares": NaN,
        "Basic Average Shares": NaN,
        "Diluted EPS": NaN,
        "Basic EPS": NaN,
        "Diluted NI Availto Com Stockholders": NaN,
        "Net Income Common Stockholders": NaN,
        "Net Income": NaN,
        "Minority Interests": NaN,
        "Net Income Including Noncontrolling Interests": NaN,
        "Net Income Continuous Operations": NaN,
        "Tax Provision": NaN,
        "Pretax Income": NaN,
        "Other Income Expense": NaN,
        "Other Non Operating Income Expenses": NaN,
        "Special Income Charges": NaN,
        "Gain On Sale Of Ppe": 0.0,
        "Impairment Of Capital Assets": NaN,
        "Gain On Sale Of Security": NaN,
        "Net Non Operating Interest Income Expense": NaN,
        "Interest Expense Non Operating": NaN,
        "Interest Income Non Operating": NaN,
        "Operating Income": NaN,
        "Operating Expense": NaN,
        "Depreciation Amortization Depletion Income Statement": NaN,
        "Depreciation And Amortization In Income Statement": NaN,
        "Depreciation Income Statement": 218276.0,
        "Research And Development": NaN,
        "Selling General And Administration": NaN,
        "General And Administrative Expense": NaN,
        "Other Gand A": NaN,
        "Salaries And Wages": NaN,
        "Gross Profit": NaN,
        "Cost Of Revenue": NaN,
        "Total Revenue": NaN,
        "Operating Revenue": NaN
    },
    "2022-12-31": {
        "Tax Effect Of Unusual Items": NaN,
        "Tax Rate For Calcs": NaN,
        "Normalized EBITDA": NaN,
        "Total Unusual Items": NaN,
        "Total Unusual Items Excluding Goodwill": NaN,
        "Net Income From Continuing Operation Net Minority Interest": NaN,
        "Reconciled Depreciation": NaN,
        "Reconciled Cost Of Revenue": NaN,
        "EBITDA": NaN,
        "EBIT": NaN,
        "Net Interest Income": NaN,
        "Interest Expense": NaN,
        "Interest Income": NaN,
        "Normalized Income": NaN,
        "Net Income From Continuing And Discontinued Operation": NaN,
        "Total Expenses": NaN,
        "Total Operating Income As Reported": NaN,
        "Diluted Average Shares": NaN,
        "Basic Average Shares": NaN,
        "Diluted EPS": NaN,
        "Basic EPS": NaN,
        "Diluted NI Availto Com Stockholders": NaN,
        "Net Income Common Stockholders": NaN,
        "Net Income": NaN,
        "Minority Interests": NaN,
        "Net Income Including Noncontrolling Interests": NaN,
        "Net Income Continuous Operations": NaN,
        "Tax Provision": 0.0,
        "Pretax Income": NaN,
        "Other Income Expense": NaN,
        "Other Non Operating Income Expenses": NaN,
        "Special Income Charges": NaN,
        "Gain On Sale Of Ppe": -10098.0,
        "Impairment Of Capital Assets": NaN,
        "Gain On Sale Of Security": NaN,
        "Net Non Operating Interest Income Expense": NaN,
        "Interest Expense Non Operating": NaN,
        "Interest Income Non Operating": NaN,
        "Operating Income": NaN,
        "Operating Expense": NaN,
        "Depreciation Amortization Depletion Income Statement": NaN,
        "Depreciation And Amortization In Income Statement": NaN,
        "Depreciation Income Statement": NaN,
        "Research And Development": NaN,
        "Selling General And Administration": NaN,
        "General And Administrative Expense": NaN,
        "Other Gand A": NaN,
        "Salaries And Wages": NaN,
        "Gross Profit": NaN,
        "Cost Of Revenue": NaN,
        "Total Revenue": NaN,
        "Operating Revenue": NaN
    },
    "2022-09-30": {
        "Tax Effect Of Unusual Items": NaN,
        "Tax Rate For Calcs": NaN,
        "Normalized EBITDA": NaN,
        "Total Unusual Items": NaN,
        "Total Unusual Items Excluding Goodwill": NaN,
        "Net Income From Continuing Operation Net Minority Interest": NaN,
        "Reconciled Depreciation": NaN,
        "Reconciled Cost Of Revenue": NaN,
        "EBITDA": NaN,
        "EBIT": NaN,
        "Net Interest Income": NaN,
        "Interest Expense": NaN,
        "Interest Income": NaN,
        "Normalized Income": NaN,
        "Net Income From Continuing And Discontinued Operation": NaN,
        "Total Expenses": NaN,
        "Total Operating Income As Reported": NaN,
        "Diluted Average Shares": 7013478.0,
        "Basic Average Shares": 7013478.0,
        "Diluted EPS": -0.1,
        "Basic EPS": -0.1,
        "Diluted NI Availto Com Stockholders": NaN,
        "Net Income Common Stockholders": NaN,
        "Net Income": NaN,
        "Minority Interests": NaN,
        "Net Income Including Noncontrolling Interests": NaN,
        "Net Income Continuous Operations": NaN,
        "Tax Provision": 0.0,
        "Pretax Income": NaN,
        "Other Income Expense": NaN,
        "Other Non Operating Income Expenses": NaN,
        "Special Income Charges": NaN,
        "Gain On Sale Of Ppe": NaN,
        "Gain On Sale Of Security": NaN,
        "Net Non Operating Interest Income Expense": NaN,
        "Interest Expense Non Operating": NaN,
        "Interest Income Non Operating": NaN,
        "Operating Income": NaN,
        "Operating Expense": NaN,
        "Depreciation Amortization Depletion Income Statement": NaN,
        "Depreciation And Amortization In Income Statement": NaN,
        "Depreciation Income Statement": NaN,
        "Research And Development": NaN,
        "Selling General And Administration": NaN,
        "General And Administrative Expense": NaN,
        "Other Gand A": NaN,
        "Salaries And Wages": NaN,
        "Gross Profit": NaN,
        "Cost Of Revenue": NaN,
        "Total Revenue": NaN,
        "Operating Revenue": NaN
    },
    "2022-06-30": {
        "Tax Effect Of Unusual Items": 0.0,
        "Tax Rate For Calcs": 0.0,
        "Normalized EBITDA": -316629.0,
        "Total Unusual Items": -58620.0,
        "Total Unusual Items Excluding Goodwill": -58620.0,
        "Net Income From Continuing Operation Net Minority Interest": -538782.0,
        "Reconciled Depreciation": 119817.0,
        "Reconciled Cost Of Revenue": 5072401.0,
        "EBITDA": -375249.0,
        "EBIT": -495066.0,
        "Net Interest Income": -10815.0,
        "Interest Expense": 43716.0,
        "Interest Income": 32901.0,
        "Normalized Income": -480162.0,
        "Net Income From Continuing And Discontinued Operation": -538782.0,
        "Total Expenses": 8991592.0,
        "Total Operating Income As Reported": -471979.0,
        "Diluted Average Shares": 7000000.0,
        "Basic Average Shares": 7000000.0,
        "Diluted EPS": -0.08,
        "Basic EPS": -0.08,
        "Diluted NI Availto Com Stockholders": -538782.0,
        "Net Income Common Stockholders": -538782.0,
        "Net Income": -538782.0,
        "Minority Interests": NaN,
        "Net Income Including Noncontrolling Interests": -538782.0,
        "Net Income Continuous Operations": -538782.0,
        "Tax Provision": NaN,
        "Pretax Income": -538782.0,
        "Other Income Expense": -55988.0,
        "Other Non Operating Income Expenses": 2632.0,
        "Special Income Charges": -31582.0,
        "Gain On Sale Of Ppe": -31582.0,
        "Gain On Sale Of Security": -27038.0,
        "Net Non Operating Interest Income Expense": -10815.0,
        "Interest Expense Non Operating": 43716.0,
        "Interest Income Non Operating": 32901.0,
        "Operating Income": -471979.0,
        "Operating Expense": 3919191.0,
        "Depreciation Amortization Depletion Income Statement": 119817.0,
        "Depreciation And Amortization In Income Statement": 119817.0,
        "Depreciation Income Statement": 119817.0,
        "Research And Development": 174807.0,
        "Selling General And Administration": 3624567.0,
        "General And Administrative Expense": 3624567.0,
        "Other Gand A": 831286.0,
        "Salaries And Wages": 2793281.0,
        "Gross Profit": 3447212.0,
        "Cost Of Revenue": 5072401.0,
        "Total Revenue": 8519613.0,
        "Operating Revenue": 8519613.0
    },
    "2022-03-31": {
        "Diluted EPS": -0.17,
        "Total Revenue": 6,
        "Gross Profit": 2,
        "Operating Income": -1,
        "EBIT": -1,
        "Net Income": -1
    },
    "2021-12-31": {
        "Diluted EPS": -0.17,
        "Total Revenue": 5,
        "Gross Profit": 2,
        "Operating Income": -1,
        "EBIT": -1,
        "Net Income": -1
    },
    "2021-09-30": {
        "Diluted EPS": -0.06,
        "Total Revenue": 4,
        "Gross Profit": 2,
        "Operating Income": 0,
        "EBIT": 0,
        "Net Income": 0
    },
    "2021-06-30": {
        "Diluted EPS": 0.01,
        "Total Revenue": 3,
        "Gross Profit": 1,
        "Operating Income": 0,
        "EBIT": 0,
        "Net Income": 0
    },
    "2021-03-31": {
        "Diluted EPS": 0.03,
        "Total Revenue": 3,
        "Gross Profit": 1,
        "Operating Income": 0,
        "EBIT": 0,
        "Net Income": 0
    },
    "2020-12-31": {
        "Diluted EPS": 0.0,
        "Total Revenue": NaN,
        "Gross Profit": NaN,
        "Operating Income": NaN,
        "EBIT": NaN,
        "Net Income": NaN
    },
    "2020-09-30": {
        "Diluted EPS": -0.05,
        "Total Revenue": 2,
        "Gross Profit": 1,
        "Operating Income": 0,
        "EBIT": 0,
        "Net Income": 0
    },
    "2020-06-30": {
        "Diluted EPS": -0.01,
        "Total Revenue": 2,
        "Gross Profit": 1,
        "Operating Income": 0,
        "EBIT": 0,
        "Net Income": 0
    },
    "2023-06-30": {
        "Tax Effect Of Unusual Items": NaN,
        "Tax Rate For Calcs": NaN,
        "Normalized EBITDA": NaN,
        "Total Unusual Items": NaN,
        "Total Unusual Items Excluding Goodwill": NaN,
        "Net Income From Continuing Operation Net Minority Interest": NaN,
        "Reconciled Depreciation": NaN,
        "Reconciled Cost Of Revenue": NaN,
        "EBITDA": NaN,
        "EBIT": NaN,
        "Net Interest Income": NaN,
        "Interest Expense": NaN,
        "Interest Income": NaN,
        "Normalized Income": NaN,
        "Net Income From Continuing And Discontinued Operation": NaN,
        "Total Expenses": NaN,
        "Total Operating Income As Reported": NaN,
        "Diluted Average Shares": 9520000.0,
        "Basic Average Shares": 9520000.0,
        "Diluted EPS": -0.14,
        "Basic EPS": -0.14,
        "Diluted NI Availto Com Stockholders": NaN,
        "Net Income Common Stockholders": NaN,
        "Net Income": NaN,
        "Minority Interests": NaN,
        "Net Income Including Noncontrolling Interests": NaN,
        "Net Income Continuous Operations": NaN,
        "Tax Provision": NaN,
        "Pretax Income": NaN,
        "Other Income Expense": NaN,
        "Other Non Operating Income Expenses": NaN,
        "Special Income Charges": NaN,
        "Gain On Sale Of Ppe": 0.0,
        "Impairment Of Capital Assets": NaN,
        "Gain On Sale Of Security": NaN,
        "Net Non Operating Interest Income Expense": NaN,
        "Interest Expense Non Operating": NaN,
        "Interest Income Non Operating": NaN,
        "Operating Income": NaN,
        "Operating Expense": NaN,
        "Depreciation Amortization Depletion Income Statement": NaN,
        "Depreciation And Amortization In Income Statement": NaN,
        "Depreciation Income Statement": 284562.0,
        "Research And Development": NaN,
        "Selling General And Administration": NaN,
        "General And Administrative Expense": NaN,
        "Other Gand A": NaN,
        "Salaries And Wages": NaN,
        "Gross Profit": NaN,
        "Cost Of Revenue": NaN,
        "Total Revenue": NaN,
        "Operating Revenue": NaN
    },
    "2023-09-30": {
        "Tax Effect Of Unusual Items": NaN,
        "Tax Rate For Calcs": NaN,
        "Normalized EBITDA": NaN,
        "Total Unusual Items": NaN,
        "Total Unusual Items Excluding Goodwill": NaN,
        "Net Income From Continuing Operation Net Minority Interest": NaN,
        "Reconciled Depreciation": NaN,
        "Reconciled Cost Of Revenue": NaN,
        "EBITDA": NaN,
        "EBIT": NaN,
        "Net Interest Income": NaN,
        "Interest Expense": NaN,
        "Interest Income": NaN,
        "Normalized Income": NaN,
        "Net Income From Continuing And Discontinued Operation": NaN,
        "Total Expenses": NaN,
        "Total Operating Income As Reported": NaN,
        "Diluted Average Shares": 9520000.0,
        "Basic Average Shares": 9520000.0,
        "Diluted EPS": -0.2,
        "Basic EPS": -0.2,
        "Diluted NI Availto Com Stockholders": NaN,
        "Net Income Common Stockholders": NaN,
        "Net Income": NaN,
        "Minority Interests": NaN,
        "Net Income Including Noncontrolling Interests": NaN,
        "Net Income Continuous Operations": NaN,
        "Tax Provision": 0.0,
        "Pretax Income": NaN,
        "Other Income Expense": NaN,
        "Other Non Operating Income Expenses": NaN,
        "Special Income Charges": 0.0,
        "Gain On Sale Of Ppe": 0.0,
        "Impairment Of Capital Assets": 0.0,
        "Gain On Sale Of Security": NaN,
        "Net Non Operating Interest Income Expense": NaN,
        "Interest Expense Non Operating": NaN,
        "Interest Income Non Operating": NaN,
        "Operating Income": NaN,
        "Operating Expense": NaN,
        "Depreciation Amortization Depletion Income Statement": NaN,
        "Depreciation And Amortization In Income Statement": NaN,
        "Depreciation Income Statement": NaN,
        "Research And Development": NaN,
        "Selling General And Administration": NaN,
        "General And Administrative Expense": NaN,
        "Other Gand A": NaN,
        "Salaries And Wages": NaN,
        "Gross Profit": NaN,
        "Cost Of Revenue": NaN,
        "Total Revenue": NaN,
        "Operating Revenue": NaN
    },
    "2023-12-31": {
        "Tax Effect Of Unusual Items": 0.0,
        "Tax Rate For Calcs": 0.0,
        "Normalized EBITDA": -3291115.0,
        "Total Unusual Items": 301488.0,
        "Total Unusual Items Excluding Goodwill": 301488.0,
        "Net Income From Continuing Operation Net Minority Interest": -2829026.0,
        "Reconciled Depreciation": 508718.0,
        "Reconciled Cost Of Revenue": 6641531.0,
        "EBITDA": -2989627.0,
        "EBIT": -3498345.0,
        "Net Interest Income": -122342.0,
        "Interest Expense": 107634.0,
        "Interest Income": -14708.0,
        "Normalized Income": -3130514.0,
        "Net Income From Continuing And Discontinued Operation": -2829026.0,
        "Total Expenses": 10972081.0,
        "Total Operating Income As Reported": -3794126.0,
        "Diluted Average Shares": NaN,
        "Basic Average Shares": NaN,
        "Diluted EPS": NaN,
        "Basic EPS": NaN,
        "Diluted NI Availto Com Stockholders": -2829026.0,
        "Net Income Common Stockholders": -2829026.0,
        "Net Income": -2829026.0,
        "Minority Interests": 776953.0,
        "Net Income Including Noncontrolling Interests": -3605979.0,
        "Net Income Continuous Operations": -3605979.0,
        "Tax Provision": NaN,
        "Pretax Income": -3605979.0,
        "Other Income Expense": -956566.0,
        "Other Non Operating Income Expenses": -1258054.0,
        "Special Income Charges": 0.0,
        "Gain On Sale Of Ppe": 0.0,
        "Impairment Of Capital Assets": NaN,
        "Gain On Sale Of Security": 301488.0,
        "Net Non Operating Interest Income Expense": -122342.0,
        "Interest Expense Non Operating": 107634.0,
        "Interest Income Non Operating": -14708.0,
        "Operating Income": -2527071.0,
        "Operating Expense": 4330550.0,
        "Depreciation Amortization Depletion Income Statement": 508718.0,
        "Depreciation And Amortization In Income Statement": 508718.0,
        "Depreciation Income Statement": NaN,
        "Research And Development": 513072.0,
        "Selling General And Administration": 4575815.0,
        "General And Administrative Expense": 4575815.0,
        "Other Gand A": 1084830.0,
        "Salaries And Wages": 3490985.0,
        "Gross Profit": 1803479.0,
        "Cost Of Revenue": 6641531.0,
        "Total Revenue": 8445010.0,
        "Operating Revenue": 8445010.0
    },
    "2024-03-31": {
        "Tax Effect Of Unusual Items": 0.0,
        "Tax Rate For Calcs": 0.0,
        "Normalized EBITDA": -2076357.0,
        "Total Unusual Items": 233394.0,
        "Total Unusual Items Excluding Goodwill": 233394.0,
        "Net Income From Continuing Operation Net Minority Interest": -1686227.0,
        "Reconciled Depreciation": 425281.0,
        "Reconciled Cost Of Revenue": 4999030.0,
        "EBITDA": -1842963.0,
        "EBIT": -2268244.0,
        "Net Interest Income": -64373.0,
        "Interest Expense": 66950.0,
        "Interest Income": 2577.0,
        "Normalized Income": -1919621.0,
        "Net Income From Continuing And Discontinued Operation": -1686227.0,
        "Total Expenses": 7819550.0,
        "Total Operating Income As Reported": -2543206.0,
        "Diluted Average Shares": 9520000.0,
        "Basic Average Shares": 9520000.0,
        "Diluted EPS": -0.18,
        "Basic EPS": -0.18,
        "Diluted NI Availto Com Stockholders": -1686227.0,
        "Net Income Common Stockholders": -1686227.0,
        "Net Income": -1686227.0,
        "Minority Interests": 648967.0,
        "Net Income Including Noncontrolling Interests": -2335194.0,
        "Net Income Continuous Operations": -2335194.0,
        "Tax Provision": 0.0,
        "Pretax Income": -2335194.0,
        "Other Income Expense": 272385.0,
        "Other Non Operating Income Expenses": 38991.0,
        "Special Income Charges": NaN,
        "Gain On Sale Of Ppe": NaN,
        "Impairment Of Capital Assets": NaN,
        "Gain On Sale Of Security": 233394.0,
        "Net Non Operating Interest Income Expense": -64373.0,
        "Interest Expense Non Operating": 66950.0,
        "Interest Income Non Operating": 2577.0,
        "Operating Income": -2543206.0,
        "Operating Expense": 2820520.0,
        "Depreciation Amortization Depletion Income Statement": 425281.0,
        "Depreciation And Amortization In Income Statement": 425281.0,
        "Depreciation Income Statement": NaN,
        "Research And Development": 149691.0,
        "Selling General And Administration": 2245548.0,
        "General And Administrative Expense": 2245548.0,
        "Other Gand A": 949279.0,
        "Salaries And Wages": 1296269.0,
        "Gross Profit": 277314.0,
        "Cost Of Revenue": 4999030.0,
        "Total Revenue": 5276343.0,
        "Operating Revenue": 5276343.0
    },
    "2024-06-30": {
        "Tax Effect Of Unusual Items": 0.0,
        "Tax Rate For Calcs": 0.0,
        "Normalized EBITDA": -2550845.0,
        "Total Unusual Items": -1478455.0,
        "Total Unusual Items Excluding Goodwill": -1478455.0,
        "Net Income From Continuing Operation Net Minority Interest": -2945701.0,
        "Reconciled Depreciation": 434958.0,
        "Reconciled Cost Of Revenue": 4124481.0,
        "EBITDA": -4029300.0,
        "EBIT": -4464258.0,
        "Net Interest Income": -49636.0,
        "Interest Expense": 54938.0,
        "Interest Income": 5302.0,
        "Normalized Income": -1467246.0,
        "Net Income From Continuing And Discontinued Operation": -2945701.0,
        "Total Expenses": 7311897.0,
        "Total Operating Income As Reported": -4659076.0,
        "Diluted Average Shares": 9520000.0,
        "Basic Average Shares": 9520000.0,
        "Diluted EPS": -0.31,
        "Basic EPS": -0.31,
        "Diluted NI Availto Com Stockholders": -2945701.0,
        "Net Income Common Stockholders": -2945701.0,
        "Net Income": -2945701.0,
        "Minority Interests": 1573495.0,
        "Net Income Including Noncontrolling Interests": -4519196.0,
        "Net Income Continuous Operations": -4519196.0,
        "Tax Provision": 0.0,
        "Pretax Income": -4519196.0,
        "Other Income Expense": -1484484.0,
        "Other Non Operating Income Expenses": -6029.0,
        "Special Income Charges": -1674000.0,
        "Gain On Sale Of Ppe": NaN,
        "Impairment Of Capital Assets": 1674000.0,
        "Gain On Sale Of Security": 195545.0,
        "Net Non Operating Interest Income Expense": -49636.0,
        "Interest Expense Non Operating": 54938.0,
        "Interest Income Non Operating": 5302.0,
        "Operating Income": -2985076.0,
        "Operating Expense": 3187416.0,
        "Depreciation Amortization Depletion Income Statement": 434958.0,
        "Depreciation And Amortization In Income Statement": 434958.0,
        "Depreciation Income Statement": 434958.0,
        "Research And Development": 344784.0,
        "Selling General And Administration": 2407674.0,
        "General And Administrative Expense": 2407674.0,
        "Other Gand A": 1208326.0,
        "Salaries And Wages": 1199348.0,
        "Gross Profit": 202340.0,
        "Cost Of Revenue": 4124481.0,
        "Total Revenue": 4326821.0,
        "Operating Revenue": 4326821.0
    },
    "2024-09-30": {
        "Tax Effect Of Unusual Items": 0.0,
        "Tax Rate For Calcs": 0.0,
        "Normalized EBITDA": -2448874.0,
        "Total Unusual Items": -63541.0,
        "Total Unusual Items Excluding Goodwill": -63541.0,
        "Net Income From Continuing Operation Net Minority Interest": -2512165.0,
        "Reconciled Depreciation": 440458.0,
        "Reconciled Cost Of Revenue": 3046975.0,
        "EBITDA": -2512415.0,
        "EBIT": -2952873.0,
        "Net Interest Income": 42384.0,
        "Interest Expense": 57034.0,
        "Interest Income": 99418.0,
        "Normalized Income": -2448624.0,
        "Net Income From Continuing And Discontinued Operation": -2512165.0,
        "Total Expenses": 5890548.0,
        "Total Operating Income As Reported": -2989230.0,
        "Diluted Average Shares": 9520000.0,
        "Basic Average Shares": 9520000.0,
        "Diluted EPS": -0.26,
        "Basic EPS": -0.26,
        "Diluted NI Availto Com Stockholders": -2512165.0,
        "Net Income Common Stockholders": -2512165.0,
        "Net Income": -2512165.0,
        "Minority Interests": 497742.0,
        "Net Income Including Noncontrolling Interests": -3009907.0,
        "Net Income Continuous Operations": -3009907.0,
        "Tax Provision": 0.0,
        "Pretax Income": -3009907.0,
        "Other Income Expense": -63061.0,
        "Other Non Operating Income Expenses": 480.0,
        "Special Income Charges": -122587.0,
        "Gain On Sale Of Ppe": -122587.0,
        "Impairment Of Capital Assets": 0.0,
        "Gain On Sale Of Security": 59046.0,
        "Net Non Operating Interest Income Expense": 42384.0,
        "Interest Expense Non Operating": 57034.0,
        "Interest Income Non Operating": 99418.0,
        "Operating Income": -2989230.0,
        "Operating Expense": 2843573.0,
        "Depreciation Amortization Depletion Income Statement": 440458.0,
        "Depreciation And Amortization In Income Statement": 440458.0,
        "Depreciation Income Statement": NaN,
        "Research And Development": 89403.0,
        "Selling General And Administration": 2313712.0,
        "General And Administrative Expense": 2313712.0,
        "Other Gand A": 1168144.0,
        "Salaries And Wages": 1145568.0,
        "Gross Profit": -145657.0,
        "Cost Of Revenue": 3046975.0,
        "Total Revenue": 2901318.0,
        "Operating Revenue": 2901318.0
    },
    "2024-12-31": {
        "Tax Effect Of Unusual Items": 0.0,
        "Tax Rate For Calcs": 0.0,
        "Normalized EBITDA": -3719944.0,
        "Total Unusual Items": 62528.0,
        "Total Unusual Items Excluding Goodwill": 62528.0,
        "Net Income From Continuing Operation Net Minority Interest": -3901877.0,
        "Reconciled Depreciation": 444520.0,
        "Reconciled Cost Of Revenue": 2969456.0,
        "EBITDA": -3657416.0,
        "EBIT": -4101936.0,
        "Net Interest Income": -416.0,
        "Interest Expense": 43672.0,
        "Interest Income": 43256.0,
        "Normalized Income": -3964405.0,
        "Net Income From Continuing And Discontinued Operation": -3901877.0,
        "Total Expenses": 6121704.0,
        "Total Operating Income As Reported": -4360256.0,
        "Diluted Average Shares": NaN,
        "Basic Average Shares": NaN,
        "Diluted EPS": NaN,
        "Basic EPS": NaN,
        "Diluted NI Availto Com Stockholders": -3901877.0,
        "Net Income Common Stockholders": -3901877.0,
        "Net Income": -3901877.0,
        "Minority Interests": 243731.0,
        "Net Income Including Noncontrolling Interests": -4145608.0,
        "Net Income Continuous Operations": -4145608.0,
        "Tax Provision": 0.0,
        "Pretax Income": -4145608.0,
        "Other Income Expense": 92477.0,
        "Other Non Operating Income Expenses": 29949.0,
        "Special Income Charges": 0.0,
        "Gain On Sale Of Ppe": 0.0,
        "Impairment Of Capital Assets": 0.0,
        "Gain On Sale Of Security": 62528.0,
        "Net Non Operating Interest Income Expense": -416.0,
        "Interest Expense Non Operating": 43672.0,
        "Interest Income Non Operating": 43256.0,
        "Operating Income": -4237669.0,
        "Operating Expense": 3152248.0,
        "Depreciation Amortization Depletion Income Statement": 444520.0,
        "Depreciation And Amortization In Income Statement": 444520.0,
        "Depreciation Income Statement": NaN,
        "Research And Development": 2501.0,
        "Selling General And Administration": 2705227.0,
        "General And Administrative Expense": 2705227.0,
        "Other Gand A": 1439593.0,
        "Salaries And Wages": 1265634.0,
        "Gross Profit": -1085421.0,
        "Cost Of Revenue": 2969456.0,
        "Total Revenue": 1884035.0,
        "Operating Revenue": 1884035.0
    }
}