{
    "2022-12-31": {
        "Tax Effect Of Unusual Items": NaN,
        "Tax Rate For Calcs": NaN,
        "Normalized EBITDA": NaN,
        "Total Unusual Items": NaN,
        "Total Unusual Items Excluding Goodwill": NaN,
        "Net Income From Continuing Operation Net Minority Interest": NaN,
        "Reconciled Depreciation": NaN,
        "Reconciled Cost Of Revenue": NaN,
        "EBITDA": NaN,
        "EBIT": NaN,
        "Net Interest Income": NaN,
        "Interest Expense": NaN,
        "Interest Income": NaN,
        "Normalized Income": NaN,
        "Net Income From Continuing And Discontinued Operation": NaN,
        "Total Expenses": NaN,
        "Total Operating Income As Reported": NaN,
        "Diluted Average Shares": 70134267.0,
        "Basic Average Shares": 70134267.0,
        "Diluted EPS": 2.851673,
        "Basic EPS": 2.851673,
        "Diluted NI Availto Com Stockholders": NaN,
        "Net Income Common Stockholders": NaN,
        "Net Income": NaN,
        "Minority Interests": NaN,
        "Net Income Including Noncontrolling Interests": NaN,
        "Net Income Discontinuous Operations": NaN,
        "Net Income Continuous Operations": NaN,
        "Tax Provision": NaN,
        "Pretax Income": NaN,
        "Other Income Expense": NaN,
        "Other Non Operating Income Expenses": NaN,
        "Special Income Charges": NaN,
        "Gain On Sale Of Ppe": NaN,
        "Gain On Sale Of Business": NaN,
        "Write Off": NaN,
        "Gain On Sale Of Security": NaN,
        "Net Non Operating Interest Income Expense": NaN,
        "Interest Expense Non Operating": NaN,
        "Interest Income Non Operating": NaN,
        "Operating Income": NaN,
        "Operating Expense": NaN,
        "Depreciation Amortization Depletion Income Statement": NaN,
        "Depreciation And Amortization In Income Statement": NaN,
        "Amortization": NaN,
        "Amortization Of Intangibles Income Statement": NaN,
        "Depreciation Income Statement": NaN,
        "Selling General And Administration": NaN,
        "Gross Profit": NaN,
        "Cost Of Revenue": NaN,
        "Total Revenue": NaN,
        "Operating Revenue": NaN
    },
    "2022-06-30": {
        "Tax Effect Of Unusual Items": 9925000.0,
        "Tax Rate For Calcs": 0.397,
        "Normalized EBITDA": 908000000.0,
        "Total Unusual Items": 25000000.0,
        "Total Unusual Items Excluding Goodwill": 25000000.0,
        "Net Income From Continuing Operation Net Minority Interest": 75000000.0,
        "Reconciled Depreciation": 507000000.0,
        "Reconciled Cost Of Revenue": 431000000.0,
        "EBITDA": 933000000.0,
        "EBIT": 426000000.0,
        "Net Interest Income": -215000000.0,
        "Interest Expense": 222000000.0,
        "Interest Income": 7000000.0,
        "Normalized Income": 59925000.0,
        "Net Income From Continuing And Discontinued Operation": 136000000.0,
        "Total Expenses": 1602000000.0,
        "Total Operating Income As Reported": 370000000.0,
        "Diluted Average Shares": 68000000.0,
        "Basic Average Shares": 68000000.0,
        "Diluted EPS": 2.0,
        "Basic EPS": 2.0,
        "Diluted NI Availto Com Stockholders": 136000000.0,
        "Net Income Common Stockholders": 136000000.0,
        "Net Income": 136000000.0,
        "Minority Interests": -48000000.0,
        "Net Income Including Noncontrolling Interests": 184000000.0,
        "Net Income Discontinuous Operations": 61000000.0,
        "Net Income Continuous Operations": 123000000.0,
        "Tax Provision": 81000000.0,
        "Pretax Income": 204000000.0,
        "Other Income Expense": 13000000.0,
        "Other Non Operating Income Expenses": -12000000.0,
        "Special Income Charges": -36000000.0,
        "Gain On Sale Of Ppe": 9000000.0,
        "Gain On Sale Of Business": -31000000.0,
        "Write Off": 14000000.0,
        "Gain On Sale Of Security": 61000000.0,
        "Net Non Operating Interest Income Expense": -215000000.0,
        "Interest Expense Non Operating": 222000000.0,
        "Interest Income Non Operating": 7000000.0,
        "Operating Income": 406000000.0,
        "Operating Expense": 1171000000.0,
        "Other Operating Expenses": -2000000.0,
        "Depreciation Amortization Depletion Income Statement": 507000000.0,
        "Depreciation And Amortization In Income Statement": 507000000.0,
        "Amortization": 87000000.0,
        "Amortization Of Intangibles Income Statement": 87000000.0,
        "Depreciation Income Statement": 420000000.0,
        "Selling General And Administration": 666000000.0,
        "Gross Profit": 1577000000.0,
        "Cost Of Revenue": 431000000.0,
        "Total Revenue": 2008000000.0,
        "Operating Revenue": 1973000000.0
    },
    "2023-03-31": {
        "Diluted EPS": 4.75,
        "Total Revenue": 884,
        "Gross Profit": 767,
        "Operating Income": 205,
        "EBIT": 382,
        "Net Income": 343
    },
    "2022-09-30": {
        "Diluted EPS": -7.25,
        "Total Revenue": NaN,
        "Gross Profit": NaN,
        "Operating Income": 506,
        "EBIT": 875,
        "Net Income": -512
    },
    "2022-03-31": {
        "Diluted EPS": -2.0,
        "Total Revenue": 968,
        "Gross Profit": 851,
        "Operating Income": 231,
        "EBIT": 446,
        "Net Income": -141
    },
    "2021-12-31": {
        "Diluted EPS": 4.25,
        "Total Revenue": NaN,
        "Gross Profit": -989,
        "Operating Income": -104,
        "EBIT": -648,
        "Net Income": 299
    },
    "2021-09-30": {
        "Diluted EPS": 2.0,
        "Total Revenue": NaN,
        "Gross Profit": NaN,
        "Operating Income": 413,
        "EBIT": 885,
        "Net Income": 145
    },
    "2021-06-30": {
        "Diluted EPS": 1.5,
        "Total Revenue": NaN,
        "Gross Profit": NaN,
        "Operating Income": 355,
        "EBIT": 808,
        "Net Income": 100
    },
    "2021-03-31": {
        "Diluted EPS": 1.75,
        "Total Revenue": NaN,
        "Gross Profit": NaN,
        "Operating Income": 359,
        "EBIT": 804,
        "Net Income": 130
    },
    "2020-12-31": {
        "Diluted EPS": 0.0,
        "Total Revenue": NaN,
        "Gross Profit": NaN,
        "Operating Income": 180,
        "EBIT": 594,
        "Net Income": 7
    },
    "2020-09-30": {
        "Diluted EPS": -8.75,
        "Total Revenue": NaN,
        "Gross Profit": NaN,
        "Operating Income": -403,
        "EBIT": 726,
        "Net Income": -620
    },
    "2020-06-30": {
        "Diluted EPS": 2.25,
        "Total Revenue": NaN,
        "Gross Profit": NaN,
        "Operating Income": 327,
        "EBIT": 802,
        "Net Income": 156
    },
    "2020-03-31": {
        "Diluted EPS": 1.5,
        "Total Revenue": NaN,
        "Gross Profit": NaN,
        "Operating Income": 407,
        "EBIT": 915,
        "Net Income": 108
    },
    "2019-12-31": {
        "Diluted EPS": 0.5,
        "Total Revenue": NaN,
        "Gross Profit": NaN,
        "Operating Income": 383,
        "EBIT": 920,
        "Net Income": 21
    },
    "2019-09-30": {
        "Diluted EPS": 0.5,
        "Total Revenue": NaN,
        "Gross Profit": NaN,
        "Operating Income": 384,
        "EBIT": 974,
        "Net Income": 35
    },
    "2019-06-30": {
        "Diluted EPS": 1.0,
        "Total Revenue": NaN,
        "Gross Profit": NaN,
        "Operating Income": 464,
        "EBIT": 988,
        "Net Income": 70
    },
    "2019-03-31": {
        "Diluted EPS": 7.0,
        "Total Revenue": NaN,
        "Gross Profit": NaN,
        "Operating Income": 788,
        "EBIT": NaN,
        "Net Income": 495
    },
    "2018-12-31": {
        "Diluted EPS": -0.5,
        "Total Revenue": NaN,
        "Gross Profit": NaN,
        "Operating Income": 208,
        "EBIT": 714,
        "Net Income": -19
    },
    "2018-09-30": {
        "Diluted EPS": 12.25,
        "Total Revenue": NaN,
        "Gross Profit": NaN,
        "Operating Income": -391,
        "EBIT": 838,
        "Net Income": 855
    },
    "2018-06-30": {
        "Diluted EPS": -2.0,
        "Total Revenue": NaN,
        "Gross Profit": NaN,
        "Operating Income": 383,
        "EBIT": 857,
        "Net Income": -142
    },
    "2018-03-31": {
        "Diluted EPS": -1.5,
        "Total Revenue": NaN,
        "Gross Profit": NaN,
        "Operating Income": 354,
        "EBIT": 837,
        "Net Income": -112
    },
    "2017-12-31": {
        "Diluted EPS": -5.0,
        "Total Revenue": NaN,
        "Gross Profit": NaN,
        "Operating Income": 189,
        "EBIT": 743,
        "Net Income": -338
    },
    "2017-09-30": {
        "Diluted EPS": 1.75,
        "Total Revenue": NaN,
        "Gross Profit": NaN,
        "Operating Income": 544,
        "EBIT": NaN,
        "Net Income": 116
    },
    "2017-06-30": {
        "Diluted EPS": -4.0,
        "Total Revenue": NaN,
        "Gross Profit": NaN,
        "Operating Income": 389,
        "EBIT": 929,
        "Net Income": -278
    },
    "2017-03-31": {
        "Diluted EPS": 0.0,
        "Total Revenue": NaN,
        "Gross Profit": NaN,
        "Operating Income": 345,
        "EBIT": 854,
        "Net Income": -5
    },
    "2016-12-31": {
        "Diluted EPS": 22.25,
        "Total Revenue": NaN,
        "Gross Profit": NaN,
        "Operating Income": 91,
        "EBIT": 585,
        "Net Income": NaN
    },
    "2016-09-30": {
        "Diluted EPS": 6.25,
        "Total Revenue": NaN,
        "Gross Profit": NaN,
        "Operating Income": 406,
        "EBIT": 888,
        "Net Income": 445
    },
    "2016-06-30": {
        "Diluted EPS": 2.0,
        "Total Revenue": NaN,
        "Gross Profit": NaN,
        "Operating Income": 283,
        "EBIT": 791,
        "Net Income": 137
    },
    "2016-03-31": {
        "Diluted EPS": 2.75,
        "Total Revenue": NaN,
        "Gross Profit": NaN,
        "Operating Income": 304,
        "EBIT": 756,
        "Net Income": 189
    },
    "2015-12-31": {
        "Diluted EPS": 5.0,
        "Total Revenue": NaN,
        "Gross Profit": NaN,
        "Operating Income": 166,
        "EBIT": 659,
        "Net Income": 58
    },
    "2015-09-30": {
        "Diluted EPS": -14.25,
        "Total Revenue": NaN,
        "Gross Profit": NaN,
        "Operating Income": -480,
        "EBIT": 49,
        "Net Income": NaN
    },
    "2015-06-30": {
        "Diluted EPS": 0.0,
        "Total Revenue": NaN,
        "Gross Profit": NaN,
        "Operating Income": 530,
        "EBIT": NaN,
        "Net Income": 108
    },
    "2015-03-31": {
        "Diluted EPS": 0.0,
        "Total Revenue": NaN,
        "Gross Profit": NaN,
        "Operating Income": 308,
        "EBIT": 833,
        "Net Income": 184
    },
    "2014-12-31": {
        "Diluted EPS": -13.25,
        "Total Revenue": NaN,
        "Gross Profit": NaN,
        "Operating Income": NaN,
        "EBIT": NaN,
        "Net Income": -935
    },
    "2014-09-30": {
        "Diluted EPS": 1.5,
        "Total Revenue": NaN,
        "Gross Profit": NaN,
        "Operating Income": NaN,
        "EBIT": NaN,
        "Net Income": 104
    },
    "2014-06-30": {
        "Diluted EPS": 1.5,
        "Total Revenue": NaN,
        "Gross Profit": NaN,
        "Operating Income": 955,
        "EBIT": 924,
        "Net Income": 100
    },
    "2014-03-31": {
        "Diluted EPS": 0.5,
        "Total Revenue": NaN,
        "Gross Profit": NaN,
        "Operating Income": 936,
        "EBIT": NaN,
        "Net Income": 39
    },
    "2013-12-31": {
        "Diluted EPS": -38.0,
        "Total Revenue": NaN,
        "Gross Profit": NaN,
        "Operating Income": NaN,
        "EBIT": NaN,
        "Net Income": NaN
    },
    "2013-09-30": {
        "Diluted EPS": 3.75,
        "Total Revenue": NaN,
        "Gross Profit": NaN,
        "Operating Income": NaN,
        "EBIT": NaN,
        "Net Income": 255
    },
    "2013-06-30": {
        "Diluted EPS": 8.25,
        "Total Revenue": NaN,
        "Gross Profit": NaN,
        "Operating Income": NaN,
        "EBIT": NaN,
        "Net Income": 573
    },
    "2013-03-31": {
        "Diluted EPS": 6.25,
        "Total Revenue": NaN,
        "Gross Profit": NaN,
        "Operating Income": NaN,
        "EBIT": NaN,
        "Net Income": 408
    },
    "2012-12-31": {
        "Diluted EPS": 12.25,
        "Total Revenue": NaN,
        "Gross Profit": NaN,
        "Operating Income": NaN,
        "EBIT": NaN,
        "Net Income": 801
    },
    "2012-09-30": {
        "Diluted EPS": 8.25,
        "Total Revenue": NaN,
        "Gross Profit": NaN,
        "Operating Income": NaN,
        "EBIT": NaN,
        "Net Income": 538
    },
    "2012-06-30": {
        "Diluted EPS": 7.5,
        "Total Revenue": NaN,
        "Gross Profit": NaN,
        "Operating Income": NaN,
        "EBIT": NaN,
        "Net Income": 488
    },
    "2012-03-31": {
        "Diluted EPS": 5.0,
        "Total Revenue": NaN,
        "Gross Profit": NaN,
        "Operating Income": NaN,
        "EBIT": NaN,
        "Net Income": 318
    },
    "2011-12-31": {
        "Diluted EPS": -5.75,
        "Total Revenue": NaN,
        "Gross Profit": NaN,
        "Operating Income": 425,
        "EBIT": NaN,
        "Net Income": -386
    },
    "2011-09-30": {
        "Diluted EPS": 1.5,
        "Total Revenue": NaN,
        "Gross Profit": NaN,
        "Operating Income": NaN,
        "EBIT": NaN,
        "Net Income": 104
    },
    "2011-06-30": {
        "Diluted EPS": 4.0,
        "Total Revenue": NaN,
        "Gross Profit": NaN,
        "Operating Income": NaN,
        "EBIT": NaN,
        "Net Income": 239
    },
    "2011-03-31": {
        "Diluted EPS": 11.5,
        "Total Revenue": NaN,
        "Gross Profit": NaN,
        "Operating Income": 633,
        "EBIT": 633,
        "Net Income": 590
    },
    "2010-12-31": {
        "Diluted EPS": 8.5,
        "Total Revenue": NaN,
        "Gross Profit": NaN,
        "Operating Income": 621,
        "EBIT": NaN,
        "Net Income": 461
    },
    "2010-09-30": {
        "Diluted EPS": 9.75,
        "Total Revenue": NaN,
        "Gross Profit": NaN,
        "Operating Income": 832,
        "EBIT": 832,
        "Net Income": 496
    },
    "2010-06-30": {
        "Diluted EPS": 7.0,
        "Total Revenue": NaN,
        "Gross Profit": NaN,
        "Operating Income": 769,
        "EBIT": 769,
        "Net Income": 335
    },
    "2010-03-31": {
        "Diluted EPS": 8.0,
        "Total Revenue": NaN,
        "Gross Profit": NaN,
        "Operating Income": 935,
        "EBIT": 935,
        "Net Income": 412
    },
    "2009-12-31": {
        "Diluted EPS": 6.75,
        "Total Revenue": NaN,
        "Gross Profit": NaN,
        "Operating Income": 629,
        "EBIT": NaN,
        "Net Income": 283
    },
    "2009-09-30": {
        "Diluted EPS": 11.0,
        "Total Revenue": NaN,
        "Gross Profit": NaN,
        "Operating Income": 705,
        "EBIT": 705,
        "Net Income": 434
    },
    "2009-06-30": {
        "Diluted EPS": 0.0,
        "Total Revenue": NaN,
        "Gross Profit": NaN,
        "Operating Income": 690,
        "EBIT": 690,
        "Net Income": 708
    },
    "2009-03-31": {
        "Diluted EPS": 0.0,
        "Total Revenue": NaN,
        "Gross Profit": NaN,
        "Operating Income": 578,
        "EBIT": 578,
        "Net Income": -267
    },
    "2023-06-30": {
        "Tax Effect Of Unusual Items": 14468085.106383,
        "Tax Rate For Calcs": 0.212766,
        "Normalized EBITDA": 444000000.0,
        "Total Unusual Items": 68000000.0,
        "Total Unusual Items Excluding Goodwill": 68000000.0,
        "Net Income From Continuing Operation Net Minority Interest": 127000000.0,
        "Reconciled Depreciation": 184000000.0,
        "Reconciled Cost Of Revenue": 110000000.0,
        "EBITDA": 512000000.0,
        "EBIT": 328000000.0,
        "Net Interest Income": -123000000.0,
        "Interest Expense": 140000000.0,
        "Interest Income": 17000000.0,
        "Normalized Income": 73468085.106383,
        "Net Income From Continuing And Discontinued Operation": 250000000.0,
        "Total Expenses": 685000000.0,
        "Total Operating Income As Reported": 242000000.0,
        "Diluted Average Shares": 71428571.0,
        "Basic Average Shares": 71428571.0,
        "Diluted EPS": 3.5,
        "Basic EPS": 3.5,
        "Diluted NI Availto Com Stockholders": 250000000.0,
        "Net Income Common Stockholders": 250000000.0,
        "Net Income": 250000000.0,
        "Minority Interests": -21000000.0,
        "Net Income Including Noncontrolling Interests": 271000000.0,
        "Net Income Discontinuous Operations": 123000000.0,
        "Net Income Continuous Operations": 148000000.0,
        "Tax Provision": 40000000.0,
        "Pretax Income": 188000000.0,
        "Other Income Expense": 80000000.0,
        "Other Non Operating Income Expenses": 12000000.0,
        "Special Income Charges": 11000000.0,
        "Gain On Sale Of Ppe": 1000000.0,
        "Gain On Sale Of Business": 3000000.0,
        "Write Off": -7000000.0,
        "Gain On Sale Of Security": 57000000.0,
        "Net Non Operating Interest Income Expense": -123000000.0,
        "Interest Expense Non Operating": 140000000.0,
        "Interest Income Non Operating": 17000000.0,
        "Operating Income": 231000000.0,
        "Operating Expense": 575000000.0,
        "Depreciation Amortization Depletion Income Statement": 184000000.0,
        "Depreciation And Amortization In Income Statement": 184000000.0,
        "Amortization": 51000000.0,
        "Amortization Of Intangibles Income Statement": 51000000.0,
        "Depreciation Income Statement": 133000000.0,
        "Selling General And Administration": 391000000.0,
        "Gross Profit": 806000000.0,
        "Cost Of Revenue": 110000000.0,
        "Total Revenue": 916000000.0,
        "Operating Revenue": 890000000.0
    },
    "2023-12-31": {
        "Tax Effect Of Unusual Items": 0.0,
        "Tax Rate For Calcs": 0.38255,
        "Normalized EBITDA": 400000000.0,
        "Total Unusual Items": NaN,
        "Total Unusual Items Excluding Goodwill": NaN,
        "Net Income From Continuing Operation Net Minority Interest": 73000000.0,
        "Reconciled Depreciation": 144000000.0,
        "Reconciled Cost Of Revenue": NaN,
        "EBITDA": 400000000.0,
        "EBIT": 256000000.0,
        "Net Interest Income": NaN,
        "Interest Expense": 107000000.0,
        "Interest Income": NaN,
        "Normalized Income": 73000000.0,
        "Net Income From Continuing And Discontinued Operation": -3564000000.0,
        "Total Expenses": NaN,
        "Total Operating Income As Reported": 220000000.0,
        "Diluted Average Shares": NaN,
        "Basic Average Shares": NaN,
        "Diluted EPS": -50.741337,
        "Basic EPS": -50.741337,
        "Diluted NI Availto Com Stockholders": -3564000000.0,
        "Net Income Common Stockholders": -3564000000.0,
        "Net Income": -3564000000.0,
        "Minority Interests": -19000000.0,
        "Net Income Including Noncontrolling Interests": -3545000000.0,
        "Net Income Discontinuous Operations": -3637000000.0,
        "Net Income Continuous Operations": 92000000.0,
        "Tax Provision": 57000000.0,
        "Pretax Income": 149000000.0,
        "Other Income Expense": NaN,
        "Other Non Operating Income Expenses": NaN,
        "Special Income Charges": NaN,
        "Gain On Sale Of Ppe": NaN,
        "Gain On Sale Of Business": NaN,
        "Write Off": NaN,
        "Impairment Of Capital Assets": NaN,
        "Gain On Sale Of Security": NaN,
        "Net Non Operating Interest Income Expense": NaN,
        "Interest Expense Non Operating": 107000000.0,
        "Interest Income Non Operating": NaN,
        "Operating Income": 220000000.0,
        "Operating Expense": NaN,
        "Depreciation Amortization Depletion Income Statement": NaN,
        "Depreciation And Amortization In Income Statement": 144000000.0,
        "Amortization": NaN,
        "Amortization Of Intangibles Income Statement": NaN,
        "Depreciation Income Statement": NaN,
        "Selling General And Administration": NaN,
        "Gross Profit": NaN,
        "Cost Of Revenue": NaN,
        "Total Revenue": NaN,
        "Operating Revenue": NaN
    },
    "2024-06-30": {
        "Tax Effect Of Unusual Items": 0.0,
        "Tax Rate For Calcs": 0.373239,
        "Normalized EBITDA": 248000000.0,
        "Total Unusual Items": -38000000.0,
        "Total Unusual Items Excluding Goodwill": -38000000.0,
        "Net Income From Continuing Operation Net Minority Interest": 89000000.0,
        "Reconciled Depreciation": 180000000.0,
        "Reconciled Cost Of Revenue": 121000000.0,
        "EBITDA": 248000000.0,
        "EBIT": 248000000.0,
        "Net Interest Income": -106000000.0,
        "Interest Expense": 106000000.0,
        "Interest Income": 11000000.0,
        "Normalized Income": 89000000.0,
        "Net Income From Continuing And Discontinued Operation": 89000000.0,
        "Total Expenses": 747000000.0,
        "Total Operating Income As Reported": 278000000.0,
        "Diluted Average Shares": NaN,
        "Basic Average Shares": NaN,
        "Diluted EPS": NaN,
        "Basic EPS": NaN,
        "Diluted NI Availto Com Stockholders": 89000000.0,
        "Net Income Common Stockholders": 89000000.0,
        "Net Income": 89000000.0,
        "Minority Interests": -21000000.0,
        "Net Income Including Noncontrolling Interests": 89000000.0,
        "Net Income Discontinuous Operations": 0.0,
        "Net Income Continuous Operations": 89000000.0,
        "Tax Provision": 53000000.0,
        "Pretax Income": 142000000.0,
        "Other Income Expense": -32000000.0,
        "Other Non Operating Income Expenses": 6000000.0,
        "Special Income Charges": -2000000.0,
        "Gain On Sale Of Ppe": -1000000.0,
        "Gain On Sale Of Business": 0.0,
        "Write Off": 1000000.0,
        "Impairment Of Capital Assets": 1000000.0,
        "Gain On Sale Of Security": -36000000.0,
        "Net Non Operating Interest Income Expense": -106000000.0,
        "Interest Expense Non Operating": 106000000.0,
        "Interest Income Non Operating": 11000000.0,
        "Operating Income": 278000000.0,
        "Operating Expense": 626000000.0,
        "Other Operating Expenses": NaN,
        "Depreciation Amortization Depletion Income Statement": 180000000.0,
        "Depreciation And Amortization In Income Statement": 180000000.0,
        "Amortization": 50000000.0,
        "Amortization Of Intangibles Income Statement": 50000000.0,
        "Depreciation Income Statement": 130000000.0,
        "Selling General And Administration": 446000000.0,
        "Gross Profit": 906000000.0,
        "Cost Of Revenue": 121000000.0,
        "Total Revenue": NaN,
        "Operating Revenue": NaN
    },
    "2024-09-30": {
        "Tax Effect Of Unusual Items": 33727891.156463,
        "Tax Rate For Calcs": 0.227891,
        "Normalized EBITDA": 440000000.0,
        "Total Unusual Items": 148000000.0,
        "Total Unusual Items Excluding Goodwill": 148000000.0,
        "Net Income From Continuing Operation Net Minority Interest": 209000000.0,
        "Reconciled Depreciation": 181000000.0,
        "Reconciled Cost Of Revenue": 144000000.0,
        "EBITDA": 588000000.0,
        "EBIT": 407000000.0,
        "Net Interest Income": -113000000.0,
        "Interest Expense": 113000000.0,
        "Interest Income": NaN,
        "Normalized Income": 94727891.156463,
        "Net Income From Continuing And Discontinued Operation": 209000000.0,
        "Total Expenses": 781000000.0,
        "Total Operating Income As Reported": 401000000.0,
        "Diluted Average Shares": 73160000.0,
        "Basic Average Shares": 71080000.0,
        "Diluted EPS": 2.86,
        "Basic EPS": 2.94,
        "Diluted NI Availto Com Stockholders": 209000000.0,
        "Net Income Common Stockholders": 209000000.0,
        "Net Income": 209000000.0,
        "Minority Interests": -18000000.0,
        "Net Income Including Noncontrolling Interests": 227000000.0,
        "Net Income Discontinuous Operations": NaN,
        "Net Income Continuous Operations": 227000000.0,
        "Tax Provision": 67000000.0,
        "Pretax Income": 294000000.0,
        "Other Income Expense": 150000000.0,
        "Other Non Operating Income Expenses": 2000000.0,
        "Special Income Charges": 145000000.0,
        "Gain On Sale Of Ppe": -1000000.0,
        "Gain On Sale Of Business": 146000000.0,
        "Write Off": 0.0,
        "Impairment Of Capital Assets": NaN,
        "Gain On Sale Of Security": 3000000.0,
        "Net Non Operating Interest Income Expense": -113000000.0,
        "Interest Expense Non Operating": 113000000.0,
        "Interest Income Non Operating": NaN,
        "Operating Income": 256000000.0,
        "Operating Expense": 637000000.0,
        "Other Operating Expenses": -1000000.0,
        "Depreciation Amortization Depletion Income Statement": 181000000.0,
        "Depreciation And Amortization In Income Statement": 181000000.0,
        "Amortization": 49000000.0,
        "Amortization Of Intangibles Income Statement": 49000000.0,
        "Depreciation Income Statement": 132000000.0,
        "Selling General And Administration": 457000000.0,
        "Gross Profit": 893000000.0,
        "Cost Of Revenue": 144000000.0,
        "Total Revenue": 1037000000.0,
        "Operating Revenue": 1037000000.0
    },
    "2023-09-30": {
        "Tax Effect Of Unusual Items": NaN,
        "Tax Rate For Calcs": NaN,
        "Normalized EBITDA": NaN,
        "Total Unusual Items": NaN,
        "Total Unusual Items Excluding Goodwill": NaN,
        "Net Income From Continuing Operation Net Minority Interest": NaN,
        "Reconciled Depreciation": NaN,
        "Reconciled Cost Of Revenue": NaN,
        "EBITDA": NaN,
        "EBIT": NaN,
        "Net Interest Income": NaN,
        "Interest Expense": NaN,
        "Interest Income": NaN,
        "Normalized Income": NaN,
        "Net Income From Continuing And Discontinued Operation": NaN,
        "Total Expenses": NaN,
        "Total Operating Income As Reported": NaN,
        "Diluted Average Shares": 70228888.0,
        "Basic Average Shares": 70228888.0,
        "Diluted EPS": NaN,
        "Basic EPS": NaN,
        "Diluted NI Availto Com Stockholders": NaN,
        "Net Income Common Stockholders": NaN,
        "Net Income": NaN,
        "Minority Interests": NaN,
        "Net Income Including Noncontrolling Interests": NaN,
        "Net Income Discontinuous Operations": NaN,
        "Net Income Continuous Operations": NaN,
        "Tax Provision": NaN,
        "Pretax Income": NaN,
        "Other Income Expense": NaN,
        "Other Non Operating Income Expenses": NaN,
        "Special Income Charges": NaN,
        "Gain On Sale Of Ppe": NaN,
        "Gain On Sale Of Business": NaN,
        "Write Off": NaN,
        "Impairment Of Capital Assets": NaN,
        "Gain On Sale Of Security": NaN,
        "Net Non Operating Interest Income Expense": NaN,
        "Interest Expense Non Operating": NaN,
        "Interest Income Non Operating": NaN,
        "Operating Income": NaN,
        "Operating Expense": NaN,
        "Depreciation Amortization Depletion Income Statement": NaN,
        "Depreciation And Amortization In Income Statement": NaN,
        "Amortization": NaN,
        "Amortization Of Intangibles Income Statement": NaN,
        "Depreciation Income Statement": NaN,
        "Selling General And Administration": NaN,
        "Gross Profit": NaN,
        "Cost Of Revenue": NaN,
        "Total Revenue": 945000000.0,
        "Operating Revenue": 945000000.0
    },
    "2024-12-31": {
        "Tax Effect Of Unusual Items": NaN,
        "Tax Rate For Calcs": NaN,
        "Normalized EBITDA": NaN,
        "Total Unusual Items": NaN,
        "Total Unusual Items Excluding Goodwill": NaN,
        "Net Income From Continuing Operation Net Minority Interest": NaN,
        "Reconciled Depreciation": NaN,
        "Reconciled Cost Of Revenue": NaN,
        "EBITDA": NaN,
        "EBIT": NaN,
        "Net Interest Income": NaN,
        "Interest Expense": NaN,
        "Interest Income": NaN,
        "Normalized Income": NaN,
        "Net Income From Continuing And Discontinued Operation": NaN,
        "Total Expenses": NaN,
        "Total Operating Income As Reported": NaN,
        "Diluted Average Shares": 70619362.0,
        "Basic Average Shares": 70619362.0,
        "Diluted EPS": 1.146994,
        "Basic EPS": 1.146994,
        "Diluted NI Availto Com Stockholders": NaN,
        "Net Income Common Stockholders": NaN,
        "Net Income": NaN,
        "Minority Interests": NaN,
        "Net Income Including Noncontrolling Interests": NaN,
        "Net Income Discontinuous Operations": NaN,
        "Net Income Continuous Operations": NaN,
        "Tax Provision": NaN,
        "Pretax Income": NaN,
        "Other Income Expense": NaN,
        "Other Non Operating Income Expenses": NaN,
        "Special Income Charges": NaN,
        "Gain On Sale Of Ppe": NaN,
        "Gain On Sale Of Business": NaN,
        "Write Off": NaN,
        "Impairment Of Capital Assets": NaN,
        "Gain On Sale Of Security": NaN,
        "Net Non Operating Interest Income Expense": NaN,
        "Interest Expense Non Operating": NaN,
        "Interest Income Non Operating": NaN,
        "Operating Income": NaN,
        "Operating Expense": NaN,
        "Other Operating Expenses": NaN,
        "Depreciation Amortization Depletion Income Statement": NaN,
        "Depreciation And Amortization In Income Statement": NaN,
        "Amortization": NaN,
        "Amortization Of Intangibles Income Statement": NaN,
        "Depreciation Income Statement": NaN,
        "Selling General And Administration": NaN,
        "Gross Profit": NaN,
        "Cost Of Revenue": NaN,
        "Total Revenue": 998000000.0,
        "Operating Revenue": 865000000.0
    },
    "2025-06-30": {
        "Tax Effect Of Unusual Items": 0.0,
        "Tax Rate For Calcs": 0.108504,
        "Normalized EBITDA": 800000000.0,
        "Total Unusual Items": NaN,
        "Total Unusual Items Excluding Goodwill": NaN,
        "Net Income From Continuing Operation Net Minority Interest": 608000000.0,
        "Reconciled Depreciation": NaN,
        "Reconciled Cost Of Revenue": NaN,
        "EBITDA": 800000000.0,
        "EBIT": 800000000.0,
        "Net Interest Income": NaN,
        "Interest Expense": 118000000.0,
        "Interest Income": NaN,
        "Normalized Income": 608000000.0,
        "Net Income From Continuing And Discontinued Operation": 608000000.0,
        "Total Expenses": NaN,
        "Total Operating Income As Reported": 820000000.0,
        "Diluted Average Shares": 71840000.0,
        "Basic Average Shares": 69640000.0,
        "Diluted EPS": 8.3,
        "Basic EPS": 8.56,
        "Diluted NI Availto Com Stockholders": 608000000.0,
        "Net Income Common Stockholders": 608000000.0,
        "Net Income": 608000000.0,
        "Minority Interests": NaN,
        "Net Income Including Noncontrolling Interests": 608000000.0,
        "Net Income Discontinuous Operations": NaN,
        "Net Income Continuous Operations": 608000000.0,
        "Tax Provision": 74000000.0,
        "Pretax Income": 682000000.0,
        "Other Income Expense": NaN,
        "Other Non Operating Income Expenses": NaN,
        "Special Income Charges": NaN,
        "Gain On Sale Of Ppe": -1000000.0,
        "Gain On Sale Of Business": -498000000.0,
        "Write Off": 1000000.0,
        "Impairment Of Capital Assets": 1000000.0,
        "Gain On Sale Of Security": NaN,
        "Net Non Operating Interest Income Expense": NaN,
        "Interest Expense Non Operating": 118000000.0,
        "Interest Income Non Operating": NaN,
        "Operating Income": 820000000.0,
        "Operating Expense": NaN,
        "Other Operating Expenses": NaN,
        "Depreciation Amortization Depletion Income Statement": NaN,
        "Depreciation And Amortization In Income Statement": NaN,
        "Amortization": 54000000.0,
        "Amortization Of Intangibles Income Statement": 54000000.0,
        "Depreciation Income Statement": 142000000.0,
        "Selling General And Administration": 462000000.0,
        "Gross Profit": NaN,
        "Cost Of Revenue": NaN,
        "Total Revenue": 1087000000.0,
        "Operating Revenue": 1087000000.0
    },
    "2025-03-31": {
        "Tax Effect Of Unusual Items": -2953846.153846,
        "Tax Rate For Calcs": 0.092308,
        "Normalized EBITDA": 469000000.0,
        "Total Unusual Items": -32000000.0,
        "Total Unusual Items Excluding Goodwill": -32000000.0,
        "Net Income From Continuing Operation Net Minority Interest": 99000000.0,
        "Reconciled Depreciation": 198000000.0,
        "Reconciled Cost Of Revenue": 128000000.0,
        "EBITDA": 437000000.0,
        "EBIT": 239000000.0,
        "Net Interest Income": -109000000.0,
        "Interest Expense": 109000000.0,
        "Interest Income": 10000000.0,
        "Normalized Income": 128046153.846154,
        "Net Income From Continuing And Discontinued Operation": 99000000.0,
        "Total Expenses": 785000000.0,
        "Total Operating Income As Reported": 239000000.0,
        "Diluted Average Shares": 72720000.0,
        "Basic Average Shares": 70680000.0,
        "Diluted EPS": 1.36,
        "Basic EPS": 1.4,
        "Diluted NI Availto Com Stockholders": 99000000.0,
        "Net Income Common Stockholders": 99000000.0,
        "Net Income": 99000000.0,
        "Minority Interests": -19000000.0,
        "Net Income Including Noncontrolling Interests": 118000000.0,
        "Net Income Discontinuous Operations": NaN,
        "Net Income Continuous Operations": 118000000.0,
        "Tax Provision": 12000000.0,
        "Pretax Income": 130000000.0,
        "Other Income Expense": -2000000.0,
        "Other Non Operating Income Expenses": 30000000.0,
        "Special Income Charges": -2000000.0,
        "Gain On Sale Of Ppe": 0.0,
        "Gain On Sale Of Business": NaN,
        "Write Off": 2000000.0,
        "Impairment Of Capital Assets": NaN,
        "Gain On Sale Of Security": -30000000.0,
        "Net Non Operating Interest Income Expense": -109000000.0,
        "Interest Expense Non Operating": 109000000.0,
        "Interest Income Non Operating": 10000000.0,
        "Operating Income": 241000000.0,
        "Operating Expense": 657000000.0,
        "Other Operating Expenses": NaN,
        "Depreciation Amortization Depletion Income Statement": 198000000.0,
        "Depreciation And Amortization In Income Statement": 198000000.0,
        "Amortization": 60000000.0,
        "Amortization Of Intangibles Income Statement": 60000000.0,
        "Depreciation Income Statement": 138000000.0,
        "Selling General And Administration": 459000000.0,
        "Gross Profit": 898000000.0,
        "Cost Of Revenue": 128000000.0,
        "Total Revenue": 1026000000.0,
        "Operating Revenue": 1026000000.0
    },
    "2025-09-30": {
        "Tax Effect Of Unusual Items": -30740000.0,
        "Tax Rate For Calcs": 0.29,
        "Normalized EBITDA": 360000000.0,
        "Total Unusual Items": -106000000.0,
        "Total Unusual Items Excluding Goodwill": -106000000.0,
        "Net Income From Continuing Operation Net Minority Interest": -131000000.0,
        "Reconciled Depreciation": 205000000.0,
        "Reconciled Cost Of Revenue": 133000000.0,
        "EBITDA": 254000000.0,
        "EBIT": 49000000.0,
        "Net Interest Income": -132000000.0,
        "Interest Expense": 132000000.0,
        "Interest Income": NaN,
        "Normalized Income": -55740000.0,
        "Net Income From Continuing And Discontinued Operation": -131000000.0,
        "Total Expenses": 958000000.0,
        "Total Operating Income As Reported": 59000000.0,
        "Diluted Average Shares": 71240000.0,
        "Basic Average Shares": 68760000.0,
        "Diluted EPS": -1.91,
        "Basic EPS": -1.91,
        "Diluted NI Availto Com Stockholders": -131000000.0,
        "Net Income Common Stockholders": -131000000.0,
        "Net Income": -131000000.0,
        "Minority Interests": -4000000.0,
        "Net Income Including Noncontrolling Interests": -127000000.0,
        "Net Income Discontinuous Operations": NaN,
        "Net Income Continuous Operations": -127000000.0,
        "Tax Provision": 44000000.0,
        "Pretax Income": -83000000.0,
        "Other Income Expense": -110000000.0,
        "Other Non Operating Income Expenses": -4000000.0,
        "Special Income Charges": -99000000.0,
        "Gain On Sale Of Ppe": 1000000.0,
        "Gain On Sale Of Business": -97000000.0,
        "Write Off": 3000000.0,
        "Impairment Of Capital Assets": NaN,
        "Gain On Sale Of Security": -7000000.0,
        "Net Non Operating Interest Income Expense": -132000000.0,
        "Interest Expense Non Operating": 132000000.0,
        "Interest Income Non Operating": NaN,
        "Operating Income": 157000000.0,
        "Operating Expense": 825000000.0,
        "Other Operating Expenses": -13000000.0,
        "Depreciation Amortization Depletion Income Statement": 205000000.0,
        "Depreciation And Amortization In Income Statement": 205000000.0,
        "Amortization": 55000000.0,
        "Amortization Of Intangibles Income Statement": 55000000.0,
        "Depreciation Income Statement": 150000000.0,
        "Selling General And Administration": 633000000.0,
        "Gross Profit": 982000000.0,
        "Cost Of Revenue": 133000000.0,
        "Total Revenue": 1115000000.0,
        "Operating Revenue": 1115000000.0
    }
}