{
    "2023-03-31": {
        "Tax Effect Of Unusual Items": NaN,
        "Tax Rate For Calcs": NaN,
        "Normalized EBITDA": NaN,
        "Total Unusual Items": NaN,
        "Total Unusual Items Excluding Goodwill": NaN,
        "Net Income From Continuing Operation Net Minority Interest": NaN,
        "Reconciled Depreciation": NaN,
        "EBITDA": NaN,
        "EBIT": NaN,
        "Net Interest Income": NaN,
        "Interest Expense": NaN,
        "Interest Income": NaN,
        "Normalized Income": NaN,
        "Net Income From Continuing And Discontinued Operation": NaN,
        "Total Expenses": NaN,
        "Total Operating Income As Reported": NaN,
        "Diluted Average Shares": 37667566.0,
        "Basic Average Shares": 37667566.0,
        "Diluted EPS": -0.8,
        "Basic EPS": -0.8,
        "Diluted NI Availto Com Stockholders": NaN,
        "Net Income Common Stockholders": NaN,
        "Net Income": NaN,
        "Net Income Including Noncontrolling Interests": NaN,
        "Net Income Continuous Operations": NaN,
        "Pretax Income": NaN,
        "Other Income Expense": NaN,
        "Other Non Operating Income Expenses": NaN,
        "Gain On Sale Of Security": NaN,
        "Net Non Operating Interest Income Expense": NaN,
        "Interest Expense Non Operating": NaN,
        "Interest Income Non Operating": NaN,
        "Operating Income": NaN,
        "Operating Expense": NaN,
        "Research And Development": NaN,
        "Selling General And Administration": NaN,
        "General And Administrative Expense": NaN,
        "Other Gand A": NaN,
        "Total Revenue": NaN,
        "Operating Revenue": NaN
    },
    "2022-12-31": {
        "Tax Effect Of Unusual Items": NaN,
        "Tax Rate For Calcs": NaN,
        "Normalized EBITDA": NaN,
        "Total Unusual Items": NaN,
        "Total Unusual Items Excluding Goodwill": NaN,
        "Net Income From Continuing Operation Net Minority Interest": NaN,
        "Reconciled Depreciation": NaN,
        "EBITDA": NaN,
        "EBIT": NaN,
        "Net Interest Income": NaN,
        "Interest Expense": NaN,
        "Interest Income": NaN,
        "Normalized Income": NaN,
        "Net Income From Continuing And Discontinued Operation": NaN,
        "Total Expenses": NaN,
        "Total Operating Income As Reported": NaN,
        "Diluted Average Shares": NaN,
        "Basic Average Shares": NaN,
        "Diluted EPS": NaN,
        "Basic EPS": NaN,
        "Diluted NI Availto Com Stockholders": NaN,
        "Net Income Common Stockholders": NaN,
        "Net Income": NaN,
        "Net Income Including Noncontrolling Interests": NaN,
        "Net Income Continuous Operations": NaN,
        "Pretax Income": NaN,
        "Other Income Expense": NaN,
        "Other Non Operating Income Expenses": NaN,
        "Special Income Charges": 0.0,
        "Gain On Sale Of Business": 0.0,
        "Gain On Sale Of Security": NaN,
        "Net Non Operating Interest Income Expense": NaN,
        "Interest Expense Non Operating": NaN,
        "Interest Income Non Operating": NaN,
        "Operating Income": NaN,
        "Operating Expense": NaN,
        "Research And Development": NaN,
        "Selling General And Administration": NaN,
        "General And Administrative Expense": NaN,
        "Other Gand A": NaN,
        "Total Revenue": NaN,
        "Operating Revenue": NaN
    },
    "2022-09-30": {
        "Tax Effect Of Unusual Items": NaN,
        "Tax Rate For Calcs": NaN,
        "Normalized EBITDA": NaN,
        "Total Unusual Items": NaN,
        "Total Unusual Items Excluding Goodwill": NaN,
        "Net Income From Continuing Operation Net Minority Interest": NaN,
        "Reconciled Depreciation": NaN,
        "EBITDA": NaN,
        "EBIT": NaN,
        "Net Interest Income": NaN,
        "Interest Expense": NaN,
        "Interest Income": NaN,
        "Normalized Income": NaN,
        "Net Income From Continuing And Discontinued Operation": NaN,
        "Total Expenses": NaN,
        "Total Operating Income As Reported": NaN,
        "Diluted Average Shares": 27215874.0,
        "Basic Average Shares": 27215874.0,
        "Diluted EPS": -0.91,
        "Basic EPS": -0.91,
        "Diluted NI Availto Com Stockholders": NaN,
        "Net Income Common Stockholders": NaN,
        "Net Income": NaN,
        "Net Income Including Noncontrolling Interests": NaN,
        "Net Income Continuous Operations": NaN,
        "Pretax Income": NaN,
        "Other Income Expense": NaN,
        "Other Non Operating Income Expenses": NaN,
        "Special Income Charges": 0.0,
        "Gain On Sale Of Business": 0.0,
        "Gain On Sale Of Security": NaN,
        "Net Non Operating Interest Income Expense": NaN,
        "Interest Expense Non Operating": NaN,
        "Interest Income Non Operating": NaN,
        "Operating Income": NaN,
        "Operating Expense": NaN,
        "Research And Development": NaN,
        "Selling General And Administration": NaN,
        "General And Administrative Expense": NaN,
        "Other Gand A": NaN,
        "Total Revenue": NaN,
        "Operating Revenue": NaN
    },
    "2022-06-30": {
        "Tax Effect Of Unusual Items": 0.0,
        "Tax Rate For Calcs": 0.0,
        "Normalized EBITDA": -14469000.0,
        "Total Unusual Items": -256000.0,
        "Total Unusual Items Excluding Goodwill": -256000.0,
        "Net Income From Continuing Operation Net Minority Interest": -14853000.0,
        "Reconciled Depreciation": -106000.0,
        "EBITDA": -14725000.0,
        "EBIT": -14725000.0,
        "Net Interest Income": 135000.0,
        "Interest Expense": 128000.0,
        "Interest Income": 263000.0,
        "Normalized Income": -14597000.0,
        "Net Income From Continuing And Discontinued Operation": -14853000.0,
        "Total Expenses": 15057000.0,
        "Total Operating Income As Reported": -15057000.0,
        "Diluted Average Shares": 27078450.0,
        "Basic Average Shares": 27078450.0,
        "Diluted EPS": -0.55,
        "Basic EPS": -0.55,
        "Diluted NI Availto Com Stockholders": -14853000.0,
        "Net Income Common Stockholders": -14853000.0,
        "Net Income": -14853000.0,
        "Net Income Including Noncontrolling Interests": -14853000.0,
        "Net Income Continuous Operations": -14853000.0,
        "Pretax Income": -14853000.0,
        "Other Income Expense": 69000.0,
        "Other Non Operating Income Expenses": 325000.0,
        "Special Income Charges": 0.0,
        "Gain On Sale Of Business": 0.0,
        "Gain On Sale Of Security": -256000.0,
        "Net Non Operating Interest Income Expense": 135000.0,
        "Interest Expense Non Operating": 128000.0,
        "Interest Income Non Operating": 263000.0,
        "Operating Income": -15057000.0,
        "Operating Expense": 15057000.0,
        "Research And Development": 10112000.0,
        "Selling General And Administration": 4945000.0,
        "General And Administrative Expense": 4945000.0,
        "Other Gand A": 4945000.0,
        "Total Revenue": 0.0,
        "Operating Revenue": 0.0
    },
    "2022-03-31": {
        "Diluted EPS": -0.71,
        "Total Revenue": NaN,
        "Gross Profit": NaN,
        "Operating Income": -17,
        "EBIT": -17,
        "Net Income": -17
    },
    "2021-12-31": {
        "Diluted EPS": 10.49,
        "Total Revenue": NaN,
        "Gross Profit": NaN,
        "Operating Income": -17,
        "EBIT": -17,
        "Net Income": -17
    },
    "2021-09-30": {
        "Diluted EPS": -0.36,
        "Total Revenue": NaN,
        "Gross Profit": NaN,
        "Operating Income": -7,
        "EBIT": -7,
        "Net Income": -8
    },
    "2021-06-30": {
        "Diluted EPS": -0.33,
        "Total Revenue": NaN,
        "Gross Profit": NaN,
        "Operating Income": -6,
        "EBIT": -6,
        "Net Income": -3
    },
    "2021-03-31": {
        "Diluted EPS": -12.23,
        "Total Revenue": NaN,
        "Gross Profit": NaN,
        "Operating Income": -5,
        "EBIT": -5,
        "Net Income": -5
    },
    "2020-12-31": {
        "Diluted EPS": -134.36,
        "Total Revenue": NaN,
        "Gross Profit": NaN,
        "Operating Income": -43,
        "EBIT": -43,
        "Net Income": -43
    },
    "2020-09-30": {
        "Diluted EPS": -13.68,
        "Total Revenue": NaN,
        "Gross Profit": NaN,
        "Operating Income": -4,
        "EBIT": -3,
        "Net Income": -4
    },
    "2020-06-30": {
        "Diluted EPS": -11.1,
        "Total Revenue": NaN,
        "Gross Profit": NaN,
        "Operating Income": -3,
        "EBIT": -3,
        "Net Income": -4
    },
    "2020-03-31": {
        "Diluted EPS": -7.79,
        "Total Revenue": NaN,
        "Gross Profit": NaN,
        "Operating Income": -2,
        "EBIT": -2,
        "Net Income": -2
    },
    "2019-12-31": {
        "Diluted EPS": 0.0,
        "Total Revenue": NaN,
        "Gross Profit": NaN,
        "Operating Income": NaN,
        "EBIT": NaN,
        "Net Income": NaN
    },
    "2023-06-30": {
        "Tax Effect Of Unusual Items": NaN,
        "Tax Rate For Calcs": NaN,
        "Normalized EBITDA": NaN,
        "Total Unusual Items": -28000.0,
        "Total Unusual Items Excluding Goodwill": -28000.0,
        "Net Income From Continuing Operation Net Minority Interest": NaN,
        "Reconciled Depreciation": NaN,
        "EBITDA": NaN,
        "EBIT": NaN,
        "Net Interest Income": NaN,
        "Interest Expense": NaN,
        "Interest Income": NaN,
        "Normalized Income": NaN,
        "Net Income From Continuing And Discontinued Operation": NaN,
        "Total Expenses": NaN,
        "Total Operating Income As Reported": NaN,
        "Diluted Average Shares": 44269772.0,
        "Basic Average Shares": 44269772.0,
        "Diluted EPS": -0.46,
        "Basic EPS": -0.46,
        "Diluted NI Availto Com Stockholders": NaN,
        "Net Income Common Stockholders": NaN,
        "Net Income": NaN,
        "Net Income Including Noncontrolling Interests": NaN,
        "Net Income Continuous Operations": NaN,
        "Pretax Income": NaN,
        "Other Income Expense": NaN,
        "Other Non Operating Income Expenses": NaN,
        "Gain On Sale Of Security": -28000.0,
        "Net Non Operating Interest Income Expense": NaN,
        "Interest Expense Non Operating": NaN,
        "Interest Income Non Operating": NaN,
        "Operating Income": NaN,
        "Operating Expense": NaN,
        "Research And Development": NaN,
        "Selling General And Administration": NaN,
        "General And Administrative Expense": NaN,
        "Other Gand A": NaN,
        "Total Revenue": NaN,
        "Operating Revenue": NaN
    },
    "2023-09-30": {
        "Tax Effect Of Unusual Items": NaN,
        "Tax Rate For Calcs": NaN,
        "Normalized EBITDA": NaN,
        "Total Unusual Items": -15000.0,
        "Total Unusual Items Excluding Goodwill": -15000.0,
        "Net Income From Continuing Operation Net Minority Interest": NaN,
        "Reconciled Depreciation": NaN,
        "EBITDA": NaN,
        "EBIT": NaN,
        "Net Interest Income": NaN,
        "Interest Expense": NaN,
        "Interest Income": NaN,
        "Normalized Income": NaN,
        "Net Income From Continuing And Discontinued Operation": NaN,
        "Total Expenses": NaN,
        "Total Operating Income As Reported": NaN,
        "Diluted Average Shares": 44363419.0,
        "Basic Average Shares": 44363419.0,
        "Diluted EPS": -0.45,
        "Basic EPS": -0.45,
        "Diluted NI Availto Com Stockholders": NaN,
        "Net Income Common Stockholders": NaN,
        "Net Income": NaN,
        "Net Income Including Noncontrolling Interests": NaN,
        "Net Income Continuous Operations": NaN,
        "Pretax Income": NaN,
        "Other Income Expense": NaN,
        "Other Non Operating Income Expenses": NaN,
        "Gain On Sale Of Security": -15000.0,
        "Net Non Operating Interest Income Expense": NaN,
        "Interest Expense Non Operating": NaN,
        "Interest Income Non Operating": NaN,
        "Operating Income": NaN,
        "Operating Expense": NaN,
        "Research And Development": NaN,
        "Selling General And Administration": NaN,
        "General And Administrative Expense": NaN,
        "Other Gand A": NaN,
        "Total Revenue": NaN,
        "Operating Revenue": NaN
    },
    "2023-12-31": {
        "Tax Effect Of Unusual Items": NaN,
        "Tax Rate For Calcs": NaN,
        "Normalized EBITDA": NaN,
        "Total Unusual Items": -2000.0,
        "Total Unusual Items Excluding Goodwill": -2000.0,
        "Net Income From Continuing Operation Net Minority Interest": NaN,
        "Reconciled Depreciation": NaN,
        "EBITDA": NaN,
        "EBIT": NaN,
        "Net Interest Income": NaN,
        "Interest Expense": NaN,
        "Interest Income": NaN,
        "Normalized Income": NaN,
        "Net Income From Continuing And Discontinued Operation": NaN,
        "Total Expenses": NaN,
        "Rent Expense Supplemental": NaN,
        "Total Operating Income As Reported": NaN,
        "Diluted Average Shares": NaN,
        "Basic Average Shares": NaN,
        "Diluted EPS": NaN,
        "Basic EPS": NaN,
        "Diluted NI Availto Com Stockholders": NaN,
        "Net Income Common Stockholders": NaN,
        "Net Income": NaN,
        "Net Income Including Noncontrolling Interests": NaN,
        "Net Income Continuous Operations": NaN,
        "Pretax Income": NaN,
        "Other Income Expense": NaN,
        "Other Non Operating Income Expenses": NaN,
        "Gain On Sale Of Security": -2000.0,
        "Net Non Operating Interest Income Expense": NaN,
        "Interest Expense Non Operating": NaN,
        "Interest Income Non Operating": NaN,
        "Operating Income": NaN,
        "Operating Expense": NaN,
        "Research And Development": NaN,
        "Selling General And Administration": NaN,
        "Selling And Marketing Expense": NaN,
        "General And Administrative Expense": NaN,
        "Other Gand A": NaN,
        "Rent And Landing Fees": NaN,
        "Salaries And Wages": NaN,
        "Total Revenue": NaN,
        "Operating Revenue": NaN
    },
    "2024-03-31": {
        "Tax Effect Of Unusual Items": NaN,
        "Tax Rate For Calcs": NaN,
        "Normalized EBITDA": NaN,
        "Total Unusual Items": -4000.0,
        "Total Unusual Items Excluding Goodwill": -4000.0,
        "Net Income From Continuing Operation Net Minority Interest": NaN,
        "Reconciled Depreciation": NaN,
        "EBITDA": NaN,
        "EBIT": NaN,
        "Net Interest Income": NaN,
        "Interest Expense": NaN,
        "Interest Income": NaN,
        "Normalized Income": NaN,
        "Net Income From Continuing And Discontinued Operation": NaN,
        "Total Expenses": NaN,
        "Rent Expense Supplemental": 618000.0,
        "Total Operating Income As Reported": NaN,
        "Diluted Average Shares": 50971933.0,
        "Basic Average Shares": 50971933.0,
        "Diluted EPS": -0.56,
        "Basic EPS": -0.56,
        "Diluted NI Availto Com Stockholders": NaN,
        "Net Income Common Stockholders": NaN,
        "Net Income": NaN,
        "Net Income Including Noncontrolling Interests": NaN,
        "Net Income Continuous Operations": NaN,
        "Pretax Income": NaN,
        "Other Income Expense": NaN,
        "Other Non Operating Income Expenses": NaN,
        "Gain On Sale Of Security": -4000.0,
        "Net Non Operating Interest Income Expense": NaN,
        "Interest Expense Non Operating": NaN,
        "Interest Income Non Operating": NaN,
        "Operating Income": NaN,
        "Operating Expense": NaN,
        "Research And Development": NaN,
        "Selling General And Administration": NaN,
        "Selling And Marketing Expense": 26000.0,
        "General And Administrative Expense": NaN,
        "Other Gand A": NaN,
        "Rent And Landing Fees": 618000.0,
        "Salaries And Wages": 4035000.0,
        "Total Revenue": NaN,
        "Operating Revenue": NaN
    },
    "2024-06-30": {
        "Tax Effect Of Unusual Items": 0.0,
        "Tax Rate For Calcs": 0.0,
        "Normalized EBITDA": -31781000.0,
        "Total Unusual Items": -7000.0,
        "Total Unusual Items Excluding Goodwill": -7000.0,
        "Net Income From Continuing Operation Net Minority Interest": -33708000.0,
        "Reconciled Depreciation": 15000.0,
        "EBITDA": -31781000.0,
        "EBIT": -31796000.0,
        "Net Interest Income": 3192000.0,
        "Interest Expense": 1912000.0,
        "Interest Income": 5104000.0,
        "Normalized Income": -33708000.0,
        "Net Income From Continuing And Discontinued Operation": -33708000.0,
        "Total Expenses": 37343000.0,
        "Rent Expense Supplemental": 603000.0,
        "Total Operating Income As Reported": -37343000.0,
        "Diluted Average Shares": 54728552.0,
        "Basic Average Shares": 54728552.0,
        "Diluted EPS": -0.62,
        "Basic EPS": -0.62,
        "Diluted NI Availto Com Stockholders": -33708000.0,
        "Net Income Common Stockholders": -33708000.0,
        "Net Income": -33708000.0,
        "Net Income Including Noncontrolling Interests": -33708000.0,
        "Net Income Continuous Operations": -33708000.0,
        "Pretax Income": -33708000.0,
        "Other Income Expense": 443000.0,
        "Other Non Operating Income Expenses": 443000.0,
        "Gain On Sale Of Security": -7000.0,
        "Net Non Operating Interest Income Expense": 3192000.0,
        "Interest Expense Non Operating": 1912000.0,
        "Interest Income Non Operating": 5104000.0,
        "Operating Income": -37343000.0,
        "Operating Expense": 37343000.0,
        "Research And Development": 29311000.0,
        "Selling General And Administration": 8032000.0,
        "Selling And Marketing Expense": 2000.0,
        "General And Administrative Expense": 8030000.0,
        "Other Gand A": 2967000.0,
        "Rent And Landing Fees": 603000.0,
        "Salaries And Wages": 4460000.0,
        "Total Revenue": 0.0,
        "Operating Revenue": 0.0
    },
    "2024-09-30": {
        "Tax Effect Of Unusual Items": 0.0,
        "Tax Rate For Calcs": 0.0,
        "Normalized EBITDA": -44672000.0,
        "Total Unusual Items": NaN,
        "Total Unusual Items Excluding Goodwill": NaN,
        "Net Income From Continuing Operation Net Minority Interest": -46632000.0,
        "Reconciled Depreciation": 24000.0,
        "EBITDA": -44672000.0,
        "EBIT": -44696000.0,
        "Net Interest Income": 2825000.0,
        "Interest Expense": 1936000.0,
        "Interest Income": 4761000.0,
        "Normalized Income": -46632000.0,
        "Net Income From Continuing And Discontinued Operation": -46632000.0,
        "Total Expenses": 49801000.0,
        "Rent Expense Supplemental": NaN,
        "Total Operating Income As Reported": -49801000.0,
        "Diluted Average Shares": 54898297.0,
        "Basic Average Shares": 54898297.0,
        "Diluted EPS": -0.85,
        "Basic EPS": -0.85,
        "Diluted NI Availto Com Stockholders": -46632000.0,
        "Net Income Common Stockholders": -46632000.0,
        "Net Income": -46632000.0,
        "Net Income Including Noncontrolling Interests": -46632000.0,
        "Net Income Continuous Operations": -46632000.0,
        "Pretax Income": -46632000.0,
        "Other Income Expense": 344000.0,
        "Other Non Operating Income Expenses": 344000.0,
        "Gain On Sale Of Security": NaN,
        "Net Non Operating Interest Income Expense": 2825000.0,
        "Interest Expense Non Operating": 1936000.0,
        "Interest Income Non Operating": 4761000.0,
        "Operating Income": -49801000.0,
        "Operating Expense": 49801000.0,
        "Research And Development": 40314000.0,
        "Selling General And Administration": 9487000.0,
        "Selling And Marketing Expense": NaN,
        "General And Administrative Expense": 9487000.0,
        "Other Gand A": 9487000.0,
        "Rent And Landing Fees": NaN,
        "Salaries And Wages": NaN,
        "Total Revenue": 0.0,
        "Operating Revenue": 0.0
    },
    "2024-12-31": {
        "Tax Effect Of Unusual Items": 0.0,
        "Tax Rate For Calcs": 0.0,
        "Normalized EBITDA": -41498000.0,
        "Total Unusual Items": NaN,
        "Total Unusual Items Excluding Goodwill": NaN,
        "Net Income From Continuing Operation Net Minority Interest": -43425000.0,
        "Reconciled Depreciation": 55000.0,
        "EBITDA": -41498000.0,
        "EBIT": -41553000.0,
        "Net Interest Income": 4792000.0,
        "Interest Expense": 1871000.0,
        "Interest Income": 6663000.0,
        "Normalized Income": -43425000.0,
        "Net Income From Continuing And Discontinued Operation": -43425000.0,
        "Total Expenses": 48914000.0,
        "Rent Expense Supplemental": NaN,
        "Total Operating Income As Reported": -48914000.0,
        "Diluted Average Shares": NaN,
        "Basic Average Shares": NaN,
        "Diluted EPS": NaN,
        "Basic EPS": NaN,
        "Diluted NI Availto Com Stockholders": -43425000.0,
        "Net Income Common Stockholders": -43425000.0,
        "Net Income": -43425000.0,
        "Net Income Including Noncontrolling Interests": -43425000.0,
        "Net Income Continuous Operations": -43425000.0,
        "Pretax Income": -43424000.0,
        "Other Income Expense": 698000.0,
        "Other Non Operating Income Expenses": 698000.0,
        "Gain On Sale Of Security": NaN,
        "Net Non Operating Interest Income Expense": 4792000.0,
        "Interest Expense Non Operating": 1871000.0,
        "Interest Income Non Operating": 6663000.0,
        "Operating Income": -48914000.0,
        "Operating Expense": 48914000.0,
        "Research And Development": 33347000.0,
        "Selling General And Administration": 15567000.0,
        "Selling And Marketing Expense": NaN,
        "General And Administrative Expense": 15567000.0,
        "Other Gand A": 15567000.0,
        "Rent And Landing Fees": NaN,
        "Salaries And Wages": NaN,
        "Total Revenue": 0.0,
        "Operating Revenue": 0.0
    },
    "2025-03-31": {
        "Tax Effect Of Unusual Items": 0.0,
        "Tax Rate For Calcs": 0.0,
        "Normalized EBITDA": -49817000.0,
        "Total Unusual Items": NaN,
        "Total Unusual Items Excluding Goodwill": NaN,
        "Net Income From Continuing Operation Net Minority Interest": -51694000.0,
        "Reconciled Depreciation": 85000.0,
        "EBITDA": -49817000.0,
        "EBIT": -49902000.0,
        "Net Interest Income": 5114000.0,
        "Interest Expense": 1792000.0,
        "Interest Income": 6906000.0,
        "Normalized Income": -51694000.0,
        "Net Income From Continuing And Discontinued Operation": -51694000.0,
        "Total Expenses": 57194000.0,
        "Rent Expense Supplemental": 779000.0,
        "Total Operating Income As Reported": -57194000.0,
        "Diluted Average Shares": 63671558.0,
        "Basic Average Shares": 63671558.0,
        "Diluted EPS": -0.81,
        "Basic EPS": -0.81,
        "Diluted NI Availto Com Stockholders": -51694000.0,
        "Net Income Common Stockholders": -51694000.0,
        "Net Income": -51694000.0,
        "Net Income Including Noncontrolling Interests": -51694000.0,
        "Net Income Continuous Operations": -51694000.0,
        "Pretax Income": -51694000.0,
        "Other Income Expense": 386000.0,
        "Other Non Operating Income Expenses": 386000.0,
        "Gain On Sale Of Security": NaN,
        "Net Non Operating Interest Income Expense": 5114000.0,
        "Interest Expense Non Operating": 1792000.0,
        "Interest Income Non Operating": 6906000.0,
        "Operating Income": -57194000.0,
        "Operating Expense": 57194000.0,
        "Research And Development": 41278000.0,
        "Selling General And Administration": 15916000.0,
        "Selling And Marketing Expense": 1336000.0,
        "General And Administrative Expense": 14580000.0,
        "Other Gand A": 5416000.0,
        "Rent And Landing Fees": 779000.0,
        "Salaries And Wages": 8385000.0,
        "Total Revenue": 0.0,
        "Operating Revenue": 0.0
    },
    "2025-06-30": {
        "Tax Effect Of Unusual Items": 0.0,
        "Tax Rate For Calcs": 0.0,
        "Normalized EBITDA": -74538000.0,
        "Total Unusual Items": NaN,
        "Total Unusual Items Excluding Goodwill": NaN,
        "Net Income From Continuing Operation Net Minority Interest": -76531000.0,
        "Reconciled Depreciation": 119000.0,
        "EBITDA": -74538000.0,
        "EBIT": -74657000.0,
        "Net Interest Income": 4446000.0,
        "Interest Expense": 1874000.0,
        "Interest Income": 6320000.0,
        "Normalized Income": -76531000.0,
        "Net Income From Continuing And Discontinued Operation": -76531000.0,
        "Total Expenses": 80141000.0,
        "Rent Expense Supplemental": 868000.0,
        "Total Operating Income As Reported": -80141000.0,
        "Diluted Average Shares": 63789303.0,
        "Basic Average Shares": 63789303.0,
        "Diluted EPS": -1.2,
        "Basic EPS": -1.2,
        "Diluted NI Availto Com Stockholders": -76531000.0,
        "Net Income Common Stockholders": -76531000.0,
        "Net Income": -76531000.0,
        "Net Income Including Noncontrolling Interests": -76531000.0,
        "Net Income Continuous Operations": -76531000.0,
        "Pretax Income": -76531000.0,
        "Other Income Expense": -836000.0,
        "Other Non Operating Income Expenses": -836000.0,
        "Gain On Sale Of Security": NaN,
        "Net Non Operating Interest Income Expense": 4446000.0,
        "Interest Expense Non Operating": 1874000.0,
        "Interest Income Non Operating": 6320000.0,
        "Operating Income": -80141000.0,
        "Operating Expense": 80141000.0,
        "Research And Development": 58195000.0,
        "Selling General And Administration": 21946000.0,
        "Selling And Marketing Expense": 3811000.0,
        "General And Administrative Expense": 18135000.0,
        "Other Gand A": 6265000.0,
        "Rent And Landing Fees": 868000.0,
        "Salaries And Wages": 11002000.0,
        "Total Revenue": 0.0,
        "Operating Revenue": 0.0
    }
}