{
    "2023-03-31": {
        "Tax Effect Of Unusual Items": NaN,
        "Tax Rate For Calcs": NaN,
        "Normalized EBITDA": NaN,
        "Total Unusual Items": NaN,
        "Total Unusual Items Excluding Goodwill": NaN,
        "Net Income From Continuing Operation Net Minority Interest": NaN,
        "Reconciled Depreciation": NaN,
        "Reconciled Cost Of Revenue": NaN,
        "EBITDA": NaN,
        "EBIT": NaN,
        "Net Interest Income": NaN,
        "Interest Expense": NaN,
        "Interest Income": NaN,
        "Normalized Income": NaN,
        "Net Income From Continuing And Discontinued Operation": NaN,
        "Total Expenses": NaN,
        "Total Operating Income As Reported": NaN,
        "Diluted Average Shares": NaN,
        "Basic Average Shares": NaN,
        "Diluted EPS": NaN,
        "Basic EPS": NaN,
        "Diluted NI Availto Com Stockholders": NaN,
        "Net Income Common Stockholders": NaN,
        "Net Income": NaN,
        "Net Income Including Noncontrolling Interests": NaN,
        "Net Income Discontinuous Operations": 0.0,
        "Net Income Continuous Operations": NaN,
        "Tax Provision": NaN,
        "Pretax Income": NaN,
        "Other Income Expense": NaN,
        "Other Non Operating Income Expenses": NaN,
        "Special Income Charges": NaN,
        "Impairment Of Capital Assets": NaN,
        "Net Non Operating Interest Income Expense": NaN,
        "Interest Expense Non Operating": NaN,
        "Interest Income Non Operating": NaN,
        "Operating Income": NaN,
        "Operating Expense": NaN,
        "Selling General And Administration": NaN,
        "Gross Profit": NaN,
        "Cost Of Revenue": NaN,
        "Total Revenue": NaN,
        "Operating Revenue": NaN
    },
    "2022-12-31": {
        "Tax Effect Of Unusual Items": NaN,
        "Tax Rate For Calcs": NaN,
        "Normalized EBITDA": NaN,
        "Total Unusual Items": NaN,
        "Total Unusual Items Excluding Goodwill": NaN,
        "Net Income From Continuing Operation Net Minority Interest": NaN,
        "Reconciled Depreciation": NaN,
        "Reconciled Cost Of Revenue": NaN,
        "EBITDA": NaN,
        "EBIT": NaN,
        "Net Interest Income": NaN,
        "Interest Expense": NaN,
        "Interest Income": NaN,
        "Normalized Income": NaN,
        "Net Income From Continuing And Discontinued Operation": NaN,
        "Total Expenses": NaN,
        "Total Operating Income As Reported": NaN,
        "Diluted Average Shares": NaN,
        "Basic Average Shares": NaN,
        "Diluted EPS": NaN,
        "Basic EPS": NaN,
        "Diluted NI Availto Com Stockholders": NaN,
        "Net Income Common Stockholders": NaN,
        "Net Income": NaN,
        "Net Income Including Noncontrolling Interests": NaN,
        "Net Income Discontinuous Operations": 0.0,
        "Net Income Continuous Operations": NaN,
        "Tax Provision": NaN,
        "Pretax Income": NaN,
        "Other Income Expense": NaN,
        "Other Non Operating Income Expenses": NaN,
        "Special Income Charges": NaN,
        "Impairment Of Capital Assets": NaN,
        "Net Non Operating Interest Income Expense": NaN,
        "Interest Expense Non Operating": NaN,
        "Interest Income Non Operating": NaN,
        "Operating Income": NaN,
        "Operating Expense": NaN,
        "Selling General And Administration": NaN,
        "Gross Profit": NaN,
        "Cost Of Revenue": NaN,
        "Total Revenue": NaN,
        "Operating Revenue": NaN
    },
    "2022-09-30": {
        "Tax Effect Of Unusual Items": NaN,
        "Tax Rate For Calcs": NaN,
        "Normalized EBITDA": NaN,
        "Total Unusual Items": NaN,
        "Total Unusual Items Excluding Goodwill": NaN,
        "Net Income From Continuing Operation Net Minority Interest": NaN,
        "Reconciled Depreciation": NaN,
        "Reconciled Cost Of Revenue": NaN,
        "EBITDA": NaN,
        "EBIT": NaN,
        "Net Interest Income": NaN,
        "Interest Expense": NaN,
        "Interest Income": NaN,
        "Normalized Income": NaN,
        "Net Income From Continuing And Discontinued Operation": NaN,
        "Total Expenses": NaN,
        "Total Operating Income As Reported": NaN,
        "Diluted Average Shares": NaN,
        "Basic Average Shares": NaN,
        "Diluted EPS": NaN,
        "Basic EPS": NaN,
        "Diluted NI Availto Com Stockholders": NaN,
        "Net Income Common Stockholders": NaN,
        "Net Income": NaN,
        "Net Income Including Noncontrolling Interests": NaN,
        "Net Income Discontinuous Operations": 0.0,
        "Net Income Continuous Operations": NaN,
        "Tax Provision": NaN,
        "Pretax Income": NaN,
        "Other Income Expense": NaN,
        "Other Non Operating Income Expenses": NaN,
        "Special Income Charges": NaN,
        "Impairment Of Capital Assets": NaN,
        "Net Non Operating Interest Income Expense": NaN,
        "Interest Expense Non Operating": NaN,
        "Interest Income Non Operating": NaN,
        "Operating Income": NaN,
        "Operating Expense": NaN,
        "Selling General And Administration": NaN,
        "Gross Profit": NaN,
        "Cost Of Revenue": NaN,
        "Total Revenue": NaN,
        "Operating Revenue": NaN
    },
    "2022-06-30": {
        "Tax Effect Of Unusual Items": 0.0,
        "Tax Rate For Calcs": 0.10627,
        "Normalized EBITDA": 130116000.0,
        "Total Unusual Items": NaN,
        "Total Unusual Items Excluding Goodwill": NaN,
        "Net Income From Continuing Operation Net Minority Interest": -55960000.0,
        "Reconciled Depreciation": 66754000.0,
        "Reconciled Cost Of Revenue": 1042982000.0,
        "EBITDA": 130116000.0,
        "EBIT": 63362000.0,
        "Net Interest Income": -31262000.0,
        "Interest Expense": 32545000.0,
        "Interest Income": 1283000.0,
        "Normalized Income": -55960000.0,
        "Net Income From Continuing And Discontinued Operation": -55960000.0,
        "Total Expenses": 2198233000.0,
        "Total Operating Income As Reported": 63362000.0,
        "Diluted Average Shares": 387563000.0,
        "Basic Average Shares": 387563000.0,
        "Diluted EPS": -0.14,
        "Basic EPS": -0.14,
        "Diluted NI Availto Com Stockholders": -55960000.0,
        "Net Income Common Stockholders": -55960000.0,
        "Net Income": -55960000.0,
        "Net Income Including Noncontrolling Interests": -55960000.0,
        "Net Income Discontinuous Operations": 0.0,
        "Net Income Continuous Operations": -55960000.0,
        "Tax Provision": -6654000.0,
        "Pretax Income": -62614000.0,
        "Other Income Expense": -94714000.0,
        "Other Non Operating Income Expenses": -94714000.0,
        "Special Income Charges": NaN,
        "Impairment Of Capital Assets": NaN,
        "Net Non Operating Interest Income Expense": -31262000.0,
        "Total Other Finance Cost": 31262000.0,
        "Interest Expense Non Operating": 32545000.0,
        "Interest Income Non Operating": 1283000.0,
        "Operating Income": 63362000.0,
        "Operating Expense": 1155251000.0,
        "Selling General And Administration": 1155251000.0,
        "Gross Profit": 1218613000.0,
        "Cost Of Revenue": 1042982000.0,
        "Total Revenue": 2261595000.0,
        "Operating Revenue": 2261595000.0
    },
    "2023-06-30": {
        "Tax Effect Of Unusual Items": NaN,
        "Tax Rate For Calcs": NaN,
        "Normalized EBITDA": NaN,
        "Total Unusual Items": NaN,
        "Total Unusual Items Excluding Goodwill": NaN,
        "Net Income From Continuing Operation Net Minority Interest": NaN,
        "Reconciled Depreciation": NaN,
        "Reconciled Cost Of Revenue": NaN,
        "EBITDA": NaN,
        "EBIT": NaN,
        "Net Interest Income": NaN,
        "Interest Expense": NaN,
        "Interest Income": NaN,
        "Normalized Income": NaN,
        "Net Income From Continuing And Discontinued Operation": NaN,
        "Total Expenses": NaN,
        "Total Operating Income As Reported": NaN,
        "Diluted Average Shares": NaN,
        "Basic Average Shares": NaN,
        "Diluted EPS": NaN,
        "Basic EPS": NaN,
        "Diluted NI Availto Com Stockholders": NaN,
        "Net Income Common Stockholders": NaN,
        "Net Income": NaN,
        "Net Income Including Noncontrolling Interests": NaN,
        "Net Income Discontinuous Operations": NaN,
        "Net Income Continuous Operations": NaN,
        "Tax Provision": NaN,
        "Pretax Income": NaN,
        "Other Income Expense": NaN,
        "Other Non Operating Income Expenses": NaN,
        "Special Income Charges": NaN,
        "Impairment Of Capital Assets": 0.0,
        "Net Non Operating Interest Income Expense": NaN,
        "Interest Expense Non Operating": NaN,
        "Interest Income Non Operating": NaN,
        "Operating Income": NaN,
        "Operating Expense": NaN,
        "Selling General And Administration": NaN,
        "Gross Profit": NaN,
        "Cost Of Revenue": NaN,
        "Total Revenue": NaN,
        "Operating Revenue": NaN
    },
    "2022-03-31": {
        "Diluted EPS": 0.21,
        "Total Revenue": NaN,
        "Gross Profit": NaN,
        "Operating Income": 192,
        "EBIT": 360,
        "Net Income": 81
    },
    "2021-12-31": {
        "Diluted EPS": 1.32,
        "Total Revenue": NaN,
        "Gross Profit": NaN,
        "Operating Income": 678,
        "EBIT": 844,
        "Net Income": 518
    },
    "2021-09-30": {
        "Diluted EPS": 1.18,
        "Total Revenue": NaN,
        "Gross Profit": NaN,
        "Operating Income": 558,
        "EBIT": 729,
        "Net Income": 464
    },
    "2021-06-30": {
        "Diluted EPS": 0.82,
        "Total Revenue": NaN,
        "Gross Profit": NaN,
        "Operating Income": 203,
        "EBIT": 376,
        "Net Income": 324
    },
    "2021-03-31": {
        "Diluted EPS": 0.23,
        "Total Revenue": NaN,
        "Gross Profit": NaN,
        "Operating Income": 122,
        "EBIT": 325,
        "Net Income": 90
    },
    "2020-12-31": {
        "Diluted EPS": 0.88,
        "Total Revenue": NaN,
        "Gross Profit": NaN,
        "Operating Income": 412,
        "EBIT": 582,
        "Net Income": 347
    },
    "2020-09-30": {
        "Diluted EPS": 0.66,
        "Total Revenue": NaN,
        "Gross Profit": NaN,
        "Operating Income": 320,
        "EBIT": 500,
        "Net Income": 257
    },
    "2020-06-30": {
        "Diluted EPS": -0.73,
        "Total Revenue": NaN,
        "Gross Profit": 569,
        "Operating Income": -247,
        "EBIT": -82,
        "Net Income": -286
    },
    "2020-03-31": {
        "Diluted EPS": -1.19,
        "Total Revenue": NaN,
        "Gross Profit": NaN,
        "Operating Income": -257,
        "EBIT": 250,
        "Net Income": -484
    },
    "2019-12-31": {
        "Diluted EPS": 1.16,
        "Total Revenue": NaN,
        "Gross Profit": NaN,
        "Operating Income": 540,
        "EBIT": 706,
        "Net Income": 465
    },
    "2019-09-30": {
        "Diluted EPS": 1.61,
        "Total Revenue": NaN,
        "Gross Profit": NaN,
        "Operating Income": 549,
        "EBIT": 706,
        "Net Income": 649
    },
    "2019-06-30": {
        "Diluted EPS": 0.12,
        "Total Revenue": NaN,
        "Gross Profit": NaN,
        "Operating Income": 96,
        "EBIT": 250,
        "Net Income": 49
    },
    "2019-03-31": {
        "Diluted EPS": 0.33,
        "Total Revenue": NaN,
        "Gross Profit": NaN,
        "Operating Income": 11,
        "EBIT": 75,
        "Net Income": 129
    },
    "2018-12-31": {
        "Diluted EPS": 1.16,
        "Total Revenue": NaN,
        "Gross Profit": NaN,
        "Operating Income": 521,
        "EBIT": 584,
        "Net Income": 464
    },
    "2018-09-30": {
        "Diluted EPS": 1.26,
        "Total Revenue": NaN,
        "Gross Profit": NaN,
        "Operating Income": 545,
        "EBIT": 621,
        "Net Income": 507
    },
    "2018-06-30": {
        "Diluted EPS": 0.4,
        "Total Revenue": NaN,
        "Gross Profit": NaN,
        "Operating Income": 113,
        "EBIT": 166,
        "Net Income": 160
    },
    "2018-03-31": {
        "Diluted EPS": 0.0,
        "Total Revenue": NaN,
        "Gross Profit": NaN,
        "Operating Income": NaN,
        "EBIT": NaN,
        "Net Income": NaN
    },
    "2017-12-31": {
        "Diluted EPS": 0.0,
        "Total Revenue": NaN,
        "Gross Profit": NaN,
        "Operating Income": NaN,
        "EBIT": NaN,
        "Net Income": NaN
    },
    "2017-09-30": {
        "Diluted EPS": 0.97,
        "Total Revenue": NaN,
        "Gross Profit": NaN,
        "Operating Income": 576,
        "EBIT": 756,
        "Net Income": 386
    },
    "2017-06-30": {
        "Diluted EPS": 0.27,
        "Total Revenue": NaN,
        "Gross Profit": NaN,
        "Operating Income": 160,
        "EBIT": 225,
        "Net Income": 110
    },
    "2017-03-31": {
        "Diluted EPS": 0.5,
        "Total Revenue": NaN,
        "Gross Profit": NaN,
        "Operating Income": NaN,
        "EBIT": NaN,
        "Net Income": 209
    },
    "2016-12-31": {
        "Diluted EPS": 0.0,
        "Total Revenue": NaN,
        "Gross Profit": NaN,
        "Operating Income": NaN,
        "EBIT": NaN,
        "Net Income": NaN
    },
    "2016-09-30": {
        "Diluted EPS": 1.19,
        "Total Revenue": NaN,
        "Gross Profit": NaN,
        "Operating Income": 608,
        "EBIT": 676,
        "Net Income": 498
    },
    "2016-06-30": {
        "Diluted EPS": 0.12,
        "Total Revenue": NaN,
        "Gross Profit": NaN,
        "Operating Income": 194,
        "EBIT": 332,
        "Net Income": 51
    },
    "2016-03-31": {
        "Diluted EPS": 0.61,
        "Total Revenue": NaN,
        "Gross Profit": NaN,
        "Operating Income": NaN,
        "EBIT": NaN,
        "Net Income": 260
    },
    "2015-12-31": {
        "Diluted EPS": 0.0,
        "Total Revenue": NaN,
        "Gross Profit": NaN,
        "Operating Income": NaN,
        "EBIT": NaN,
        "Net Income": NaN
    },
    "2015-09-30": {
        "Diluted EPS": 1.07,
        "Total Revenue": NaN,
        "Gross Profit": NaN,
        "Operating Income": 640,
        "EBIT": 709,
        "Net Income": 460
    },
    "2015-06-30": {
        "Diluted EPS": 0.4,
        "Total Revenue": NaN,
        "Gross Profit": NaN,
        "Operating Income": 219,
        "EBIT": 348,
        "Net Income": 171
    },
    "2015-03-31": {
        "Diluted EPS": 0.67,
        "Total Revenue": NaN,
        "Gross Profit": NaN,
        "Operating Income": NaN,
        "EBIT": NaN,
        "Net Income": 289
    },
    "2014-12-31": {
        "Diluted EPS": 0.0,
        "Total Revenue": NaN,
        "Gross Profit": NaN,
        "Operating Income": NaN,
        "EBIT": NaN,
        "Net Income": NaN
    },
    "2014-09-30": {
        "Diluted EPS": 1.08,
        "Total Revenue": NaN,
        "Gross Profit": NaN,
        "Operating Income": 633,
        "EBIT": 702,
        "Net Income": 471
    },
    "2014-06-30": {
        "Diluted EPS": 0.36,
        "Total Revenue": NaN,
        "Gross Profit": NaN,
        "Operating Income": 220,
        "EBIT": 351,
        "Net Income": 158
    },
    "2014-03-31": {
        "Diluted EPS": 0.67,
        "Total Revenue": NaN,
        "Gross Profit": NaN,
        "Operating Income": NaN,
        "EBIT": NaN,
        "Net Income": 297
    },
    "2013-12-31": {
        "Diluted EPS": 0.0,
        "Total Revenue": NaN,
        "Gross Profit": NaN,
        "Operating Income": NaN,
        "EBIT": NaN,
        "Net Income": NaN
    },
    "2013-09-30": {
        "Diluted EPS": 0.97,
        "Total Revenue": NaN,
        "Gross Profit": NaN,
        "Operating Income": 580,
        "EBIT": 644,
        "Net Income": 434
    },
    "2013-06-30": {
        "Diluted EPS": 0.31,
        "Total Revenue": NaN,
        "Gross Profit": NaN,
        "Operating Income": 201,
        "EBIT": 318,
        "Net Income": 138
    },
    "2013-03-31": {
        "Diluted EPS": 0.6,
        "Total Revenue": NaN,
        "Gross Profit": NaN,
        "Operating Income": NaN,
        "EBIT": NaN,
        "Net Income": 270
    },
    "2012-12-31": {
        "Diluted EPS": 0.0,
        "Total Revenue": NaN,
        "Gross Profit": NaN,
        "Operating Income": NaN,
        "EBIT": NaN,
        "Net Income": NaN
    },
    "2012-09-30": {
        "Diluted EPS": 0.86,
        "Total Revenue": NaN,
        "Gross Profit": NaN,
        "Operating Income": 537,
        "EBIT": 593,
        "Net Income": 381
    },
    "2012-06-30": {
        "Diluted EPS": 0.35,
        "Total Revenue": NaN,
        "Gross Profit": 986,
        "Operating Income": 164,
        "EBIT": 275,
        "Net Income": 155
    },
    "2012-03-31": {
        "Diluted EPS": 0.48,
        "Total Revenue": NaN,
        "Gross Profit": NaN,
        "Operating Income": NaN,
        "EBIT": NaN,
        "Net Income": 215
    },
    "2011-12-31": {
        "Diluted EPS": 0.0,
        "Total Revenue": NaN,
        "Gross Profit": NaN,
        "Operating Income": NaN,
        "EBIT": NaN,
        "Net Income": NaN
    },
    "2011-09-30": {
        "Diluted EPS": 0.67,
        "Total Revenue": NaN,
        "Gross Profit": NaN,
        "Operating Income": 430,
        "EBIT": 474,
        "Net Income": 301
    },
    "2011-06-30": {
        "Diluted EPS": 0.29,
        "Total Revenue": NaN,
        "Gross Profit": 846,
        "Operating Income": 189,
        "EBIT": 276,
        "Net Income": 129
    },
    "2011-03-31": {
        "Diluted EPS": 0.46,
        "Total Revenue": NaN,
        "Gross Profit": 925,
        "Operating Income": NaN,
        "EBIT": NaN,
        "Net Income": 201
    },
    "2010-12-31": {
        "Diluted EPS": 0.0,
        "Total Revenue": NaN,
        "Gross Profit": NaN,
        "Operating Income": NaN,
        "EBIT": NaN,
        "Net Income": NaN
    },
    "2010-09-30": {
        "Diluted EPS": 0.56,
        "Total Revenue": NaN,
        "Gross Profit": NaN,
        "Operating Income": 355,
        "EBIT": 398,
        "Net Income": 243
    },
    "2010-06-30": {
        "Diluted EPS": 0.25,
        "Total Revenue": NaN,
        "Gross Profit": 752,
        "Operating Income": 170,
        "EBIT": 249,
        "Net Income": 111
    },
    "2010-03-31": {
        "Diluted EPS": 0.37,
        "Total Revenue": NaN,
        "Gross Profit": 818,
        "Operating Income": NaN,
        "EBIT": NaN,
        "Net Income": 164
    },
    "2009-12-31": {
        "Diluted EPS": 0.0,
        "Total Revenue": NaN,
        "Gross Profit": NaN,
        "Operating Income": NaN,
        "EBIT": NaN,
        "Net Income": NaN
    },
    "2009-09-30": {
        "Diluted EPS": 0.49,
        "Total Revenue": NaN,
        "Gross Profit": 928,
        "Operating Income": 318,
        "EBIT": 360,
        "Net Income": 218
    },
    "2009-06-30": {
        "Diluted EPS": 0.17,
        "Total Revenue": NaN,
        "Gross Profit": 652,
        "Operating Income": 120,
        "EBIT": 199,
        "Net Income": 76
    },
    "2009-03-31": {
        "Diluted EPS": 0.23,
        "Total Revenue": NaN,
        "Gross Profit": 729,
        "Operating Income": NaN,
        "EBIT": NaN,
        "Net Income": 101
    },
    "2023-09-30": {
        "Tax Effect Of Unusual Items": NaN,
        "Tax Rate For Calcs": NaN,
        "Normalized EBITDA": NaN,
        "Total Unusual Items": NaN,
        "Total Unusual Items Excluding Goodwill": NaN,
        "Net Income From Continuing Operation Net Minority Interest": NaN,
        "Reconciled Depreciation": NaN,
        "Reconciled Cost Of Revenue": NaN,
        "EBITDA": NaN,
        "EBIT": NaN,
        "Net Interest Income": NaN,
        "Interest Expense": NaN,
        "Interest Income": NaN,
        "Normalized Income": NaN,
        "Net Income From Continuing And Discontinued Operation": NaN,
        "Total Expenses": NaN,
        "Total Operating Income As Reported": NaN,
        "Diluted Average Shares": NaN,
        "Basic Average Shares": NaN,
        "Diluted EPS": NaN,
        "Basic EPS": NaN,
        "Diluted NI Availto Com Stockholders": NaN,
        "Net Income Common Stockholders": NaN,
        "Net Income": NaN,
        "Net Income Including Noncontrolling Interests": NaN,
        "Net Income Discontinuous Operations": 945000.0,
        "Net Income Continuous Operations": NaN,
        "Tax Provision": NaN,
        "Pretax Income": NaN,
        "Other Income Expense": NaN,
        "Other Non Operating Income Expenses": NaN,
        "Special Income Charges": NaN,
        "Impairment Of Capital Assets": 0.0,
        "Net Non Operating Interest Income Expense": NaN,
        "Interest Expense Non Operating": NaN,
        "Interest Income Non Operating": NaN,
        "Operating Income": NaN,
        "Operating Expense": NaN,
        "Selling General And Administration": NaN,
        "Gross Profit": NaN,
        "Cost Of Revenue": NaN,
        "Total Revenue": NaN,
        "Operating Revenue": NaN
    },
    "2023-12-31": {
        "Tax Effect Of Unusual Items": NaN,
        "Tax Rate For Calcs": NaN,
        "Normalized EBITDA": NaN,
        "Total Unusual Items": -257096000.0,
        "Total Unusual Items Excluding Goodwill": -257096000.0,
        "Net Income From Continuing Operation Net Minority Interest": NaN,
        "Reconciled Depreciation": NaN,
        "Reconciled Cost Of Revenue": NaN,
        "EBITDA": NaN,
        "EBIT": NaN,
        "Net Interest Income": NaN,
        "Interest Expense": NaN,
        "Interest Income": NaN,
        "Normalized Income": NaN,
        "Net Income From Continuing And Discontinued Operation": NaN,
        "Total Expenses": NaN,
        "Total Operating Income As Reported": NaN,
        "Diluted Average Shares": NaN,
        "Basic Average Shares": NaN,
        "Diluted EPS": NaN,
        "Basic EPS": NaN,
        "Diluted NI Availto Com Stockholders": NaN,
        "Net Income Common Stockholders": NaN,
        "Net Income": NaN,
        "Net Income Including Noncontrolling Interests": NaN,
        "Net Income Discontinuous Operations": NaN,
        "Net Income Continuous Operations": NaN,
        "Tax Provision": NaN,
        "Pretax Income": NaN,
        "Other Income Expense": NaN,
        "Other Non Operating Income Expenses": NaN,
        "Special Income Charges": -257096000.0,
        "Impairment Of Capital Assets": 257096000.0,
        "Net Non Operating Interest Income Expense": NaN,
        "Interest Expense Non Operating": NaN,
        "Interest Income Non Operating": NaN,
        "Operating Income": NaN,
        "Operating Expense": NaN,
        "Selling General And Administration": NaN,
        "Gross Profit": NaN,
        "Cost Of Revenue": NaN,
        "Total Revenue": NaN,
        "Operating Revenue": NaN
    },
    "2024-03-31": {
        "Tax Effect Of Unusual Items": NaN,
        "Tax Rate For Calcs": NaN,
        "Normalized EBITDA": NaN,
        "Total Unusual Items": -250470000.0,
        "Total Unusual Items Excluding Goodwill": -250470000.0,
        "Net Income From Continuing Operation Net Minority Interest": NaN,
        "Reconciled Depreciation": NaN,
        "Reconciled Cost Of Revenue": NaN,
        "EBITDA": NaN,
        "EBIT": NaN,
        "Net Interest Income": NaN,
        "Interest Expense": NaN,
        "Interest Income": NaN,
        "Normalized Income": NaN,
        "Net Income From Continuing And Discontinued Operation": NaN,
        "Total Expenses": NaN,
        "Total Operating Income As Reported": NaN,
        "Diluted Average Shares": NaN,
        "Basic Average Shares": NaN,
        "Diluted EPS": NaN,
        "Basic EPS": NaN,
        "Diluted NI Availto Com Stockholders": NaN,
        "Net Income Common Stockholders": NaN,
        "Net Income": NaN,
        "Net Income Including Noncontrolling Interests": NaN,
        "Net Income Discontinuous Operations": NaN,
        "Net Income Continuous Operations": NaN,
        "Tax Provision": NaN,
        "Pretax Income": NaN,
        "Other Income Expense": NaN,
        "Other Non Operating Income Expenses": NaN,
        "Special Income Charges": -250470000.0,
        "Impairment Of Capital Assets": 250470000.0,
        "Net Non Operating Interest Income Expense": NaN,
        "Interest Expense Non Operating": NaN,
        "Interest Income Non Operating": NaN,
        "Operating Income": NaN,
        "Operating Expense": NaN,
        "Selling General And Administration": NaN,
        "Gross Profit": NaN,
        "Cost Of Revenue": NaN,
        "Total Revenue": NaN,
        "Operating Revenue": NaN
    },
    "2024-06-30": {
        "Tax Effect Of Unusual Items": NaN,
        "Tax Rate For Calcs": NaN,
        "Normalized EBITDA": NaN,
        "Total Unusual Items": -145000000.0,
        "Total Unusual Items Excluding Goodwill": -145000000.0,
        "Net Income From Continuing Operation Net Minority Interest": NaN,
        "Reconciled Depreciation": NaN,
        "Reconciled Cost Of Revenue": NaN,
        "EBITDA": NaN,
        "EBIT": NaN,
        "Net Interest Income": NaN,
        "Interest Expense": NaN,
        "Interest Income": NaN,
        "Normalized Income": NaN,
        "Net Income From Continuing And Discontinued Operation": NaN,
        "Total Expenses": NaN,
        "Total Operating Income As Reported": NaN,
        "Diluted Average Shares": NaN,
        "Basic Average Shares": NaN,
        "Diluted EPS": NaN,
        "Basic EPS": NaN,
        "Diluted NI Availto Com Stockholders": NaN,
        "Net Income Common Stockholders": NaN,
        "Net Income": NaN,
        "Net Income Including Noncontrolling Interests": NaN,
        "Net Income Discontinuous Operations": NaN,
        "Net Income Continuous Operations": NaN,
        "Tax Provision": NaN,
        "Pretax Income": NaN,
        "Other Income Expense": NaN,
        "Other Non Operating Income Expenses": NaN,
        "Special Income Charges": -145000000.0,
        "Impairment Of Capital Assets": 145000000.0,
        "Net Non Operating Interest Income Expense": NaN,
        "Interest Expense Non Operating": NaN,
        "Interest Income Non Operating": NaN,
        "Operating Income": NaN,
        "Operating Expense": NaN,
        "Selling General And Administration": NaN,
        "Gross Profit": NaN,
        "Cost Of Revenue": NaN,
        "Total Revenue": NaN,
        "Operating Revenue": NaN
    },
    "2024-09-30": {
        "Tax Effect Of Unusual Items": 0.0,
        "Tax Rate For Calcs": 0.121646,
        "Normalized EBITDA": 338692000.0,
        "Total Unusual Items": NaN,
        "Total Unusual Items Excluding Goodwill": NaN,
        "Net Income From Continuing Operation Net Minority Interest": 202509000.0,
        "Reconciled Depreciation": 61771000.0,
        "Reconciled Cost Of Revenue": 1317391000.0,
        "EBITDA": 338692000.0,
        "EBIT": 276921000.0,
        "Net Interest Income": -42688000.0,
        "Interest Expense": 46366000.0,
        "Interest Income": 3678000.0,
        "Normalized Income": 202509000.0,
        "Net Income From Continuing And Discontinued Operation": 52178000.0,
        "Total Expenses": 2484045000.0,
        "Total Operating Income As Reported": 273903000.0,
        "Diluted Average Shares": 390945000.0,
        "Basic Average Shares": 389044000.0,
        "Diluted EPS": 0.13,
        "Basic EPS": 0.13,
        "Diluted NI Availto Com Stockholders": 52178000.0,
        "Net Income Common Stockholders": 52178000.0,
        "Net Income": 52178000.0,
        "Net Income Including Noncontrolling Interests": 52178000.0,
        "Net Income Discontinuous Operations": -150331000.0,
        "Net Income Continuous Operations": 202509000.0,
        "Tax Provision": 28046000.0,
        "Pretax Income": 230555000.0,
        "Other Income Expense": -660000.0,
        "Other Non Operating Income Expenses": -660000.0,
        "Special Income Charges": NaN,
        "Impairment Of Capital Assets": NaN,
        "Net Non Operating Interest Income Expense": -42688000.0,
        "Interest Expense Non Operating": 46366000.0,
        "Interest Income Non Operating": 3678000.0,
        "Operating Income": 273903000.0,
        "Operating Expense": 1166654000.0,
        "Selling General And Administration": 1166654000.0,
        "Gross Profit": 1440557000.0,
        "Cost Of Revenue": 1317391000.0,
        "Total Revenue": 2757948000.0,
        "Operating Revenue": 2757948000.0
    },
    "2024-12-31": {
        "Tax Effect Of Unusual Items": -7146830.461334,
        "Tax Rate For Calcs": 0.140134,
        "Normalized EBITDA": 351083000.0,
        "Total Unusual Items": -51000000.0,
        "Total Unusual Items Excluding Goodwill": -51000000.0,
        "Net Income From Continuing Operation Net Minority Interest": 169109000.0,
        "Reconciled Depreciation": 60072000.0,
        "Reconciled Cost Of Revenue": 1238738000.0,
        "EBITDA": 300083000.0,
        "EBIT": 240011000.0,
        "Net Interest Income": -36516000.0,
        "Interest Expense": 43342000.0,
        "Interest Income": 6826000.0,
        "Normalized Income": 212962169.538666,
        "Net Income From Continuing And Discontinued Operation": 167780000.0,
        "Total Expenses": 2557135000.0,
        "Total Operating Income As Reported": 225777000.0,
        "Diluted Average Shares": 393908000.0,
        "Basic Average Shares": 389218000.0,
        "Diluted EPS": 0.43,
        "Basic EPS": 0.43,
        "Diluted NI Availto Com Stockholders": 167780000.0,
        "Net Income Common Stockholders": 167780000.0,
        "Net Income": 167780000.0,
        "Net Income Including Noncontrolling Interests": 167780000.0,
        "Net Income Discontinuous Operations": -1329000.0,
        "Net Income Continuous Operations": 169109000.0,
        "Tax Provision": 27560000.0,
        "Pretax Income": 196669000.0,
        "Other Income Expense": -43592000.0,
        "Other Non Operating Income Expenses": 7408000.0,
        "Special Income Charges": -51000000.0,
        "Impairment Of Capital Assets": NaN,
        "Net Non Operating Interest Income Expense": -36516000.0,
        "Interest Expense Non Operating": 43342000.0,
        "Interest Income Non Operating": 6826000.0,
        "Operating Income": 276777000.0,
        "Operating Expense": 1318397000.0,
        "Selling General And Administration": 1318397000.0,
        "Gross Profit": 1595174000.0,
        "Cost Of Revenue": 1238738000.0,
        "Total Revenue": 2833912000.0,
        "Operating Revenue": 2833912000.0
    },
    "2025-03-31": {
        "Tax Effect Of Unusual Items": -8030820.0,
        "Tax Rate For Calcs": 0.21,
        "Normalized EBITDA": 34866000.0,
        "Total Unusual Items": -38242000.0,
        "Total Unusual Items Excluding Goodwill": -38242000.0,
        "Net Income From Continuing Operation Net Minority Interest": -150267000.0,
        "Reconciled Depreciation": 73148000.0,
        "Reconciled Cost Of Revenue": 1001315000.0,
        "EBITDA": -3376000.0,
        "EBIT": -76524000.0,
        "Net Interest Income": -29092000.0,
        "Interest Expense": 40086000.0,
        "Interest Income": 10994000.0,
        "Normalized Income": -120055820.0,
        "Net Income From Continuing And Discontinued Operation": -150788000.0,
        "Total Expenses": 2178416000.0,
        "Total Operating Income As Reported": -72887000.0,
        "Diluted Average Shares": 389605000.0,
        "Basic Average Shares": 389605000.0,
        "Diluted EPS": -0.39,
        "Basic EPS": -0.39,
        "Diluted NI Availto Com Stockholders": -150788000.0,
        "Net Income Common Stockholders": -150788000.0,
        "Net Income": -150788000.0,
        "Net Income Including Noncontrolling Interests": -150788000.0,
        "Net Income Discontinuous Operations": -521000.0,
        "Net Income Continuous Operations": -150267000.0,
        "Tax Provision": 33657000.0,
        "Pretax Income": -116610000.0,
        "Other Income Expense": -52873000.0,
        "Other Non Operating Income Expenses": -14631000.0,
        "Special Income Charges": -38242000.0,
        "Impairment Of Capital Assets": NaN,
        "Net Non Operating Interest Income Expense": -29092000.0,
        "Interest Expense Non Operating": 40086000.0,
        "Interest Income Non Operating": 10994000.0,
        "Operating Income": -34645000.0,
        "Operating Expense": 1177101000.0,
        "Selling General And Administration": 1177101000.0,
        "Gross Profit": 1142456000.0,
        "Cost Of Revenue": 1001315000.0,
        "Total Revenue": 2143771000.0,
        "Operating Revenue": 2143771000.0
    },
    "2025-06-30": {
        "Tax Effect Of Unusual Items": 0.0,
        "Tax Rate For Calcs": 0.08,
        "Normalized EBITDA": -18593000.0,
        "Total Unusual Items": NaN,
        "Total Unusual Items Excluding Goodwill": NaN,
        "Net Income From Continuing Operation Net Minority Interest": -116408000.0,
        "Reconciled Depreciation": 64362000.0,
        "Reconciled Cost Of Revenue": 811664000.0,
        "EBITDA": -18593000.0,
        "EBIT": -82955000.0,
        "Net Interest Income": -41120000.0,
        "Interest Expense": 43638000.0,
        "Interest Income": 2518000.0,
        "Normalized Income": -116408000.0,
        "Net Income From Continuing And Discontinued Operation": -116408000.0,
        "Total Expenses": 1847275000.0,
        "Total Operating Income As Reported": -86609000.0,
        "Diluted Average Shares": 390024000.0,
        "Basic Average Shares": 390024000.0,
        "Diluted EPS": -0.3,
        "Basic EPS": -0.3,
        "Diluted NI Availto Com Stockholders": -116408000.0,
        "Net Income Common Stockholders": -116408000.0,
        "Net Income": -116408000.0,
        "Net Income Including Noncontrolling Interests": -116408000.0,
        "Net Income Discontinuous Operations": 0.0,
        "Net Income Continuous Operations": -116408000.0,
        "Tax Provision": -10185000.0,
        "Pretax Income": -126593000.0,
        "Other Income Expense": 1136000.0,
        "Other Non Operating Income Expenses": 1136000.0,
        "Special Income Charges": NaN,
        "Impairment Of Capital Assets": NaN,
        "Net Non Operating Interest Income Expense": -41120000.0,
        "Interest Expense Non Operating": 43638000.0,
        "Interest Income Non Operating": 2518000.0,
        "Operating Income": -86609000.0,
        "Operating Expense": 1035611000.0,
        "Selling General And Administration": 1035611000.0,
        "Gross Profit": 949002000.0,
        "Cost Of Revenue": 811664000.0,
        "Total Revenue": 1760666000.0,
        "Operating Revenue": 1760666000.0
    },
    "2025-09-30": {
        "Tax Effect Of Unusual Items": 0.0,
        "Tax Rate For Calcs": 0.292663,
        "Normalized EBITDA": 387700000.0,
        "Total Unusual Items": NaN,
        "Total Unusual Items Excluding Goodwill": NaN,
        "Net Income From Continuing Operation Net Minority Interest": 189765000.0,
        "Reconciled Depreciation": 69802000.0,
        "Reconciled Cost Of Revenue": 1340262000.0,
        "EBITDA": 387700000.0,
        "EBIT": 317898000.0,
        "Net Interest Income": -46209000.0,
        "Interest Expense": 49617000.0,
        "Interest Income": 3408000.0,
        "Normalized Income": 189765000.0,
        "Net Income From Continuing And Discontinued Operation": 189765000.0,
        "Total Expenses": 2490086000.0,
        "Total Operating Income As Reported": 312620000.0,
        "Diluted Average Shares": 393986000.0,
        "Basic Average Shares": 390648000.0,
        "Diluted EPS": 0.48,
        "Basic EPS": 0.49,
        "Diluted NI Availto Com Stockholders": 189765000.0,
        "Net Income Common Stockholders": 189765000.0,
        "Net Income": 189765000.0,
        "Net Income Including Noncontrolling Interests": 189765000.0,
        "Net Income Discontinuous Operations": 0.0,
        "Net Income Continuous Operations": 189765000.0,
        "Tax Provision": 78516000.0,
        "Pretax Income": 268281000.0,
        "Other Income Expense": 1870000.0,
        "Other Non Operating Income Expenses": 1870000.0,
        "Special Income Charges": NaN,
        "Impairment Of Capital Assets": NaN,
        "Net Non Operating Interest Income Expense": -46209000.0,
        "Interest Expense Non Operating": 49617000.0,
        "Interest Income Non Operating": 3408000.0,
        "Operating Income": 312620000.0,
        "Operating Expense": 1149824000.0,
        "Selling General And Administration": 1149824000.0,
        "Gross Profit": 1462444000.0,
        "Cost Of Revenue": 1340262000.0,
        "Total Revenue": 2802706000.0,
        "Operating Revenue": 2802706000.0
    },
    "2025-12-31": {
        "Tax Effect Of Unusual Items": -5249482.64753,
        "Tax Rate For Calcs": 0.170904,
        "Normalized EBITDA": 512204000.0,
        "Total Unusual Items": -30716000.0,
        "Total Unusual Items Excluding Goodwill": -30716000.0,
        "Net Income From Continuing Operation Net Minority Interest": 300845000.0,
        "Reconciled Depreciation": 78882000.0,
        "Reconciled Cost Of Revenue": 1247460000.0,
        "EBITDA": 481488000.0,
        "EBIT": 402606000.0,
        "Net Interest Income": -34611000.0,
        "Interest Expense": 39747000.0,
        "Interest Income": 5136000.0,
        "Normalized Income": 326311517.35247,
        "Net Income From Continuing And Discontinued Operation": 300845000.0,
        "Total Expenses": 2556031000.0,
        "Total Operating Income As Reported": 289054000.0,
        "Diluted Average Shares": 397157000.0,
        "Basic Average Shares": 390915000.0,
        "Diluted EPS": 0.76,
        "Basic EPS": 0.77,
        "Diluted NI Availto Com Stockholders": 300845000.0,
        "Net Income Common Stockholders": 300845000.0,
        "Net Income": 300845000.0,
        "Net Income Including Noncontrolling Interests": 300845000.0,
        "Net Income Discontinuous Operations": 0.0,
        "Net Income Continuous Operations": 300845000.0,
        "Tax Provision": 62014000.0,
        "Pretax Income": 362859000.0,
        "Other Income Expense": 77700000.0,
        "Other Non Operating Income Expenses": 108416000.0,
        "Special Income Charges": -30716000.0,
        "Impairment Of Capital Assets": NaN,
        "Net Non Operating Interest Income Expense": -34611000.0,
        "Interest Expense Non Operating": 39747000.0,
        "Interest Income Non Operating": 5136000.0,
        "Operating Income": 319770000.0,
        "Operating Expense": 1308571000.0,
        "Selling General And Administration": 1308571000.0,
        "Gross Profit": 1628341000.0,
        "Cost Of Revenue": 1247460000.0,
        "Total Revenue": 2875801000.0,
        "Operating Revenue": 2875801000.0
    }
}