{
    "2024-09-30": {
        "Tax Effect Of Unusual Items": -100800000.0,
        "Tax Rate For Calcs": 0.21,
        "Normalized EBITDA": 325000000.0,
        "Total Unusual Items": -480000000.0,
        "Total Unusual Items Excluding Goodwill": -480000000.0,
        "Net Income From Continuing Operation Net Minority Interest": -309000000.0,
        "Reconciled Depreciation": 89000000.0,
        "Reconciled Cost Of Revenue": 361000000.0,
        "EBITDA": -155000000.0,
        "EBIT": -244000000.0,
        "Net Interest Income": -81000000.0,
        "Interest Expense": 128000000.0,
        "Interest Income": 53000000.0,
        "Normalized Income": 70200000.0,
        "Net Income From Continuing And Discontinued Operation": -309000000.0,
        "Total Expenses": 737000000.0,
        "Total Operating Income As Reported": 189000000.0,
        "Diluted Average Shares": 2419541852.0,
        "Basic Average Shares": 2419541852.0,
        "Diluted EPS": -0.143416,
        "Basic EPS": -0.143416,
        "Diluted NI Availto Com Stockholders": -347000000.0,
        "Net Income Common Stockholders": -347000000.0,
        "Preferred Stock Dividends": 1000000.0,
        "Net Income": -346000000.0,
        "Minority Interests": -15000000.0,
        "Net Income Including Noncontrolling Interests": -331000000.0,
        "Net Income From Tax Loss Carryforward": -37000000.0,
        "Net Income Continuous Operations": -294000000.0,
        "Tax Provision": -78000000.0,
        "Pretax Income": -372000000.0,
        "Other Income Expense": -480000000.0,
        "Special Income Charges": 0.0,
        "Other Special Charges": NaN,
        "Gain On Sale Of Security": -480000000.0,
        "Net Non Operating Interest Income Expense": -81000000.0,
        "Total Other Finance Cost": 6000000.0,
        "Interest Expense Non Operating": 128000000.0,
        "Interest Income Non Operating": 53000000.0,
        "Operating Income": 189000000.0,
        "Operating Expense": 376000000.0,
        "Other Operating Expenses": 143000000.0,
        "Depreciation Amortization Depletion Income Statement": 89000000.0,
        "Depreciation And Amortization In Income Statement": 89000000.0,
        "Research And Development": 156000000.0,
        "Selling General And Administration": 77000000.0,
        "General And Administrative Expense": 77000000.0,
        "Other Gand A": 77000000.0,
        "Gross Profit": 565000000.0,
        "Cost Of Revenue": 361000000.0,
        "Total Revenue": 926000000.0,
        "Operating Revenue": 921000000.0
    },
    "2023-12-31": {
        "Tax Effect Of Unusual Items": NaN,
        "Tax Rate For Calcs": NaN,
        "Normalized EBITDA": NaN,
        "Total Unusual Items": NaN,
        "Total Unusual Items Excluding Goodwill": NaN,
        "Net Income From Continuing Operation Net Minority Interest": NaN,
        "Reconciled Depreciation": NaN,
        "Reconciled Cost Of Revenue": NaN,
        "EBITDA": NaN,
        "EBIT": NaN,
        "Net Interest Income": NaN,
        "Interest Expense": NaN,
        "Interest Income": NaN,
        "Normalized Income": NaN,
        "Net Income From Continuing And Discontinued Operation": NaN,
        "Total Expenses": NaN,
        "Total Operating Income As Reported": NaN,
        "Diluted Average Shares": NaN,
        "Basic Average Shares": NaN,
        "Diluted EPS": NaN,
        "Basic EPS": NaN,
        "Diluted NI Availto Com Stockholders": NaN,
        "Net Income Common Stockholders": NaN,
        "Preferred Stock Dividends": NaN,
        "Net Income": NaN,
        "Minority Interests": NaN,
        "Net Income Including Noncontrolling Interests": NaN,
        "Net Income From Tax Loss Carryforward": NaN,
        "Net Income Continuous Operations": NaN,
        "Tax Provision": NaN,
        "Pretax Income": NaN,
        "Other Income Expense": NaN,
        "Special Income Charges": 0.0,
        "Other Special Charges": 0.0,
        "Gain On Sale Of Security": NaN,
        "Net Non Operating Interest Income Expense": NaN,
        "Total Other Finance Cost": NaN,
        "Interest Expense Non Operating": NaN,
        "Interest Income Non Operating": NaN,
        "Operating Income": NaN,
        "Operating Expense": NaN,
        "Other Operating Expenses": 112000000.0,
        "Depreciation Amortization Depletion Income Statement": 69000000.0,
        "Depreciation And Amortization In Income Statement": 69000000.0,
        "Research And Development": NaN,
        "Selling General And Administration": NaN,
        "General And Administrative Expense": NaN,
        "Other Gand A": NaN,
        "Gross Profit": NaN,
        "Cost Of Revenue": NaN,
        "Total Revenue": NaN,
        "Operating Revenue": NaN
    },
    "2023-09-30": {
        "Tax Effect Of Unusual Items": NaN,
        "Tax Rate For Calcs": NaN,
        "Normalized EBITDA": NaN,
        "Total Unusual Items": NaN,
        "Total Unusual Items Excluding Goodwill": NaN,
        "Net Income From Continuing Operation Net Minority Interest": NaN,
        "Reconciled Depreciation": NaN,
        "Reconciled Cost Of Revenue": NaN,
        "EBITDA": NaN,
        "EBIT": NaN,
        "Net Interest Income": NaN,
        "Interest Expense": NaN,
        "Interest Income": NaN,
        "Normalized Income": NaN,
        "Net Income From Continuing And Discontinued Operation": NaN,
        "Total Expenses": NaN,
        "Total Operating Income As Reported": NaN,
        "Diluted Average Shares": 2576688520.0,
        "Basic Average Shares": 2349541852.0,
        "Diluted EPS": 0.239455,
        "Basic EPS": 0.262604,
        "Diluted NI Availto Com Stockholders": NaN,
        "Net Income Common Stockholders": NaN,
        "Preferred Stock Dividends": NaN,
        "Net Income": NaN,
        "Minority Interests": NaN,
        "Net Income Including Noncontrolling Interests": NaN,
        "Net Income From Tax Loss Carryforward": NaN,
        "Net Income Continuous Operations": NaN,
        "Tax Provision": NaN,
        "Pretax Income": NaN,
        "Other Income Expense": NaN,
        "Special Income Charges": 0.0,
        "Other Special Charges": NaN,
        "Gain On Sale Of Security": NaN,
        "Net Non Operating Interest Income Expense": NaN,
        "Total Other Finance Cost": 3000000.0,
        "Interest Expense Non Operating": NaN,
        "Interest Income Non Operating": NaN,
        "Operating Income": NaN,
        "Operating Expense": NaN,
        "Other Operating Expenses": 126000000.0,
        "Depreciation Amortization Depletion Income Statement": 69000000.0,
        "Depreciation And Amortization In Income Statement": 69000000.0,
        "Research And Development": NaN,
        "Selling General And Administration": NaN,
        "General And Administrative Expense": NaN,
        "Other Gand A": NaN,
        "Gross Profit": NaN,
        "Cost Of Revenue": NaN,
        "Total Revenue": NaN,
        "Operating Revenue": NaN
    },
    "2024-12-31": {
        "Tax Effect Of Unusual Items": 141027463.65105,
        "Tax Rate For Calcs": 0.200323,
        "Normalized EBITDA": 744000000.0,
        "Total Unusual Items": 704000000.0,
        "Total Unusual Items Excluding Goodwill": 704000000.0,
        "Net Income From Continuing Operation Net Minority Interest": 975000000.0,
        "Reconciled Depreciation": 93000000.0,
        "Reconciled Cost Of Revenue": 507000000.0,
        "EBITDA": 1448000000.0,
        "EBIT": 1355000000.0,
        "Net Interest Income": -60000000.0,
        "Interest Expense": 117000000.0,
        "Interest Income": 57000000.0,
        "Normalized Income": 412027463.65105,
        "Net Income From Continuing And Discontinued Operation": 975000000.0,
        "Total Expenses": 930000000.0,
        "Total Operating Income As Reported": 594000000.0,
        "Diluted Average Shares": 2419541852.0,
        "Basic Average Shares": 2419541852.0,
        "Diluted EPS": 0.359986,
        "Basic EPS": 0.359986,
        "Diluted NI Availto Com Stockholders": 871000000.0,
        "Net Income Common Stockholders": 871000000.0,
        "Preferred Stock Dividends": 67000000.0,
        "Net Income": 938000000.0,
        "Minority Interests": -15000000.0,
        "Net Income Including Noncontrolling Interests": 953000000.0,
        "Net Income From Tax Loss Carryforward": -37000000.0,
        "Net Income Continuous Operations": 990000000.0,
        "Tax Provision": 248000000.0,
        "Pretax Income": 1238000000.0,
        "Other Income Expense": 704000000.0,
        "Special Income Charges": 0.0,
        "Other Special Charges": NaN,
        "Gain On Sale Of Security": 704000000.0,
        "Net Non Operating Interest Income Expense": -60000000.0,
        "Total Other Finance Cost": 0.0,
        "Interest Expense Non Operating": 117000000.0,
        "Interest Income Non Operating": 57000000.0,
        "Operating Income": 594000000.0,
        "Operating Expense": 423000000.0,
        "Other Operating Expenses": NaN,
        "Depreciation Amortization Depletion Income Statement": NaN,
        "Depreciation And Amortization In Income Statement": NaN,
        "Research And Development": 124000000.0,
        "Selling General And Administration": 88000000.0,
        "General And Administrative Expense": 88000000.0,
        "Other Gand A": 88000000.0,
        "Gross Profit": 1017000000.0,
        "Cost Of Revenue": 507000000.0,
        "Total Revenue": 1524000000.0,
        "Operating Revenue": 1516000000.0
    },
    "2025-03-31": {
        "Tax Effect Of Unusual Items": -43392000.0,
        "Tax Rate For Calcs": 0.226,
        "Normalized EBITDA": 1352000000.0,
        "Total Unusual Items": -192000000.0,
        "Total Unusual Items Excluding Goodwill": -192000000.0,
        "Net Income From Continuing Operation Net Minority Interest": 502000000.0,
        "Reconciled Depreciation": 216000000.0,
        "Reconciled Cost Of Revenue": 1275000000.0,
        "EBITDA": 1160000000.0,
        "EBIT": 944000000.0,
        "Net Interest Income": -220000000.0,
        "Interest Expense": 276000000.0,
        "Interest Income": 56000000.0,
        "Normalized Income": 650608000.0,
        "Net Income From Continuing And Discontinued Operation": 502000000.0,
        "Total Expenses": 1814000000.0,
        "Total Operating Income As Reported": 1080000000.0,
        "Diluted Average Shares": 2643000000.0,
        "Basic Average Shares": 2399000000.0,
        "Diluted EPS": 0.15,
        "Basic EPS": 0.17,
        "Diluted NI Availto Com Stockholders": 396000000.0,
        "Net Income Common Stockholders": 396000000.0,
        "Preferred Stock Dividends": 68000000.0,
        "Net Income": 464000000.0,
        "Minority Interests": -15000000.0,
        "Net Income Including Noncontrolling Interests": 479000000.0,
        "Net Income From Tax Loss Carryforward": -38000000.0,
        "Net Income Continuous Operations": 517000000.0,
        "Tax Provision": 151000000.0,
        "Pretax Income": 668000000.0,
        "Other Income Expense": -192000000.0,
        "Special Income Charges": NaN,
        "Other Special Charges": NaN,
        "Gain On Sale Of Security": -192000000.0,
        "Net Non Operating Interest Income Expense": -220000000.0,
        "Total Other Finance Cost": NaN,
        "Interest Expense Non Operating": 276000000.0,
        "Interest Income Non Operating": 56000000.0,
        "Operating Income": 1080000000.0,
        "Operating Expense": 539000000.0,
        "Other Operating Expenses": NaN,
        "Depreciation Amortization Depletion Income Statement": NaN,
        "Depreciation And Amortization In Income Statement": NaN,
        "Research And Development": 182000000.0,
        "Selling General And Administration": 105000000.0,
        "General And Administrative Expense": 105000000.0,
        "Other Gand A": 105000000.0,
        "Gross Profit": 1619000000.0,
        "Cost Of Revenue": 1275000000.0,
        "Total Revenue": 2894000000.0,
        "Operating Revenue": 2880000000.0
    },
    "2024-03-31": {
        "Tax Effect Of Unusual Items": NaN,
        "Tax Rate For Calcs": NaN,
        "Normalized EBITDA": NaN,
        "Total Unusual Items": NaN,
        "Total Unusual Items Excluding Goodwill": NaN,
        "Net Income From Continuing Operation Net Minority Interest": NaN,
        "Reconciled Depreciation": NaN,
        "Reconciled Cost Of Revenue": NaN,
        "EBITDA": NaN,
        "EBIT": NaN,
        "Net Interest Income": NaN,
        "Interest Expense": NaN,
        "Interest Income": NaN,
        "Normalized Income": NaN,
        "Net Income From Continuing And Discontinued Operation": NaN,
        "Total Expenses": NaN,
        "Total Operating Income As Reported": NaN,
        "Diluted Average Shares": NaN,
        "Basic Average Shares": NaN,
        "Diluted EPS": NaN,
        "Basic EPS": NaN,
        "Diluted NI Availto Com Stockholders": NaN,
        "Net Income Common Stockholders": NaN,
        "Preferred Stock Dividends": NaN,
        "Net Income": NaN,
        "Minority Interests": NaN,
        "Net Income Including Noncontrolling Interests": NaN,
        "Net Income From Tax Loss Carryforward": NaN,
        "Net Income Continuous Operations": NaN,
        "Tax Provision": NaN,
        "Pretax Income": NaN,
        "Other Income Expense": NaN,
        "Special Income Charges": NaN,
        "Other Special Charges": NaN,
        "Gain On Sale Of Security": NaN,
        "Net Non Operating Interest Income Expense": NaN,
        "Total Other Finance Cost": 5000000.0,
        "Interest Expense Non Operating": NaN,
        "Interest Income Non Operating": NaN,
        "Operating Income": NaN,
        "Operating Expense": NaN,
        "Other Operating Expenses": NaN,
        "Depreciation Amortization Depletion Income Statement": NaN,
        "Depreciation And Amortization In Income Statement": NaN,
        "Research And Development": NaN,
        "Selling General And Administration": NaN,
        "General And Administrative Expense": NaN,
        "Other Gand A": NaN,
        "Gross Profit": NaN,
        "Cost Of Revenue": NaN,
        "Total Revenue": NaN,
        "Operating Revenue": NaN
    },
    "2025-06-30": {
        "Tax Effect Of Unusual Items": -21983079.526227,
        "Tax Rate For Calcs": 0.196277,
        "Normalized EBITDA": 1280000000.0,
        "Total Unusual Items": -112000000.0,
        "Total Unusual Items Excluding Goodwill": -112000000.0,
        "Net Income From Continuing Operation Net Minority Interest": 474000000.0,
        "Reconciled Depreciation": 267000000.0,
        "Reconciled Cost Of Revenue": 1686000000.0,
        "EBITDA": 1168000000.0,
        "EBIT": 901000000.0,
        "Net Interest Income": -335000000.0,
        "Interest Expense": 310000000.0,
        "Interest Income": 38000000.0,
        "Normalized Income": 564016920.473773,
        "Net Income From Continuing And Discontinued Operation": 474000000.0,
        "Total Expenses": 2063000000.0,
        "Total Operating Income As Reported": 1038000000.0,
        "Diluted Average Shares": 2635000000.0,
        "Basic Average Shares": 2423000000.0,
        "Diluted EPS": 0.14,
        "Basic EPS": 0.15,
        "Diluted NI Availto Com Stockholders": 368000000.0,
        "Net Income Common Stockholders": 368000000.0,
        "Preferred Stock Dividends": 67000000.0,
        "Net Income": 435000000.0,
        "Minority Interests": -1000000.0,
        "Net Income Including Noncontrolling Interests": 436000000.0,
        "Net Income From Tax Loss Carryforward": -39000000.0,
        "Net Income Continuous Operations": 475000000.0,
        "Tax Provision": 116000000.0,
        "Pretax Income": 591000000.0,
        "Other Income Expense": -112000000.0,
        "Special Income Charges": NaN,
        "Other Special Charges": NaN,
        "Gain On Sale Of Security": -112000000.0,
        "Net Non Operating Interest Income Expense": -335000000.0,
        "Total Other Finance Cost": 63000000.0,
        "Interest Expense Non Operating": 310000000.0,
        "Interest Income Non Operating": 38000000.0,
        "Operating Income": 1038000000.0,
        "Operating Expense": 377000000.0,
        "Other Operating Expenses": NaN,
        "Depreciation Amortization Depletion Income Statement": NaN,
        "Depreciation And Amortization In Income Statement": NaN,
        "Research And Development": 57000000.0,
        "Selling General And Administration": 103000000.0,
        "General And Administrative Expense": 103000000.0,
        "Other Gand A": 103000000.0,
        "Gross Profit": 1415000000.0,
        "Cost Of Revenue": 1686000000.0,
        "Total Revenue": 3101000000.0,
        "Operating Revenue": 3080000000.0
    },
    "2024-06-30": {
        "Tax Effect Of Unusual Items": 36468468.468468,
        "Tax Rate For Calcs": 0.207207,
        "Normalized EBITDA": 491000000.0,
        "Total Unusual Items": 176000000.0,
        "Total Unusual Items Excluding Goodwill": 176000000.0,
        "Net Income From Continuing Operation Net Minority Interest": 338000000.0,
        "Reconciled Depreciation": 70000000.0,
        "Reconciled Cost Of Revenue": 370000000.0,
        "EBITDA": 667000000.0,
        "EBIT": 597000000.0,
        "Net Interest Income": -95000000.0,
        "Interest Expense": 153000000.0,
        "Interest Income": 61000000.0,
        "Normalized Income": 198468468.468468,
        "Net Income From Continuing And Discontinued Operation": 338000000.0,
        "Total Expenses": 745000000.0,
        "Total Operating Income As Reported": 363000000.0,
        "Diluted Average Shares": 2419541852.0,
        "Basic Average Shares": 2419541852.0,
        "Diluted EPS": 0.12523,
        "Basic EPS": 0.12523,
        "Diluted NI Availto Com Stockholders": 303000000.0,
        "Net Income Common Stockholders": 303000000.0,
        "Preferred Stock Dividends": NaN,
        "Net Income": 303000000.0,
        "Minority Interests": -14000000.0,
        "Net Income Including Noncontrolling Interests": 317000000.0,
        "Net Income From Tax Loss Carryforward": -35000000.0,
        "Net Income Continuous Operations": 352000000.0,
        "Tax Provision": 92000000.0,
        "Pretax Income": 444000000.0,
        "Other Income Expense": 176000000.0,
        "Special Income Charges": NaN,
        "Other Special Charges": NaN,
        "Gain On Sale Of Security": 176000000.0,
        "Net Non Operating Interest Income Expense": -95000000.0,
        "Total Other Finance Cost": 3000000.0,
        "Interest Expense Non Operating": 153000000.0,
        "Interest Income Non Operating": 61000000.0,
        "Operating Income": 363000000.0,
        "Operating Expense": 375000000.0,
        "Other Operating Expenses": NaN,
        "Depreciation Amortization Depletion Income Statement": NaN,
        "Depreciation And Amortization In Income Statement": NaN,
        "Research And Development": 174000000.0,
        "Selling General And Administration": 75000000.0,
        "General And Administrative Expense": 75000000.0,
        "Other Gand A": 75000000.0,
        "Gross Profit": 738000000.0,
        "Cost Of Revenue": 370000000.0,
        "Total Revenue": 1108000000.0,
        "Operating Revenue": 1102000000.0
    }
}