{
    "2023-03-31": {
        "Tax Effect Of Unusual Items": 5896979.346473,
        "Tax Rate For Calcs": 0.174503,
        "Normalized EBITDA": 2207657000.0,
        "Total Unusual Items": 33793000.0,
        "Total Unusual Items Excluding Goodwill": 33793000.0,
        "Net Income From Continuing Operation Net Minority Interest": 1858731000.0,
        "Reconciled Cost Of Revenue": 21631820000.0,
        "EBITDA": 2241450000.0,
        "EBIT": 2241450000.0,
        "Net Interest Income": 216259000.0,
        "Interest Expense": 5706000.0,
        "Interest Income": 221965000.0,
        "Normalized Income": 1830834979.346473,
        "Net Income From Continuing And Discontinued Operation": 1858731000.0,
        "Total Expenses": 25550691000.0,
        "Total Operating Income As Reported": 1985692000.0,
        "Diluted Average Shares": 588062755.0,
        "Basic Average Shares": 579654060.0,
        "Diluted EPS": 3.16,
        "Basic EPS": 3.206,
        "Diluted NI Availto Com Stockholders": 1858731000.0,
        "Net Income Common Stockholders": 1858731000.0,
        "Net Income": 1858731000.0,
        "Minority Interests": -18676000.0,
        "Net Income Including Noncontrolling Interests": 1877407000.0,
        "Net Income Continuous Operations": 1877407000.0,
        "Earnings From Equity Interest Net Of Tax": 31807000.0,
        "Tax Provision": 390144000.0,
        "Pretax Income": 2235744000.0,
        "Other Income Expense": 33793000.0,
        "Special Income Charges": NaN,
        "Write Off": NaN,
        "Gain On Sale Of Security": 33793000.0,
        "Net Non Operating Interest Income Expense": 216259000.0,
        "Interest Expense Non Operating": 5706000.0,
        "Interest Income Non Operating": 221965000.0,
        "Operating Income": 1985692000.0,
        "Operating Expense": 3918871000.0,
        "Other Operating Expenses": 2034305000.0,
        "Selling General And Administration": 1884566000.0,
        "Selling And Marketing Expense": 836894000.0,
        "General And Administrative Expense": 1047672000.0,
        "Other Gand A": 1047672000.0,
        "Gross Profit": 5904563000.0,
        "Cost Of Revenue": 21631820000.0,
        "Total Revenue": 27536383000.0,
        "Operating Revenue": 25937830000.0
    },
    "2022-12-31": {
        "Tax Effect Of Unusual Items": NaN,
        "Tax Rate For Calcs": NaN,
        "Normalized EBITDA": NaN,
        "Total Unusual Items": NaN,
        "Total Unusual Items Excluding Goodwill": NaN,
        "Net Income From Continuing Operation Net Minority Interest": NaN,
        "Reconciled Cost Of Revenue": NaN,
        "EBITDA": NaN,
        "EBIT": NaN,
        "Net Interest Income": NaN,
        "Interest Expense": NaN,
        "Interest Income": NaN,
        "Normalized Income": NaN,
        "Net Income From Continuing And Discontinued Operation": NaN,
        "Total Expenses": NaN,
        "Total Operating Income As Reported": NaN,
        "Diluted Average Shares": NaN,
        "Basic Average Shares": NaN,
        "Diluted EPS": NaN,
        "Basic EPS": NaN,
        "Diluted NI Availto Com Stockholders": NaN,
        "Net Income Common Stockholders": NaN,
        "Net Income": NaN,
        "Minority Interests": NaN,
        "Net Income Including Noncontrolling Interests": NaN,
        "Net Income Continuous Operations": NaN,
        "Earnings From Equity Interest Net Of Tax": NaN,
        "Tax Provision": NaN,
        "Pretax Income": NaN,
        "Other Income Expense": NaN,
        "Special Income Charges": 168302000.0,
        "Write Off": 34347000.0,
        "Gain On Sale Of Security": NaN,
        "Net Non Operating Interest Income Expense": NaN,
        "Interest Expense Non Operating": NaN,
        "Interest Income Non Operating": NaN,
        "Operating Income": NaN,
        "Operating Expense": NaN,
        "Other Operating Expenses": NaN,
        "Selling General And Administration": NaN,
        "Selling And Marketing Expense": NaN,
        "General And Administrative Expense": NaN,
        "Other Gand A": NaN,
        "Gross Profit": NaN,
        "Cost Of Revenue": NaN,
        "Total Revenue": NaN,
        "Operating Revenue": NaN
    },
    "2022-09-30": {
        "Tax Effect Of Unusual Items": NaN,
        "Tax Rate For Calcs": NaN,
        "Normalized EBITDA": NaN,
        "Total Unusual Items": NaN,
        "Total Unusual Items Excluding Goodwill": NaN,
        "Net Income From Continuing Operation Net Minority Interest": NaN,
        "Reconciled Cost Of Revenue": NaN,
        "EBITDA": NaN,
        "EBIT": NaN,
        "Net Interest Income": NaN,
        "Interest Expense": NaN,
        "Interest Income": NaN,
        "Normalized Income": NaN,
        "Net Income From Continuing And Discontinued Operation": NaN,
        "Total Expenses": NaN,
        "Total Operating Income As Reported": NaN,
        "Diluted Average Shares": NaN,
        "Basic Average Shares": NaN,
        "Diluted EPS": NaN,
        "Basic EPS": NaN,
        "Diluted NI Availto Com Stockholders": NaN,
        "Net Income Common Stockholders": NaN,
        "Net Income": NaN,
        "Minority Interests": NaN,
        "Net Income Including Noncontrolling Interests": NaN,
        "Net Income Continuous Operations": NaN,
        "Earnings From Equity Interest Net Of Tax": NaN,
        "Tax Provision": NaN,
        "Pretax Income": NaN,
        "Other Income Expense": NaN,
        "Special Income Charges": -9557000.0,
        "Write Off": 9557000.0,
        "Gain On Sale Of Security": NaN,
        "Net Non Operating Interest Income Expense": NaN,
        "Interest Expense Non Operating": NaN,
        "Interest Income Non Operating": NaN,
        "Operating Income": NaN,
        "Operating Expense": NaN,
        "Other Operating Expenses": NaN,
        "Selling General And Administration": NaN,
        "Selling And Marketing Expense": NaN,
        "General And Administrative Expense": NaN,
        "Other Gand A": NaN,
        "Gross Profit": NaN,
        "Cost Of Revenue": NaN,
        "Total Revenue": NaN,
        "Operating Revenue": NaN
    },
    "2022-06-30": {
        "Tax Effect Of Unusual Items": 29447504.62547,
        "Tax Rate For Calcs": 0.184099,
        "Normalized EBITDA": 1458267000.0,
        "Total Unusual Items": 159955000.0,
        "Total Unusual Items Excluding Goodwill": 159955000.0,
        "Net Income From Continuing Operation Net Minority Interest": 1282890000.0,
        "Reconciled Cost Of Revenue": 19510909000.0,
        "EBITDA": 1618222000.0,
        "EBIT": 1618222000.0,
        "Net Interest Income": 183488000.0,
        "Interest Expense": 6494000.0,
        "Interest Income": 189982000.0,
        "Normalized Income": 1152382504.62547,
        "Net Income From Continuing And Discontinued Operation": 1282890000.0,
        "Total Expenses": 23266969000.0,
        "Total Operating Income As Reported": 1268285000.0,
        "Diluted Average Shares": 649671995.0,
        "Basic Average Shares": 645749705.0,
        "Diluted EPS": 1.974,
        "Basic EPS": 1.986,
        "Diluted NI Availto Com Stockholders": 1282890000.0,
        "Net Income Common Stockholders": 1282890000.0,
        "Net Income": 1282890000.0,
        "Minority Interests": -4236000.0,
        "Net Income Including Noncontrolling Interests": 1287126000.0,
        "Net Income Continuous Operations": 1287126000.0,
        "Earnings From Equity Interest Net Of Tax": -27885000.0,
        "Tax Provision": 296717000.0,
        "Pretax Income": 1611728000.0,
        "Other Income Expense": 159955000.0,
        "Special Income Charges": -50000000.0,
        "Write Off": 50000000.0,
        "Gain On Sale Of Security": 209955000.0,
        "Net Non Operating Interest Income Expense": 183488000.0,
        "Interest Expense Non Operating": 6494000.0,
        "Interest Income Non Operating": 189982000.0,
        "Operating Income": 1268285000.0,
        "Operating Expense": 3756060000.0,
        "Other Operating Expenses": -182444000.0,
        "Selling General And Administration": 3938504000.0,
        "Selling And Marketing Expense": 555570000.0,
        "General And Administrative Expense": 3382934000.0,
        "Other Gand A": 3382934000.0,
        "Gross Profit": 5024345000.0,
        "Cost Of Revenue": 19510909000.0,
        "Total Revenue": 24535254000.0,
        "Operating Revenue": 23160136000.0
    },
    "2022-03-31": {
        "Diluted EPS": 0.25,
        "Total Revenue": NaN,
        "Gross Profit": 790,
        "Operating Income": 202,
        "EBIT": 202,
        "Net Income": 173
    },
    "2021-12-31": {
        "Diluted EPS": 0.35,
        "Total Revenue": NaN,
        "Gross Profit": NaN,
        "Operating Income": 298,
        "EBIT": 298,
        "Net Income": 232
    },
    "2021-09-30": {
        "Diluted EPS": 0.14,
        "Total Revenue": NaN,
        "Gross Profit": 751,
        "Operating Income": 120,
        "EBIT": 120,
        "Net Income": 98
    },
    "2021-06-30": {
        "Diluted EPS": 0.24,
        "Total Revenue": NaN,
        "Gross Profit": 923,
        "Operating Income": 228,
        "EBIT": 228,
        "Net Income": 169
    },
    "2021-03-31": {
        "Diluted EPS": 0.33,
        "Total Revenue": NaN,
        "Gross Profit": 854,
        "Operating Income": 231,
        "EBIT": 231,
        "Net Income": 236
    },
    "2020-12-31": {
        "Diluted EPS": 0.58,
        "Total Revenue": NaN,
        "Gross Profit": NaN,
        "Operating Income": 428,
        "EBIT": 428,
        "Net Income": 408
    },
    "2020-09-30": {
        "Diluted EPS": 0.27,
        "Total Revenue": NaN,
        "Gross Profit": 719,
        "Operating Income": 184,
        "EBIT": 184,
        "Net Income": 183
    },
    "2020-06-30": {
        "Diluted EPS": 0.32,
        "Total Revenue": NaN,
        "Gross Profit": 699,
        "Operating Income": 176,
        "EBIT": 176,
        "Net Income": 218
    },
    "2020-03-31": {
        "Diluted EPS": 0.14,
        "Total Revenue": NaN,
        "Gross Profit": 511,
        "Operating Income": 110,
        "EBIT": 110,
        "Net Income": 97
    },
    "2019-12-31": {
        "Diluted EPS": 0.3,
        "Total Revenue": NaN,
        "Gross Profit": 988,
        "Operating Income": 253,
        "EBIT": 253,
        "Net Income": 206
    },
    "2019-09-30": {
        "Diluted EPS": 0.18,
        "Total Revenue": NaN,
        "Gross Profit": 592,
        "Operating Income": 164,
        "EBIT": 164,
        "Net Income": 122
    },
    "2019-06-30": {
        "Diluted EPS": 0.18,
        "Total Revenue": NaN,
        "Gross Profit": 741,
        "Operating Income": 141,
        "EBIT": 141,
        "Net Income": 119
    },
    "2019-03-31": {
        "Diluted EPS": 0.19,
        "Total Revenue": NaN,
        "Gross Profit": 649,
        "Operating Income": 129,
        "EBIT": 129,
        "Net Income": 130
    },
    "2018-12-31": {
        "Diluted EPS": 0.13,
        "Total Revenue": NaN,
        "Gross Profit": 704,
        "Operating Income": 134,
        "EBIT": 134,
        "Net Income": 89
    },
    "2018-09-30": {
        "Diluted EPS": 0.05,
        "Total Revenue": NaN,
        "Gross Profit": 529,
        "Operating Income": 52,
        "EBIT": 52,
        "Net Income": 33
    },
    "2018-06-30": {
        "Diluted EPS": 0.15,
        "Total Revenue": NaN,
        "Gross Profit": 611,
        "Operating Income": 60,
        "EBIT": 60,
        "Net Income": 103
    },
    "2018-03-31": {
        "Diluted EPS": 0.12,
        "Total Revenue": NaN,
        "Gross Profit": 639,
        "Operating Income": 106,
        "EBIT": 106,
        "Net Income": 84
    },
    "2017-12-31": {
        "Diluted EPS": 0.19,
        "Total Revenue": NaN,
        "Gross Profit": 872,
        "Operating Income": 147,
        "EBIT": 147,
        "Net Income": 112
    },
    "2017-09-30": {
        "Diluted EPS": 0.08,
        "Total Revenue": NaN,
        "Gross Profit": 526,
        "Operating Income": 67,
        "EBIT": 67,
        "Net Income": 51
    },
    "2017-06-30": {
        "Diluted EPS": 0.09,
        "Total Revenue": NaN,
        "Gross Profit": 569,
        "Operating Income": 92,
        "EBIT": 92,
        "Net Income": 57
    },
    "2017-03-31": {
        "Diluted EPS": 0.13,
        "Total Revenue": NaN,
        "Gross Profit": 537,
        "Operating Income": 107,
        "EBIT": 107,
        "Net Income": 80
    },
    "2016-12-31": {
        "Diluted EPS": 0.17,
        "Total Revenue": NaN,
        "Gross Profit": 572,
        "Operating Income": 121,
        "EBIT": 121,
        "Net Income": 100
    },
    "2016-09-30": {
        "Diluted EPS": 0.09,
        "Total Revenue": NaN,
        "Gross Profit": 440,
        "Operating Income": 79,
        "EBIT": 79,
        "Net Income": 51
    },
    "2016-06-30": {
        "Diluted EPS": 0.11,
        "Total Revenue": NaN,
        "Gross Profit": 488,
        "Operating Income": 97,
        "EBIT": 97,
        "Net Income": 68
    },
    "2016-03-31": {
        "Diluted EPS": 0.12,
        "Total Revenue": NaN,
        "Gross Profit": 458,
        "Operating Income": 92,
        "EBIT": 92,
        "Net Income": 74
    },
    "2015-12-31": {
        "Diluted EPS": 0.12,
        "Total Revenue": NaN,
        "Gross Profit": 628,
        "Operating Income": 286,
        "EBIT": 286,
        "Net Income": 78
    },
    "2015-09-30": {
        "Diluted EPS": 0.08,
        "Total Revenue": NaN,
        "Gross Profit": 339,
        "Operating Income": 56,
        "EBIT": 56,
        "Net Income": 50
    },
    "2015-06-30": {
        "Diluted EPS": 0.11,
        "Total Revenue": NaN,
        "Gross Profit": 363,
        "Operating Income": 64,
        "EBIT": 64,
        "Net Income": 64
    },
    "2015-03-31": {
        "Diluted EPS": 0.1,
        "Total Revenue": NaN,
        "Gross Profit": 345,
        "Operating Income": 61,
        "EBIT": 61,
        "Net Income": 59
    },
    "2014-12-31": {
        "Diluted EPS": 0.09,
        "Total Revenue": NaN,
        "Gross Profit": 338,
        "Operating Income": 51,
        "EBIT": 51,
        "Net Income": 57
    },
    "2014-09-30": {
        "Diluted EPS": 0.05,
        "Total Revenue": 883,
        "Gross Profit": 220,
        "Operating Income": 14,
        "EBIT": 14,
        "Net Income": 28
    },
    "2014-06-30": {
        "Diluted EPS": 0.04,
        "Total Revenue": 829,
        "Gross Profit": 206,
        "Operating Income": 19,
        "EBIT": 19,
        "Net Income": 26
    },
    "2014-03-31": {
        "Diluted EPS": 0.05,
        "Total Revenue": 702,
        "Gross Profit": 175,
        "Operating Income": 27,
        "EBIT": 27,
        "Net Income": 27
    },
    "2013-12-31": {
        "Diluted EPS": 0.04,
        "Total Revenue": 651,
        "Gross Profit": 159,
        "Operating Income": 26,
        "EBIT": 26,
        "Net Income": 25
    },
    "2013-09-30": {
        "Diluted EPS": 0.02,
        "Total Revenue": 384,
        "Gross Profit": 93,
        "Operating Income": 10,
        "EBIT": 10,
        "Net Income": 12
    },
    "2013-06-30": {
        "Diluted EPS": 0.02,
        "Total Revenue": 351,
        "Gross Profit": 83,
        "Operating Income": 5,
        "EBIT": 5,
        "Net Income": 9
    },
    "2013-03-31": {
        "Diluted EPS": 0.01,
        "Total Revenue": 311,
        "Gross Profit": 73,
        "Operating Income": 4,
        "EBIT": 4,
        "Net Income": 6
    },
    "2012-12-31": {
        "Diluted EPS": 0.01,
        "Total Revenue": 300,
        "Gross Profit": 69,
        "Operating Income": 3,
        "EBIT": 3,
        "Net Income": 6
    },
    "2012-09-30": {
        "Diluted EPS": -0.0,
        "Total Revenue": 156,
        "Gross Profit": 35,
        "Operating Income": -3,
        "EBIT": -3,
        "Net Income": -1
    },
    "2012-06-30": {
        "Diluted EPS": -0.01,
        "Total Revenue": 135,
        "Gross Profit": 30,
        "Operating Income": -5,
        "EBIT": -5,
        "Net Income": -6
    },
    "2012-03-31": {
        "Diluted EPS": -0.03,
        "Total Revenue": 101,
        "Gross Profit": 21,
        "Operating Income": -9,
        "EBIT": -9,
        "Net Income": -9
    },
    "2011-12-31": {
        "Diluted EPS": 0.0,
        "Total Revenue": NaN,
        "Gross Profit": NaN,
        "Operating Income": NaN,
        "EBIT": NaN,
        "Net Income": NaN
    },
    "2011-09-30": {
        "Diluted EPS": -0.08,
        "Total Revenue": 53,
        "Gross Profit": 53,
        "Operating Income": 53,
        "EBIT": 53,
        "Net Income": -18
    },
    "2023-06-30": {
        "Tax Effect Of Unusual Items": NaN,
        "Tax Rate For Calcs": NaN,
        "Normalized EBITDA": NaN,
        "Total Unusual Items": NaN,
        "Total Unusual Items Excluding Goodwill": NaN,
        "Net Income From Continuing Operation Net Minority Interest": NaN,
        "Reconciled Cost Of Revenue": NaN,
        "EBITDA": NaN,
        "EBIT": NaN,
        "Net Interest Income": NaN,
        "Interest Expense": NaN,
        "Interest Income": NaN,
        "Normalized Income": NaN,
        "Net Income From Continuing And Discontinued Operation": NaN,
        "Total Expenses": NaN,
        "Total Operating Income As Reported": NaN,
        "Diluted Average Shares": NaN,
        "Basic Average Shares": NaN,
        "Diluted EPS": NaN,
        "Basic EPS": NaN,
        "Diluted NI Availto Com Stockholders": NaN,
        "Net Income Common Stockholders": NaN,
        "Net Income": NaN,
        "Minority Interests": NaN,
        "Net Income Including Noncontrolling Interests": NaN,
        "Net Income Continuous Operations": NaN,
        "Earnings From Equity Interest Net Of Tax": NaN,
        "Tax Provision": NaN,
        "Pretax Income": NaN,
        "Other Income Expense": NaN,
        "Special Income Charges": -19105000.0,
        "Write Off": 19105000.0,
        "Gain On Sale Of Security": NaN,
        "Net Non Operating Interest Income Expense": NaN,
        "Interest Expense Non Operating": NaN,
        "Interest Income Non Operating": NaN,
        "Operating Income": NaN,
        "Operating Expense": NaN,
        "Other Operating Expenses": NaN,
        "Selling General And Administration": NaN,
        "Selling And Marketing Expense": NaN,
        "General And Administrative Expense": NaN,
        "Other Gand A": NaN,
        "Gross Profit": NaN,
        "Cost Of Revenue": NaN,
        "Total Revenue": NaN,
        "Operating Revenue": NaN
    },
    "2023-09-30": {
        "Tax Effect Of Unusual Items": NaN,
        "Tax Rate For Calcs": NaN,
        "Normalized EBITDA": NaN,
        "Total Unusual Items": NaN,
        "Total Unusual Items Excluding Goodwill": NaN,
        "Net Income From Continuing Operation Net Minority Interest": NaN,
        "Reconciled Cost Of Revenue": NaN,
        "EBITDA": NaN,
        "EBIT": NaN,
        "Net Interest Income": NaN,
        "Interest Expense": NaN,
        "Interest Income": NaN,
        "Normalized Income": NaN,
        "Net Income From Continuing And Discontinued Operation": NaN,
        "Total Expenses": NaN,
        "Total Operating Income As Reported": NaN,
        "Diluted Average Shares": NaN,
        "Basic Average Shares": NaN,
        "Diluted EPS": NaN,
        "Basic EPS": NaN,
        "Diluted NI Availto Com Stockholders": NaN,
        "Net Income Common Stockholders": NaN,
        "Net Income": NaN,
        "Minority Interests": NaN,
        "Net Income Including Noncontrolling Interests": NaN,
        "Net Income Continuous Operations": NaN,
        "Earnings From Equity Interest Net Of Tax": NaN,
        "Tax Provision": NaN,
        "Pretax Income": NaN,
        "Other Income Expense": NaN,
        "Special Income Charges": 0.0,
        "Write Off": 0.0,
        "Gain On Sale Of Security": NaN,
        "Net Non Operating Interest Income Expense": NaN,
        "Interest Expense Non Operating": NaN,
        "Interest Income Non Operating": NaN,
        "Operating Income": NaN,
        "Operating Expense": NaN,
        "Other Operating Expenses": NaN,
        "Selling General And Administration": NaN,
        "Selling And Marketing Expense": NaN,
        "General And Administrative Expense": NaN,
        "Other Gand A": NaN,
        "Gross Profit": NaN,
        "Cost Of Revenue": NaN,
        "Total Revenue": NaN,
        "Operating Revenue": NaN
    },
    "2023-12-31": {
        "Tax Effect Of Unusual Items": NaN,
        "Tax Rate For Calcs": NaN,
        "Normalized EBITDA": NaN,
        "Total Unusual Items": NaN,
        "Total Unusual Items Excluding Goodwill": NaN,
        "Net Income From Continuing Operation Net Minority Interest": NaN,
        "Reconciled Cost Of Revenue": NaN,
        "EBITDA": NaN,
        "EBIT": NaN,
        "Net Interest Income": NaN,
        "Interest Expense": NaN,
        "Interest Income": NaN,
        "Normalized Income": NaN,
        "Net Income From Continuing And Discontinued Operation": NaN,
        "Total Expenses": NaN,
        "Total Operating Income As Reported": NaN,
        "Diluted Average Shares": NaN,
        "Basic Average Shares": NaN,
        "Diluted EPS": NaN,
        "Basic EPS": NaN,
        "Diluted NI Availto Com Stockholders": NaN,
        "Net Income Common Stockholders": NaN,
        "Net Income": NaN,
        "Minority Interests": NaN,
        "Net Income Including Noncontrolling Interests": NaN,
        "Net Income Continuous Operations": NaN,
        "Earnings From Equity Interest Net Of Tax": NaN,
        "Tax Provision": NaN,
        "Pretax Income": NaN,
        "Other Income Expense": NaN,
        "Special Income Charges": 168940000.0,
        "Write Off": 0.0,
        "Gain On Sale Of Security": NaN,
        "Net Non Operating Interest Income Expense": NaN,
        "Interest Expense Non Operating": NaN,
        "Interest Income Non Operating": NaN,
        "Operating Income": NaN,
        "Operating Expense": NaN,
        "Other Operating Expenses": NaN,
        "Selling General And Administration": NaN,
        "Selling And Marketing Expense": NaN,
        "General And Administrative Expense": NaN,
        "Other Gand A": NaN,
        "Gross Profit": NaN,
        "Cost Of Revenue": NaN,
        "Total Revenue": NaN,
        "Operating Revenue": NaN
    },
    "2024-03-31": {
        "Tax Effect Of Unusual Items": -1239920.112298,
        "Tax Rate For Calcs": 0.209269,
        "Normalized EBITDA": 2975759000.0,
        "Total Unusual Items": -5925000.0,
        "Total Unusual Items Excluding Goodwill": -5925000.0,
        "Net Income From Continuing Operation Net Minority Interest": 2316709000.0,
        "Reconciled Cost Of Revenue": 21100380000.0,
        "EBITDA": 2969834000.0,
        "EBIT": 2969834000.0,
        "Net Interest Income": 205503000.0,
        "Interest Expense": 10555000.0,
        "Interest Income": 216058000.0,
        "Normalized Income": 2321394079.887702,
        "Net Income From Continuing And Discontinued Operation": 2316709000.0,
        "Total Expenses": 24886180000.0,
        "Total Operating Income As Reported": 2759701000.0,
        "Diluted Average Shares": 554564765.0,
        "Basic Average Shares": 542295235.0,
        "Diluted EPS": 4.178,
        "Basic EPS": 4.272,
        "Diluted NI Availto Com Stockholders": 2316709000.0,
        "Net Income Common Stockholders": 2316709000.0,
        "Net Income": 2316709000.0,
        "Minority Interests": -31218000.0,
        "Net Income Including Noncontrolling Interests": 2347927000.0,
        "Net Income Continuous Operations": 2347927000.0,
        "Earnings From Equity Interest Net Of Tax": 7934000.0,
        "Tax Provision": 619286000.0,
        "Pretax Income": 2959279000.0,
        "Other Income Expense": -5925000.0,
        "Special Income Charges": NaN,
        "Write Off": NaN,
        "Gain On Sale Of Security": -5925000.0,
        "Net Non Operating Interest Income Expense": 205503000.0,
        "Interest Expense Non Operating": 10555000.0,
        "Interest Income Non Operating": 216058000.0,
        "Operating Income": 2759701000.0,
        "Operating Expense": 3785800000.0,
        "Other Operating Expenses": 2165828000.0,
        "Selling General And Administration": 1619972000.0,
        "Selling And Marketing Expense": 690884000.0,
        "General And Administrative Expense": 929088000.0,
        "Other Gand A": 929088000.0,
        "Gross Profit": 6545501000.0,
        "Cost Of Revenue": 21100380000.0,
        "Total Revenue": 27645881000.0,
        "Operating Revenue": 25847130000.0
    },
    "2024-06-30": {
        "Tax Effect Of Unusual Items": -18924874.198101,
        "Tax Rate For Calcs": 0.17614,
        "Normalized EBITDA": 2424078000.0,
        "Total Unusual Items": -107442000.0,
        "Total Unusual Items Excluding Goodwill": -107442000.0,
        "Net Income From Continuing Operation Net Minority Interest": 1931207000.0,
        "Reconciled Cost Of Revenue": 20533956000.0,
        "EBITDA": 2316636000.0,
        "EBIT": 2316636000.0,
        "Net Interest Income": 177990000.0,
        "Interest Expense": 13666000.0,
        "Interest Income": 191656000.0,
        "Normalized Income": 2019724125.801899,
        "Net Income From Continuing And Discontinued Operation": 1931207000.0,
        "Total Expenses": 24642746000.0,
        "Total Operating Income As Reported": 2232422000.0,
        "Diluted Average Shares": 553677165.0,
        "Basic Average Shares": 543549990.0,
        "Diluted EPS": 3.488,
        "Basic EPS": 3.552,
        "Diluted NI Availto Com Stockholders": 1931207000.0,
        "Net Income Common Stockholders": 1931207000.0,
        "Net Income": 1931207000.0,
        "Minority Interests": -13320000.0,
        "Net Income Including Noncontrolling Interests": 1944527000.0,
        "Net Income Continuous Operations": 1944527000.0,
        "Earnings From Equity Interest Net Of Tax": 47203000.0,
        "Tax Provision": 405646000.0,
        "Pretax Income": 2302970000.0,
        "Other Income Expense": -107442000.0,
        "Special Income Charges": -14691000.0,
        "Write Off": 14691000.0,
        "Gain On Sale Of Security": -92751000.0,
        "Net Non Operating Interest Income Expense": 177990000.0,
        "Interest Expense Non Operating": 13666000.0,
        "Interest Income Non Operating": 191656000.0,
        "Operating Income": 2232422000.0,
        "Operating Expense": 4108790000.0,
        "Other Operating Expenses": 2467457000.0,
        "Selling General And Administration": 1641333000.0,
        "Selling And Marketing Expense": 740662000.0,
        "General And Administrative Expense": 900671000.0,
        "Other Gand A": 900671000.0,
        "Gross Profit": 6341212000.0,
        "Cost Of Revenue": 20533956000.0,
        "Total Revenue": 26875168000.0,
        "Operating Revenue": 25077607000.0
    },
    "2024-09-30": {
        "Tax Effect Of Unusual Items": -10685026.561729,
        "Tax Rate For Calcs": 0.325733,
        "Normalized EBITDA": 1504552000.0,
        "Total Unusual Items": -32803000.0,
        "Total Unusual Items Excluding Goodwill": -32803000.0,
        "Net Income From Continuing Operation Net Minority Interest": 1045339000.0,
        "Reconciled Cost Of Revenue": 15720539000.0,
        "EBITDA": 1471749000.0,
        "EBIT": 1471749000.0,
        "Net Interest Income": 158756000.0,
        "Interest Expense": 15895000.0,
        "Interest Income": 174651000.0,
        "Normalized Income": 1067456973.438271,
        "Net Income From Continuing And Discontinued Operation": 1045339000.0,
        "Total Expenses": 19346040000.0,
        "Total Operating Income As Reported": 1329901000.0,
        "Diluted Average Shares": 530188575.0,
        "Basic Average Shares": 522481345.0,
        "Diluted EPS": 1.972,
        "Basic EPS": 2.0,
        "Diluted NI Availto Com Stockholders": 1045339000.0,
        "Net Income Common Stockholders": 1045339000.0,
        "Net Income": 1045339000.0,
        "Minority Interests": -15338000.0,
        "Net Income Including Noncontrolling Interests": 1060677000.0,
        "Net Income Continuous Operations": 1060677000.0,
        "Earnings From Equity Interest Net Of Tax": 79043000.0,
        "Tax Provision": 474220000.0,
        "Pretax Income": 1455854000.0,
        "Other Income Expense": -32803000.0,
        "Special Income Charges": -43555000.0,
        "Write Off": 43555000.0,
        "Gain On Sale Of Security": 10752000.0,
        "Net Non Operating Interest Income Expense": 158756000.0,
        "Interest Expense Non Operating": 15895000.0,
        "Interest Income Non Operating": 174651000.0,
        "Operating Income": 1329901000.0,
        "Operating Expense": 3625501000.0,
        "Other Operating Expenses": 2049888000.0,
        "Selling General And Administration": 1575613000.0,
        "Selling And Marketing Expense": 617815000.0,
        "General And Administrative Expense": 957798000.0,
        "Other Gand A": 957798000.0,
        "Gross Profit": 4955402000.0,
        "Cost Of Revenue": 15720539000.0,
        "Total Revenue": 20675941000.0,
        "Operating Revenue": 18920273000.0
    },
    "2024-12-31": {
        "Tax Effect Of Unusual Items": 96435336.889872,
        "Tax Rate For Calcs": 0.2497,
        "Normalized EBITDA": 2900732000.0,
        "Total Unusual Items": 386205000.0,
        "Total Unusual Items Excluding Goodwill": 386205000.0,
        "Net Income From Continuing Operation Net Minority Interest": 2446679000.0,
        "Reconciled Cost Of Revenue": 25596304000.0,
        "EBITDA": 3286937000.0,
        "EBIT": 3286937000.0,
        "Net Interest Income": 209868000.0,
        "Interest Expense": 17560000.0,
        "Interest Income": 227428000.0,
        "Normalized Income": 2156909336.889872,
        "Net Income From Continuing And Discontinued Operation": 2446679000.0,
        "Total Expenses": 30550539000.0,
        "Total Operating Income As Reported": 2851228000.0,
        "Diluted Average Shares": 521501400.0,
        "Basic Average Shares": 513444495.0,
        "Diluted EPS": 4.692,
        "Basic EPS": 4.766,
        "Diluted NI Availto Com Stockholders": 2446679000.0,
        "Net Income Common Stockholders": 2446679000.0,
        "Net Income": 2446679000.0,
        "Minority Interests": -39134000.0,
        "Net Income Including Noncontrolling Interests": 2485813000.0,
        "Net Income Continuous Operations": 2485813000.0,
        "Earnings From Equity Interest Net Of Tax": 32799000.0,
        "Tax Provision": 816363000.0,
        "Pretax Income": 3269377000.0,
        "Other Income Expense": 386205000.0,
        "Special Income Charges": 174924000.0,
        "Write Off": 3000000.0,
        "Gain On Sale Of Security": 211281000.0,
        "Net Non Operating Interest Income Expense": 209868000.0,
        "Interest Expense Non Operating": 17560000.0,
        "Interest Income Non Operating": 227428000.0,
        "Operating Income": 2673304000.0,
        "Operating Expense": 4954235000.0,
        "Other Operating Expenses": 2818841000.0,
        "Selling General And Administration": 2135394000.0,
        "Selling And Marketing Expense": 930293000.0,
        "General And Administrative Expense": 1205101000.0,
        "Other Gand A": 1205101000.0,
        "Gross Profit": 7627539000.0,
        "Cost Of Revenue": 25596304000.0,
        "Total Revenue": 33223843000.0,
        "Operating Revenue": 30889540000.0
    },
    "2025-03-31": {
        "Tax Effect Of Unusual Items": -10489009.104949,
        "Tax Rate For Calcs": 0.208136,
        "Normalized EBITDA": 2499748000.0,
        "Total Unusual Items": -50395000.0,
        "Total Unusual Items Excluding Goodwill": -50395000.0,
        "Net Income From Continuing Operation Net Minority Interest": 1942845000.0,
        "Reconciled Cost Of Revenue": 20186333000.0,
        "EBITDA": 2449353000.0,
        "EBIT": 2449353000.0,
        "Net Interest Income": 212710000.0,
        "Interest Expense": 10240000.0,
        "Interest Income": 222950000.0,
        "Normalized Income": 1982750990.895051,
        "Net Income From Continuing And Discontinued Operation": 1942845000.0,
        "Total Expenses": 23991745000.0,
        "Total Operating Income As Reported": 2276798000.0,
        "Diluted Average Shares": 521575550.0,
        "Basic Average Shares": 513411425.0,
        "Diluted EPS": 3.724,
        "Basic EPS": 3.784,
        "Diluted NI Availto Com Stockholders": 1942845000.0,
        "Net Income Common Stockholders": 1942845000.0,
        "Net Income": 1942845000.0,
        "Minority Interests": -37466000.0,
        "Net Income Including Noncontrolling Interests": 1980311000.0,
        "Net Income Continuous Operations": 1980311000.0,
        "Earnings From Equity Interest Net Of Tax": 48865000.0,
        "Tax Provision": 507667000.0,
        "Pretax Income": 2439113000.0,
        "Other Income Expense": -50395000.0,
        "Special Income Charges": NaN,
        "Write Off": NaN,
        "Gain On Sale Of Security": -50395000.0,
        "Net Non Operating Interest Income Expense": 212710000.0,
        "Interest Expense Non Operating": 10240000.0,
        "Interest Income Non Operating": 222950000.0,
        "Operating Income": 2276798000.0,
        "Operating Expense": 3805412000.0,
        "Other Operating Expenses": 2122469000.0,
        "Selling General And Administration": 1682943000.0,
        "Selling And Marketing Expense": 732148000.0,
        "General And Administrative Expense": 950795000.0,
        "Other Gand A": 950795000.0,
        "Gross Profit": 6082210000.0,
        "Cost Of Revenue": 20186333000.0,
        "Total Revenue": 26268543000.0,
        "Operating Revenue": 24293121000.0
    },
    "2025-06-30": {
        "Tax Effect Of Unusual Items": 3936212.796048,
        "Tax Rate For Calcs": 0.2156,
        "Normalized EBITDA": 1893855000.0,
        "Total Unusual Items": 18257000.0,
        "Total Unusual Items Excluding Goodwill": 18257000.0,
        "Net Income From Continuing Operation Net Minority Interest": 1489749000.0,
        "Reconciled Cost Of Revenue": 19751363000.0,
        "EBITDA": 1912112000.0,
        "EBIT": 1912112000.0,
        "Net Interest Income": 172469000.0,
        "Interest Expense": 23482000.0,
        "Interest Income": 195951000.0,
        "Normalized Income": 1475428212.796048,
        "Net Income From Continuing And Discontinued Operation": 1489749000.0,
        "Total Expenses": 24108456000.0,
        "Total Operating Income As Reported": 1697904000.0,
        "Diluted Average Shares": 511765820.0,
        "Basic Average Shares": 506145740.0,
        "Diluted EPS": 2.91,
        "Basic EPS": 2.944,
        "Diluted NI Availto Com Stockholders": 1489749000.0,
        "Net Income Common Stockholders": 1489749000.0,
        "Net Income": 1489749000.0,
        "Minority Interests": -28049000.0,
        "Net Income Including Noncontrolling Interests": 1517798000.0,
        "Net Income Continuous Operations": 1517798000.0,
        "Earnings From Equity Interest Net Of Tax": 36357000.0,
        "Tax Provision": 407189000.0,
        "Pretax Income": 1888630000.0,
        "Other Income Expense": 18257000.0,
        "Special Income Charges": 0.0,
        "Write Off": 0.0,
        "Gain On Sale Of Security": 18257000.0,
        "Net Non Operating Interest Income Expense": 172469000.0,
        "Interest Expense Non Operating": 23482000.0,
        "Interest Income Non Operating": 195951000.0,
        "Operating Income": 1697904000.0,
        "Operating Expense": 4357093000.0,
        "Other Operating Expenses": 2344855000.0,
        "Selling General And Administration": 2012238000.0,
        "Selling And Marketing Expense": 715900000.0,
        "General And Administrative Expense": 1296338000.0,
        "Other Gand A": 1296338000.0,
        "Gross Profit": 6054997000.0,
        "Cost Of Revenue": 19751363000.0,
        "Total Revenue": 25806360000.0,
        "Operating Revenue": 23797383000.0
    }
}