{
    "2023-03-31": {
        "Tax Effect Of Unusual Items": -209648.0,
        "Tax Rate For Calcs": 0.016,
        "Normalized EBITDA": -124630000.0,
        "Total Unusual Items": -13103000.0,
        "Total Unusual Items Excluding Goodwill": -13103000.0,
        "Net Income From Continuing Operation Net Minority Interest": -140900000.0,
        "Reconciled Depreciation": 5638000.0,
        "Reconciled Cost Of Revenue": 1907000.0,
        "EBITDA": -137733000.0,
        "EBIT": -143371000.0,
        "Net Interest Income": 21307000.0,
        "Interest Income": 21307000.0,
        "Normalized Income": -128006648.0,
        "Net Income From Continuing And Discontinued Operation": -140900000.0,
        "Total Expenses": 190083000.0,
        "Total Operating Income As Reported": -143371000.0,
        "Diluted Average Shares": 133552839.0,
        "Basic Average Shares": 133552839.0,
        "Diluted EPS": -1.06,
        "Basic EPS": -1.06,
        "Diluted NI Availto Com Stockholders": -140900000.0,
        "Net Income Common Stockholders": -140900000.0,
        "Net Income": -140900000.0,
        "Minority Interests": 56000.0,
        "Net Income Including Noncontrolling Interests": -140956000.0,
        "Net Income Continuous Operations": -140956000.0,
        "Tax Provision": -2232000.0,
        "Pretax Income": -143188000.0,
        "Other Income Expense": -21124000.0,
        "Other Non Operating Income Expenses": -8021000.0,
        "Gain On Sale Of Security": -13103000.0,
        "Net Non Operating Interest Income Expense": 21307000.0,
        "Interest Income Non Operating": 21307000.0,
        "Operating Income": -143371000.0,
        "Operating Expense": 188176000.0,
        "Other Operating Expenses": -16245000.0,
        "Research And Development": 157643000.0,
        "Selling General And Administration": 46778000.0,
        "Gross Profit": 44805000.0,
        "Cost Of Revenue": 1907000.0,
        "Total Revenue": 46712000.0,
        "Operating Revenue": 46712000.0
    },
    "2022-12-31": {
        "Tax Effect Of Unusual Items": 2929745.611258,
        "Tax Rate For Calcs": 0.329963,
        "Normalized EBITDA": -157428000.0,
        "Total Unusual Items": 8879000.0,
        "Total Unusual Items Excluding Goodwill": 8879000.0,
        "Net Income From Continuing Operation Net Minority Interest": -101603000.0,
        "Reconciled Depreciation": 1953000.0,
        "Reconciled Cost Of Revenue": 5996000.0,
        "EBITDA": -148549000.0,
        "EBIT": -150502000.0,
        "Net Interest Income": 16172000.0,
        "Interest Income": 16172000.0,
        "Normalized Income": -107552254.388742,
        "Net Income From Continuing And Discontinued Operation": -101603000.0,
        "Total Expenses": 172291000.0,
        "Total Operating Income As Reported": -150502000.0,
        "Diluted Average Shares": 133154960.0,
        "Basic Average Shares": 133154960.0,
        "Diluted EPS": -0.76,
        "Basic EPS": -0.76,
        "Diluted NI Availto Com Stockholders": -101603000.0,
        "Net Income Common Stockholders": -101603000.0,
        "Net Income": -101603000.0,
        "Minority Interests": NaN,
        "Net Income Including Noncontrolling Interests": -101603000.0,
        "Net Income Continuous Operations": -101603000.0,
        "Tax Provision": -50035000.0,
        "Pretax Income": -151638000.0,
        "Other Income Expense": -17308000.0,
        "Other Non Operating Income Expenses": -26187000.0,
        "Gain On Sale Of Security": 8879000.0,
        "Net Non Operating Interest Income Expense": 16172000.0,
        "Interest Income Non Operating": 16172000.0,
        "Operating Income": -150502000.0,
        "Operating Expense": 166295000.0,
        "Other Operating Expenses": -27621000.0,
        "Research And Development": 155173000.0,
        "Selling General And Administration": 38743000.0,
        "Gross Profit": 15793000.0,
        "Cost Of Revenue": 5996000.0,
        "Total Revenue": 21789000.0,
        "Operating Revenue": 21789000.0
    },
    "2022-09-30": {
        "Tax Effect Of Unusual Items": -2647694.413315,
        "Tax Rate For Calcs": 0.194827,
        "Normalized EBITDA": 208554000.0,
        "Total Unusual Items": -13590000.0,
        "Total Unusual Items Excluding Goodwill": -13590000.0,
        "Net Income From Continuing Operation Net Minority Interest": 175312000.0,
        "Reconciled Depreciation": 1682000.0,
        "Reconciled Cost Of Revenue": 22253000.0,
        "EBITDA": 194964000.0,
        "EBIT": 194964000.0,
        "Net Interest Income": 9332000.0,
        "Interest Income": 9332000.0,
        "Normalized Income": 186254305.586685,
        "Net Income From Continuing And Discontinued Operation": 175312000.0,
        "Total Expenses": 176468000.0,
        "Total Operating Income As Reported": 194964000.0,
        "Diluted Average Shares": 134963317.0,
        "Basic Average Shares": 132729530.0,
        "Diluted EPS": 1.3,
        "Basic EPS": 1.32,
        "Diluted NI Availto Com Stockholders": 175312000.0,
        "Net Income Common Stockholders": 175312000.0,
        "Net Income": 175312000.0,
        "Minority Interests": NaN,
        "Net Income Including Noncontrolling Interests": 175312000.0,
        "Net Income Continuous Operations": 175312000.0,
        "Tax Provision": 42420000.0,
        "Pretax Income": 217732000.0,
        "Other Income Expense": 13436000.0,
        "Other Non Operating Income Expenses": 27026000.0,
        "Gain On Sale Of Security": -13590000.0,
        "Net Non Operating Interest Income Expense": 9332000.0,
        "Interest Income Non Operating": 9332000.0,
        "Operating Income": 194964000.0,
        "Operating Expense": 154215000.0,
        "Other Operating Expenses": -3125000.0,
        "Research And Development": 114166000.0,
        "Selling General And Administration": 43174000.0,
        "Gross Profit": 349179000.0,
        "Cost Of Revenue": 22253000.0,
        "Total Revenue": 371432000.0,
        "Operating Revenue": 371432000.0
    },
    "2022-06-30": {
        "Tax Effect Of Unusual Items": -4556000.0,
        "Tax Rate For Calcs": 0.4,
        "Normalized EBITDA": -212236000.0,
        "Total Unusual Items": -11390000.0,
        "Total Unusual Items Excluding Goodwill": -11390000.0,
        "Net Income From Continuing Operation Net Minority Interest": -76493000.0,
        "Reconciled Depreciation": 1596000.0,
        "Reconciled Cost Of Revenue": 27921000.0,
        "EBITDA": -223626000.0,
        "EBIT": -225222000.0,
        "Net Interest Income": 2200000.0,
        "Interest Income": 2200000.0,
        "Normalized Income": -69659000.0,
        "Net Income From Continuing And Discontinued Operation": -76493000.0,
        "Total Expenses": 182535000.0,
        "Total Operating Income As Reported": -225222000.0,
        "Diluted Average Shares": 132450018.0,
        "Basic Average Shares": 132450018.0,
        "Diluted EPS": -0.58,
        "Basic EPS": -0.58,
        "Diluted NI Availto Com Stockholders": -76493000.0,
        "Net Income Common Stockholders": -76493000.0,
        "Net Income": -76493000.0,
        "Minority Interests": NaN,
        "Net Income Including Noncontrolling Interests": -76493000.0,
        "Net Income Continuous Operations": -76493000.0,
        "Tax Provision": -157228000.0,
        "Pretax Income": -233721000.0,
        "Other Income Expense": -10699000.0,
        "Other Non Operating Income Expenses": 691000.0,
        "Gain On Sale Of Security": -11390000.0,
        "Net Non Operating Interest Income Expense": 2200000.0,
        "Interest Income Non Operating": 2200000.0,
        "Operating Income": -225222000.0,
        "Operating Expense": 154614000.0,
        "Other Operating Expenses": -2058000.0,
        "Research And Development": 115082000.0,
        "Selling General And Administration": 41590000.0,
        "Gross Profit": -70608000.0,
        "Cost Of Revenue": 27921000.0,
        "Total Revenue": -42687000.0,
        "Operating Revenue": -42687000.0
    },
    "2022-03-31": {
        "Diluted EPS": 3.85,
        "Total Revenue": NaN,
        "Gross Profit": NaN,
        "Operating Income": NaN,
        "EBIT": NaN,
        "Net Income": 519
    },
    "2021-12-31": {
        "Diluted EPS": 4.0,
        "Total Revenue": 813,
        "Gross Profit": 756,
        "Operating Income": 572,
        "EBIT": 574,
        "Net Income": 525
    },
    "2021-09-30": {
        "Diluted EPS": 0.82,
        "Total Revenue": 104,
        "Gross Profit": 96,
        "Operating Income": -53,
        "EBIT": -53,
        "Net Income": 110
    },
    "2021-06-30": {
        "Diluted EPS": 0.46,
        "Total Revenue": 177,
        "Gross Profit": 176,
        "Operating Income": 61,
        "EBIT": 62,
        "Net Income": 62
    },
    "2021-03-31": {
        "Diluted EPS": -1.32,
        "Total Revenue": 2,
        "Gross Profit": 2,
        "Operating Income": -159,
        "EBIT": -157,
        "Net Income": -169
    },
    "2020-12-31": {
        "Diluted EPS": -0.86,
        "Total Revenue": 2,
        "Gross Profit": 2,
        "Operating Income": -108,
        "EBIT": -107,
        "Net Income": -106
    },
    "2020-09-30": {
        "Diluted EPS": -0.67,
        "Total Revenue": 2,
        "Gross Profit": 2,
        "Operating Income": -88,
        "EBIT": -85,
        "Net Income": -85
    },
    "2020-06-30": {
        "Diluted EPS": -0.27,
        "Total Revenue": 67,
        "Gross Profit": 67,
        "Operating Income": -29,
        "EBIT": -27,
        "Net Income": -31
    },
    "2020-03-31": {
        "Diluted EPS": -0.71,
        "Total Revenue": 6,
        "Gross Profit": 6,
        "Operating Income": -72,
        "EBIT": -70,
        "Net Income": -77
    },
    "2019-12-31": {
        "Diluted EPS": 5.67,
        "Total Revenue": 1,
        "Gross Profit": 1,
        "Operating Income": -64,
        "EBIT": -62,
        "Net Income": -64
    },
    "2019-09-30": {
        "Diluted EPS": -4.6,
        "Total Revenue": 1,
        "Gross Profit": 1,
        "Operating Income": -48,
        "EBIT": -46,
        "Net Income": -48
    },
    "2019-06-30": {
        "Diluted EPS": -3.64,
        "Total Revenue": 2,
        "Gross Profit": 2,
        "Operating Income": -36,
        "EBIT": -35,
        "Net Income": -34
    },
    "2019-03-31": {
        "Diluted EPS": -3.19,
        "Total Revenue": 4,
        "Gross Profit": 4,
        "Operating Income": -31,
        "EBIT": -30,
        "Net Income": -29
    },
    "2018-12-31": {
        "Diluted EPS": 0.0,
        "Total Revenue": NaN,
        "Gross Profit": NaN,
        "Operating Income": NaN,
        "EBIT": NaN,
        "Net Income": NaN
    },
    "2018-09-30": {
        "Diluted EPS": -4.16,
        "Total Revenue": 3,
        "Gross Profit": 3,
        "Operating Income": -34,
        "EBIT": -34,
        "Net Income": -33
    },
    "2017-12-31": {
        "Diluted EPS": 0.0,
        "Total Revenue": NaN,
        "Gross Profit": NaN,
        "Operating Income": NaN,
        "EBIT": NaN,
        "Net Income": NaN
    },
    "2023-06-30": {
        "Tax Effect Of Unusual Items": NaN,
        "Tax Rate For Calcs": NaN,
        "Normalized EBITDA": NaN,
        "Total Unusual Items": NaN,
        "Total Unusual Items Excluding Goodwill": NaN,
        "Net Income From Continuing Operation Net Minority Interest": NaN,
        "Reconciled Depreciation": NaN,
        "Reconciled Cost Of Revenue": NaN,
        "EBITDA": NaN,
        "EBIT": NaN,
        "Net Interest Income": NaN,
        "Interest Income": NaN,
        "Normalized Income": NaN,
        "Net Income From Continuing And Discontinued Operation": NaN,
        "Total Expenses": NaN,
        "Total Operating Income As Reported": NaN,
        "Diluted Average Shares": NaN,
        "Basic Average Shares": NaN,
        "Diluted EPS": NaN,
        "Basic EPS": NaN,
        "Diluted NI Availto Com Stockholders": NaN,
        "Net Income Common Stockholders": NaN,
        "Net Income": NaN,
        "Minority Interests": NaN,
        "Net Income Including Noncontrolling Interests": NaN,
        "Net Income Continuous Operations": NaN,
        "Tax Provision": NaN,
        "Pretax Income": NaN,
        "Other Income Expense": NaN,
        "Other Non Operating Income Expenses": NaN,
        "Special Income Charges": -5366000.0,
        "Restructuring And Mergern Acquisition": 5366000.0,
        "Gain On Sale Of Security": NaN,
        "Net Non Operating Interest Income Expense": NaN,
        "Interest Income Non Operating": NaN,
        "Operating Income": NaN,
        "Operating Expense": NaN,
        "Other Operating Expenses": NaN,
        "Research And Development": NaN,
        "Selling General And Administration": NaN,
        "Gross Profit": NaN,
        "Cost Of Revenue": NaN,
        "Total Revenue": NaN,
        "Operating Revenue": NaN
    },
    "2023-09-30": {
        "Tax Effect Of Unusual Items": NaN,
        "Tax Rate For Calcs": NaN,
        "Normalized EBITDA": NaN,
        "Total Unusual Items": NaN,
        "Total Unusual Items Excluding Goodwill": NaN,
        "Net Income From Continuing Operation Net Minority Interest": NaN,
        "Reconciled Depreciation": NaN,
        "Reconciled Cost Of Revenue": NaN,
        "EBITDA": NaN,
        "EBIT": NaN,
        "Net Interest Income": NaN,
        "Interest Income": NaN,
        "Normalized Income": NaN,
        "Net Income From Continuing And Discontinued Operation": NaN,
        "Total Expenses": NaN,
        "Total Operating Income As Reported": NaN,
        "Diluted Average Shares": 134289620.0,
        "Basic Average Shares": 134289620.0,
        "Diluted EPS": -1.22,
        "Basic EPS": -1.22,
        "Diluted NI Availto Com Stockholders": NaN,
        "Net Income Common Stockholders": NaN,
        "Net Income": NaN,
        "Minority Interests": NaN,
        "Net Income Including Noncontrolling Interests": NaN,
        "Net Income Continuous Operations": NaN,
        "Tax Provision": NaN,
        "Pretax Income": NaN,
        "Other Income Expense": NaN,
        "Other Non Operating Income Expenses": NaN,
        "Special Income Charges": -3372000.0,
        "Restructuring And Mergern Acquisition": 3372000.0,
        "Gain On Sale Of Security": NaN,
        "Net Non Operating Interest Income Expense": NaN,
        "Interest Income Non Operating": NaN,
        "Operating Income": NaN,
        "Operating Expense": NaN,
        "Other Operating Expenses": NaN,
        "Research And Development": NaN,
        "Selling General And Administration": NaN,
        "Gross Profit": NaN,
        "Cost Of Revenue": NaN,
        "Total Revenue": NaN,
        "Operating Revenue": NaN
    },
    "2023-12-31": {
        "Tax Effect Of Unusual Items": NaN,
        "Tax Rate For Calcs": NaN,
        "Normalized EBITDA": NaN,
        "Total Unusual Items": NaN,
        "Total Unusual Items Excluding Goodwill": NaN,
        "Net Income From Continuing Operation Net Minority Interest": NaN,
        "Reconciled Depreciation": NaN,
        "Reconciled Cost Of Revenue": NaN,
        "EBITDA": NaN,
        "EBIT": NaN,
        "Net Interest Income": NaN,
        "Interest Income": NaN,
        "Normalized Income": NaN,
        "Net Income From Continuing And Discontinued Operation": NaN,
        "Total Expenses": NaN,
        "Total Operating Income As Reported": NaN,
        "Diluted Average Shares": NaN,
        "Basic Average Shares": NaN,
        "Diluted EPS": NaN,
        "Basic EPS": NaN,
        "Diluted NI Availto Com Stockholders": NaN,
        "Net Income Common Stockholders": NaN,
        "Net Income": NaN,
        "Minority Interests": 0.0,
        "Net Income Including Noncontrolling Interests": NaN,
        "Net Income Continuous Operations": NaN,
        "Tax Provision": NaN,
        "Pretax Income": NaN,
        "Other Income Expense": NaN,
        "Other Non Operating Income Expenses": NaN,
        "Special Income Charges": NaN,
        "Restructuring And Mergern Acquisition": NaN,
        "Gain On Sale Of Security": NaN,
        "Net Non Operating Interest Income Expense": NaN,
        "Interest Income Non Operating": NaN,
        "Operating Income": NaN,
        "Operating Expense": NaN,
        "Other Operating Expenses": NaN,
        "Research And Development": NaN,
        "Selling General And Administration": NaN,
        "Gross Profit": NaN,
        "Cost Of Revenue": NaN,
        "Total Revenue": NaN,
        "Operating Revenue": NaN
    },
    "2024-03-31": {
        "Tax Effect Of Unusual Items": NaN,
        "Tax Rate For Calcs": NaN,
        "Normalized EBITDA": NaN,
        "Total Unusual Items": NaN,
        "Total Unusual Items Excluding Goodwill": NaN,
        "Net Income From Continuing Operation Net Minority Interest": NaN,
        "Reconciled Depreciation": NaN,
        "Reconciled Cost Of Revenue": NaN,
        "EBITDA": NaN,
        "EBIT": NaN,
        "Net Interest Income": NaN,
        "Interest Income": NaN,
        "Normalized Income": NaN,
        "Net Income From Continuing And Discontinued Operation": NaN,
        "Total Expenses": NaN,
        "Total Operating Income As Reported": NaN,
        "Diluted Average Shares": NaN,
        "Basic Average Shares": NaN,
        "Diluted EPS": NaN,
        "Basic EPS": NaN,
        "Diluted NI Availto Com Stockholders": NaN,
        "Net Income Common Stockholders": NaN,
        "Net Income": NaN,
        "Minority Interests": 0.0,
        "Net Income Including Noncontrolling Interests": NaN,
        "Net Income Continuous Operations": NaN,
        "Tax Provision": NaN,
        "Pretax Income": NaN,
        "Other Income Expense": NaN,
        "Other Non Operating Income Expenses": NaN,
        "Special Income Charges": NaN,
        "Restructuring And Mergern Acquisition": NaN,
        "Gain On Sale Of Security": NaN,
        "Net Non Operating Interest Income Expense": NaN,
        "Interest Income Non Operating": NaN,
        "Operating Income": NaN,
        "Operating Expense": NaN,
        "Other Operating Expenses": NaN,
        "Research And Development": NaN,
        "Selling General And Administration": NaN,
        "Gross Profit": NaN,
        "Cost Of Revenue": NaN,
        "Total Revenue": NaN,
        "Operating Revenue": NaN
    },
    "2024-06-30": {
        "Tax Effect Of Unusual Items": -279356.294231,
        "Tax Rate For Calcs": 0.010808,
        "Normalized EBITDA": -102249000.0,
        "Total Unusual Items": -25846000.0,
        "Total Unusual Items Excluding Goodwill": -25846000.0,
        "Net Income From Continuing Operation Net Minority Interest": -138378000.0,
        "Reconciled Depreciation": 4260000.0,
        "Reconciled Cost Of Revenue": 52000.0,
        "EBITDA": -128095000.0,
        "EBIT": -132355000.0,
        "Net Interest Income": 18846000.0,
        "Interest Income": 18846000.0,
        "Normalized Income": -112811356.294231,
        "Net Income From Continuing And Discontinued Operation": -138378000.0,
        "Total Expenses": 133296000.0,
        "Total Operating Income As Reported": -158630000.0,
        "Diluted Average Shares": 136233725.0,
        "Basic Average Shares": 136233725.0,
        "Diluted EPS": -1.02,
        "Basic EPS": -1.02,
        "Diluted NI Availto Com Stockholders": -138378000.0,
        "Net Income Common Stockholders": -138378000.0,
        "Net Income": -138378000.0,
        "Minority Interests": 0.0,
        "Net Income Including Noncontrolling Interests": -138378000.0,
        "Net Income Continuous Operations": -138378000.0,
        "Tax Provision": -1512000.0,
        "Pretax Income": -139890000.0,
        "Other Income Expense": -26381000.0,
        "Other Non Operating Income Expenses": -535000.0,
        "Special Income Charges": -26275000.0,
        "Restructuring And Mergern Acquisition": 26275000.0,
        "Gain On Sale Of Security": 429000.0,
        "Net Non Operating Interest Income Expense": 18846000.0,
        "Interest Income Non Operating": 18846000.0,
        "Operating Income": -132355000.0,
        "Operating Expense": 133244000.0,
        "Other Operating Expenses": -2134000.0,
        "Research And Development": 105113000.0,
        "Selling General And Administration": 30265000.0,
        "Gross Profit": 889000.0,
        "Cost Of Revenue": 52000.0,
        "Total Revenue": 941000.0,
        "Operating Revenue": 941000.0
    },
    "2024-09-30": {
        "Tax Effect Of Unusual Items": -2432220.0,
        "Tax Rate For Calcs": 0.21,
        "Normalized EBITDA": -204114000.0,
        "Total Unusual Items": -11582000.0,
        "Total Unusual Items Excluding Goodwill": -11582000.0,
        "Net Income From Continuing Operation Net Minority Interest": -213717000.0,
        "Reconciled Depreciation": 2896000.0,
        "Reconciled Cost Of Revenue": 50000.0,
        "EBITDA": -215696000.0,
        "EBIT": -218592000.0,
        "Net Interest Income": 17527000.0,
        "Interest Income": 17527000.0,
        "Normalized Income": -204567220.0,
        "Net Income From Continuing And Discontinued Operation": -213717000.0,
        "Total Expenses": 218881000.0,
        "Total Operating Income As Reported": -231304000.0,
        "Diluted Average Shares": 136653753.0,
        "Basic Average Shares": 136653753.0,
        "Diluted EPS": -1.56,
        "Basic EPS": -1.56,
        "Diluted NI Availto Com Stockholders": -213717000.0,
        "Net Income Common Stockholders": -213717000.0,
        "Net Income": -213717000.0,
        "Minority Interests": 0.0,
        "Net Income Including Noncontrolling Interests": -213717000.0,
        "Net Income Continuous Operations": -213717000.0,
        "Tax Provision": 177000.0,
        "Pretax Income": -213540000.0,
        "Other Income Expense": -12475000.0,
        "Other Non Operating Income Expenses": -893000.0,
        "Special Income Charges": -12712000.0,
        "Restructuring And Mergern Acquisition": 12712000.0,
        "Gain On Sale Of Security": 1130000.0,
        "Net Non Operating Interest Income Expense": 17527000.0,
        "Interest Income Non Operating": 17527000.0,
        "Operating Income": -218592000.0,
        "Operating Expense": 218831000.0,
        "Other Operating Expenses": -2091000.0,
        "Research And Development": 195178000.0,
        "Selling General And Administration": 25744000.0,
        "Gross Profit": 239000.0,
        "Cost Of Revenue": 50000.0,
        "Total Revenue": 289000.0,
        "Operating Revenue": 289000.0
    },
    "2024-12-31": {
        "Tax Effect Of Unusual Items": 2277.449248,
        "Tax Rate For Calcs": 0.000822,
        "Normalized EBITDA": -120980000.0,
        "Total Unusual Items": 2772000.0,
        "Total Unusual Items Excluding Goodwill": 2772000.0,
        "Net Income From Continuing Operation Net Minority Interest": -104589000.0,
        "Reconciled Depreciation": 2886000.0,
        "Reconciled Cost Of Revenue": 684000.0,
        "EBITDA": -118208000.0,
        "EBIT": -121094000.0,
        "Net Interest Income": 14153000.0,
        "Interest Income": 14153000.0,
        "Normalized Income": -107358722.550752,
        "Net Income From Continuing And Discontinued Operation": -104589000.0,
        "Total Expenses": 132372000.0,
        "Total Operating Income As Reported": -117150000.0,
        "Diluted Average Shares": 136808690.0,
        "Basic Average Shares": 136808690.0,
        "Diluted EPS": -0.76,
        "Basic EPS": -0.76,
        "Diluted NI Availto Com Stockholders": -104589000.0,
        "Net Income Common Stockholders": -104589000.0,
        "Net Income": -104589000.0,
        "Minority Interests": 0.0,
        "Net Income Including Noncontrolling Interests": -104589000.0,
        "Net Income Continuous Operations": -104589000.0,
        "Tax Provision": -86000.0,
        "Pretax Income": -104675000.0,
        "Other Income Expense": 2266000.0,
        "Other Non Operating Income Expenses": -506000.0,
        "Special Income Charges": 3944000.0,
        "Restructuring And Mergern Acquisition": -3944000.0,
        "Gain On Sale Of Security": -1172000.0,
        "Net Non Operating Interest Income Expense": 14153000.0,
        "Interest Income Non Operating": 14153000.0,
        "Operating Income": -121094000.0,
        "Operating Expense": 131688000.0,
        "Other Operating Expenses": -1096000.0,
        "Research And Development": 106083000.0,
        "Selling General And Administration": 26701000.0,
        "Gross Profit": 10594000.0,
        "Cost Of Revenue": 684000.0,
        "Total Revenue": 11278000.0,
        "Operating Revenue": 11278000.0
    },
    "2025-03-31": {
        "Tax Effect Of Unusual Items": 0.0,
        "Tax Rate For Calcs": 0.0,
        "Normalized EBITDA": -143082000.0,
        "Total Unusual Items": 6392000.0,
        "Total Unusual Items Excluding Goodwill": 6392000.0,
        "Net Income From Continuing Operation Net Minority Interest": -120965000.0,
        "Reconciled Depreciation": 2867000.0,
        "Reconciled Cost Of Revenue": 0.0,
        "EBITDA": -136690000.0,
        "EBIT": -139557000.0,
        "Net Interest Income": 12288000.0,
        "Interest Income": 12288000.0,
        "Normalized Income": -127357000.0,
        "Net Income From Continuing And Discontinued Operation": -120965000.0,
        "Total Expenses": 141351000.0,
        "Total Operating Income As Reported": -139547000.0,
        "Diluted Average Shares": 137468900.0,
        "Basic Average Shares": 137468900.0,
        "Diluted EPS": -0.88,
        "Basic EPS": -0.88,
        "Diluted NI Availto Com Stockholders": -120965000.0,
        "Net Income Common Stockholders": -120965000.0,
        "Net Income": -120965000.0,
        "Minority Interests": NaN,
        "Net Income Including Noncontrolling Interests": -120965000.0,
        "Net Income Continuous Operations": -120965000.0,
        "Tax Provision": 16000.0,
        "Pretax Income": -120949000.0,
        "Other Income Expense": 6320000.0,
        "Other Non Operating Income Expenses": -72000.0,
        "Special Income Charges": 10000.0,
        "Restructuring And Mergern Acquisition": -10000.0,
        "Gain On Sale Of Security": 6382000.0,
        "Net Non Operating Interest Income Expense": 12288000.0,
        "Interest Income Non Operating": 12288000.0,
        "Operating Income": -139557000.0,
        "Operating Expense": 141351000.0,
        "Other Operating Expenses": -1238000.0,
        "Research And Development": 118645000.0,
        "Selling General And Administration": 23944000.0,
        "Gross Profit": 1794000.0,
        "Cost Of Revenue": 0.0,
        "Total Revenue": 1794000.0,
        "Operating Revenue": 1794000.0
    },
    "2025-06-30": {
        "Tax Effect Of Unusual Items": -674100.0,
        "Tax Rate For Calcs": 0.21,
        "Normalized EBITDA": -112462000.0,
        "Total Unusual Items": -3210000.0,
        "Total Unusual Items Excluding Goodwill": -3210000.0,
        "Net Income From Continuing Operation Net Minority Interest": -110958000.0,
        "Reconciled Depreciation": 2917000.0,
        "Reconciled Cost Of Revenue": 11000.0,
        "EBITDA": -115672000.0,
        "EBIT": -118589000.0,
        "Net Interest Income": 10785000.0,
        "Interest Income": 10785000.0,
        "Normalized Income": -108422100.0,
        "Net Income From Continuing And Discontinued Operation": -110958000.0,
        "Total Expenses": 119620000.0,
        "Total Operating Income As Reported": -118417000.0,
        "Diluted Average Shares": 138447469.0,
        "Basic Average Shares": 138447469.0,
        "Diluted EPS": -0.8,
        "Basic EPS": -0.8,
        "Diluted NI Availto Com Stockholders": -110958000.0,
        "Net Income Common Stockholders": -110958000.0,
        "Net Income": -110958000.0,
        "Minority Interests": NaN,
        "Net Income Including Noncontrolling Interests": -110958000.0,
        "Net Income Continuous Operations": -110958000.0,
        "Tax Provision": 170000.0,
        "Pretax Income": -110788000.0,
        "Other Income Expense": -2984000.0,
        "Other Non Operating Income Expenses": 226000.0,
        "Special Income Charges": 172000.0,
        "Restructuring And Mergern Acquisition": -172000.0,
        "Gain On Sale Of Security": -3382000.0,
        "Net Non Operating Interest Income Expense": 10785000.0,
        "Interest Income Non Operating": 10785000.0,
        "Operating Income": -118589000.0,
        "Operating Expense": 119609000.0,
        "Other Operating Expenses": -183000.0,
        "Research And Development": 97509000.0,
        "Selling General And Administration": 22283000.0,
        "Gross Profit": 1020000.0,
        "Cost Of Revenue": 11000.0,
        "Total Revenue": 1031000.0,
        "Operating Revenue": 1031000.0
    }
}