{
    "2022-12-31": {
        "Tax Effect Of Unusual Items": -70500379.377,
        "Tax Rate For Calcs": 0.170289,
        "Normalized EBITDA": 5139302000.0,
        "Total Unusual Items": -414004000.0,
        "Total Unusual Items Excluding Goodwill": -414004000.0,
        "Net Income From Continuing Operation Net Minority Interest": 1126334000.0,
        "Reconciled Depreciation": 3263223000.0,
        "Reconciled Cost Of Revenue": 4584694000.0,
        "EBITDA": 4725298000.0,
        "EBIT": 1462075000.0,
        "Net Interest Income": -315663000.0,
        "Interest Expense": 105124000.0,
        "Interest Income": 148026000.0,
        "Normalized Income": 1469837620.623,
        "Net Income From Continuing And Discontinued Operation": 1126334000.0,
        "Total Expenses": 10562068000.0,
        "Rent Expense Supplemental": 362901000.0,
        "Total Operating Income As Reported": 1960693000.0,
        "Diluted Average Shares": NaN,
        "Basic Average Shares": NaN,
        "Diluted EPS": NaN,
        "Basic EPS": NaN,
        "Diluted NI Availto Com Stockholders": 1126334000.0,
        "Net Income Common Stockholders": 1126334000.0,
        "Net Income": 1126334000.0,
        "Minority Interests": 457000.0,
        "Net Income Including Noncontrolling Interests": 1125877000.0,
        "Net Income Continuous Operations": 1125877000.0,
        "Tax Provision": 231074000.0,
        "Pretax Income": 1356951000.0,
        "Other Income Expense": -424556000.0,
        "Special Income Charges": -315131000.0,
        "Write Off": 315131000.0,
        "Earnings From Equity Interest": -10552000.0,
        "Gain On Sale Of Security": -98873000.0,
        "Net Non Operating Interest Income Expense": -315663000.0,
        "Total Other Finance Cost": 358565000.0,
        "Interest Expense Non Operating": 105124000.0,
        "Interest Income Non Operating": 148026000.0,
        "Operating Income": 2097170000.0,
        "Operating Expense": 3308352000.0,
        "Other Operating Expenses": -120371000.0,
        "Other Taxes": 54070000.0,
        "Provision For Doubtful Accounts": NaN,
        "Depreciation Amortization Depletion Income Statement": 594201000.0,
        "Depreciation And Amortization In Income Statement": 594201000.0,
        "Selling General And Administration": 2780452000.0,
        "Selling And Marketing Expense": 1393900000.0,
        "General And Administrative Expense": 1386552000.0,
        "Other Gand A": 324267000.0,
        "Rent And Landing Fees": 31183000.0,
        "Salaries And Wages": 1031102000.0,
        "Gross Profit": 5405522000.0,
        "Cost Of Revenue": 7253716000.0,
        "Total Revenue": 12659238000.0,
        "Operating Revenue": 32379098000.0
    },
    "2022-09-30": {
        "Tax Effect Of Unusual Items": NaN,
        "Tax Rate For Calcs": NaN,
        "Normalized EBITDA": NaN,
        "Total Unusual Items": NaN,
        "Total Unusual Items Excluding Goodwill": NaN,
        "Net Income From Continuing Operation Net Minority Interest": NaN,
        "Reconciled Depreciation": NaN,
        "Reconciled Cost Of Revenue": NaN,
        "EBITDA": NaN,
        "EBIT": NaN,
        "Net Interest Income": NaN,
        "Interest Expense": NaN,
        "Interest Income": NaN,
        "Normalized Income": NaN,
        "Net Income From Continuing And Discontinued Operation": NaN,
        "Total Expenses": NaN,
        "Rent Expense Supplemental": NaN,
        "Total Operating Income As Reported": NaN,
        "Diluted Average Shares": 1667332831.0,
        "Basic Average Shares": 1667332831.0,
        "Diluted EPS": 0.863531,
        "Basic EPS": 0.863531,
        "Diluted NI Availto Com Stockholders": NaN,
        "Net Income Common Stockholders": NaN,
        "Net Income": NaN,
        "Minority Interests": NaN,
        "Net Income Including Noncontrolling Interests": NaN,
        "Net Income Continuous Operations": NaN,
        "Tax Provision": NaN,
        "Pretax Income": NaN,
        "Other Income Expense": NaN,
        "Special Income Charges": NaN,
        "Other Special Charges": NaN,
        "Write Off": NaN,
        "Earnings From Equity Interest": NaN,
        "Gain On Sale Of Security": NaN,
        "Net Non Operating Interest Income Expense": NaN,
        "Total Other Finance Cost": NaN,
        "Interest Expense Non Operating": NaN,
        "Interest Income Non Operating": NaN,
        "Operating Income": NaN,
        "Operating Expense": NaN,
        "Other Operating Expenses": NaN,
        "Other Taxes": NaN,
        "Provision For Doubtful Accounts": 301000000.0,
        "Depreciation Amortization Depletion Income Statement": NaN,
        "Depreciation And Amortization In Income Statement": NaN,
        "Amortization": NaN,
        "Amortization Of Intangibles Income Statement": NaN,
        "Depreciation Income Statement": NaN,
        "Selling General And Administration": NaN,
        "Selling And Marketing Expense": NaN,
        "General And Administrative Expense": NaN,
        "Other Gand A": NaN,
        "Rent And Landing Fees": NaN,
        "Salaries And Wages": NaN,
        "Gross Profit": NaN,
        "Cost Of Revenue": NaN,
        "Total Revenue": NaN,
        "Excise Taxes": NaN,
        "Operating Revenue": NaN
    },
    "2022-06-30": {
        "Tax Effect Of Unusual Items": -63358013.078609,
        "Tax Rate For Calcs": 0.149057,
        "Normalized EBITDA": 4883222000.0,
        "Total Unusual Items": -425058000.0,
        "Total Unusual Items Excluding Goodwill": -425058000.0,
        "Net Income From Continuing Operation Net Minority Interest": 762672000.0,
        "Reconciled Depreciation": 3096965000.0,
        "Reconciled Cost Of Revenue": 4157178000.0,
        "EBITDA": 4458164000.0,
        "EBIT": 1361199000.0,
        "Net Interest Income": -329397000.0,
        "Interest Expense": 484959000.0,
        "Interest Income": 135048000.0,
        "Normalized Income": 1124371986.921391,
        "Net Income From Continuing And Discontinued Operation": 762672000.0,
        "Total Expenses": 10223530000.0,
        "Rent Expense Supplemental": 321335000.0,
        "Total Operating Income As Reported": 1477305000.0,
        "Diluted Average Shares": 1672837000.0,
        "Basic Average Shares": 1672837000.0,
        "Diluted EPS": 0.46,
        "Basic EPS": 0.46,
        "Diluted NI Availto Com Stockholders": 762672000.0,
        "Net Income Common Stockholders": 762672000.0,
        "Net Income": 762672000.0,
        "Minority Interests": 17042000.0,
        "Net Income Including Noncontrolling Interests": 745630000.0,
        "Net Income Continuous Operations": 745630000.0,
        "Tax Provision": 130610000.0,
        "Pretax Income": 876240000.0,
        "Other Income Expense": -429142000.0,
        "Special Income Charges": -183570000.0,
        "Gain On Sale Of Ppe": 160740000.0,
        "Write Off": 344310000.0,
        "Earnings From Equity Interest": -4084000.0,
        "Gain On Sale Of Security": -241488000.0,
        "Net Non Operating Interest Income Expense": -329397000.0,
        "Total Other Finance Cost": -20514000.0,
        "Interest Expense Non Operating": 484959000.0,
        "Interest Income Non Operating": 135048000.0,
        "Operating Income": 1607779000.0,
        "Operating Expense": 3556121000.0,
        "Other Operating Expenses": 166122000.0,
        "Other Taxes": 45756000.0,
        "Depreciation Amortization Depletion Income Statement": 586734000.0,
        "Depreciation And Amortization In Income Statement": 586734000.0,
        "Selling General And Administration": 2757509000.0,
        "Selling And Marketing Expense": 1545192000.0,
        "General And Administrative Expense": 1212317000.0,
        "Other Gand A": 261292000.0,
        "Rent And Landing Fees": 29849000.0,
        "Salaries And Wages": 921176000.0,
        "Gross Profit": 5163900000.0,
        "Cost Of Revenue": 6667409000.0,
        "Total Revenue": 11831309000.0,
        "Operating Revenue": 11831309000.0
    },
    "2023-06-30": {
        "Tax Effect Of Unusual Items": NaN,
        "Tax Rate For Calcs": NaN,
        "Normalized EBITDA": NaN,
        "Total Unusual Items": NaN,
        "Total Unusual Items Excluding Goodwill": NaN,
        "Net Income From Continuing Operation Net Minority Interest": NaN,
        "Reconciled Depreciation": NaN,
        "Reconciled Cost Of Revenue": NaN,
        "EBITDA": NaN,
        "EBIT": NaN,
        "Net Interest Income": NaN,
        "Interest Expense": NaN,
        "Interest Income": NaN,
        "Normalized Income": NaN,
        "Net Income From Continuing And Discontinued Operation": NaN,
        "Total Expenses": NaN,
        "Rent Expense Supplemental": NaN,
        "Total Operating Income As Reported": NaN,
        "Diluted Average Shares": NaN,
        "Basic Average Shares": NaN,
        "Diluted EPS": NaN,
        "Basic EPS": NaN,
        "Diluted NI Availto Com Stockholders": NaN,
        "Net Income Common Stockholders": NaN,
        "Net Income": NaN,
        "Minority Interests": NaN,
        "Net Income Including Noncontrolling Interests": NaN,
        "Net Income Continuous Operations": NaN,
        "Tax Provision": NaN,
        "Pretax Income": NaN,
        "Other Income Expense": NaN,
        "Special Income Charges": NaN,
        "Other Special Charges": NaN,
        "Write Off": NaN,
        "Earnings From Equity Interest": NaN,
        "Gain On Sale Of Security": NaN,
        "Net Non Operating Interest Income Expense": NaN,
        "Total Other Finance Cost": NaN,
        "Interest Expense Non Operating": NaN,
        "Interest Income Non Operating": NaN,
        "Operating Income": NaN,
        "Operating Expense": NaN,
        "Other Operating Expenses": NaN,
        "Other Taxes": NaN,
        "Provision For Doubtful Accounts": 380000000.0,
        "Depreciation Amortization Depletion Income Statement": NaN,
        "Depreciation And Amortization In Income Statement": NaN,
        "Amortization": 631000000.0,
        "Amortization Of Intangibles Income Statement": 631000000.0,
        "Depreciation Income Statement": 2576000000.0,
        "Selling General And Administration": NaN,
        "Selling And Marketing Expense": NaN,
        "General And Administrative Expense": NaN,
        "Other Gand A": NaN,
        "Rent And Landing Fees": NaN,
        "Salaries And Wages": NaN,
        "Gross Profit": NaN,
        "Cost Of Revenue": NaN,
        "Total Revenue": NaN,
        "Excise Taxes": NaN,
        "Operating Revenue": NaN
    },
    "2023-03-31": {
        "Tax Effect Of Unusual Items": NaN,
        "Tax Rate For Calcs": NaN,
        "Normalized EBITDA": NaN,
        "Total Unusual Items": NaN,
        "Total Unusual Items Excluding Goodwill": NaN,
        "Net Income From Continuing Operation Net Minority Interest": NaN,
        "Reconciled Depreciation": NaN,
        "Reconciled Cost Of Revenue": NaN,
        "EBITDA": NaN,
        "EBIT": NaN,
        "Net Interest Income": NaN,
        "Interest Expense": NaN,
        "Interest Income": NaN,
        "Normalized Income": NaN,
        "Net Income From Continuing And Discontinued Operation": NaN,
        "Total Expenses": NaN,
        "Rent Expense Supplemental": NaN,
        "Total Operating Income As Reported": NaN,
        "Diluted Average Shares": NaN,
        "Basic Average Shares": NaN,
        "Diluted EPS": NaN,
        "Basic EPS": NaN,
        "Diluted NI Availto Com Stockholders": NaN,
        "Net Income Common Stockholders": NaN,
        "Net Income": NaN,
        "Minority Interests": NaN,
        "Net Income Including Noncontrolling Interests": NaN,
        "Net Income Continuous Operations": NaN,
        "Tax Provision": NaN,
        "Pretax Income": NaN,
        "Other Income Expense": NaN,
        "Special Income Charges": NaN,
        "Other Special Charges": 157036000.0,
        "Write Off": NaN,
        "Earnings From Equity Interest": NaN,
        "Gain On Sale Of Security": NaN,
        "Net Non Operating Interest Income Expense": NaN,
        "Total Other Finance Cost": NaN,
        "Interest Expense Non Operating": NaN,
        "Interest Income Non Operating": NaN,
        "Operating Income": NaN,
        "Operating Expense": NaN,
        "Other Operating Expenses": NaN,
        "Other Taxes": NaN,
        "Provision For Doubtful Accounts": NaN,
        "Depreciation Amortization Depletion Income Statement": NaN,
        "Depreciation And Amortization In Income Statement": NaN,
        "Amortization": NaN,
        "Amortization Of Intangibles Income Statement": NaN,
        "Depreciation Income Statement": NaN,
        "Selling General And Administration": NaN,
        "Selling And Marketing Expense": NaN,
        "General And Administrative Expense": NaN,
        "Other Gand A": NaN,
        "Rent And Landing Fees": NaN,
        "Salaries And Wages": NaN,
        "Gross Profit": NaN,
        "Cost Of Revenue": NaN,
        "Total Revenue": NaN,
        "Excise Taxes": 2451304000.0,
        "Operating Revenue": NaN
    },
    "2022-03-31": {
        "Diluted EPS": 0.09,
        "Total Revenue": NaN,
        "Gross Profit": 936,
        "Operating Income": 275,
        "EBIT": 863,
        "Net Income": 145
    },
    "2021-09-30": {
        "Diluted EPS": 0.15,
        "Total Revenue": NaN,
        "Gross Profit": 927,
        "Operating Income": 340,
        "EBIT": 340,
        "Net Income": 252
    },
    "2020-12-31": {
        "Diluted EPS": 0.11,
        "Total Revenue": NaN,
        "Gross Profit": 924,
        "Operating Income": 345,
        "EBIT": 978,
        "Net Income": 232
    },
    "2020-09-30": {
        "Diluted EPS": 0.13,
        "Total Revenue": NaN,
        "Gross Profit": 918,
        "Operating Income": 286,
        "EBIT": 802,
        "Net Income": 225
    },
    "2020-06-30": {
        "Diluted EPS": 0.12,
        "Total Revenue": NaN,
        "Gross Profit": 913,
        "Operating Income": 247,
        "EBIT": 657,
        "Net Income": 208
    },
    "2020-03-31": {
        "Diluted EPS": 0.17,
        "Total Revenue": NaN,
        "Gross Profit": NaN,
        "Operating Income": 398,
        "EBIT": NaN,
        "Net Income": 261
    },
    "2019-12-31": {
        "Diluted EPS": 0.21,
        "Total Revenue": NaN,
        "Gross Profit": NaN,
        "Operating Income": 479,
        "EBIT": NaN,
        "Net Income": 305
    },
    "2019-09-30": {
        "Diluted EPS": 0.14,
        "Total Revenue": NaN,
        "Gross Profit": NaN,
        "Operating Income": 463,
        "EBIT": NaN,
        "Net Income": 244
    },
    "2019-06-30": {
        "Diluted EPS": 0.22,
        "Total Revenue": NaN,
        "Gross Profit": NaN,
        "Operating Income": 415,
        "EBIT": NaN,
        "Net Income": 362
    },
    "2019-03-31": {
        "Diluted EPS": 0.21,
        "Total Revenue": NaN,
        "Gross Profit": NaN,
        "Operating Income": 470,
        "EBIT": NaN,
        "Net Income": 356
    },
    "2018-12-31": {
        "Diluted EPS": 0.26,
        "Total Revenue": NaN,
        "Gross Profit": NaN,
        "Operating Income": NaN,
        "EBIT": NaN,
        "Net Income": 416
    },
    "2018-09-30": {
        "Diluted EPS": 0.48,
        "Total Revenue": NaN,
        "Gross Profit": NaN,
        "Operating Income": 697,
        "EBIT": NaN,
        "Net Income": 807
    },
    "2018-06-30": {
        "Diluted EPS": 0.52,
        "Total Revenue": NaN,
        "Gross Profit": NaN,
        "Operating Income": 888,
        "EBIT": NaN,
        "Net Income": 881
    },
    "2018-03-31": {
        "Diluted EPS": 0.23,
        "Total Revenue": NaN,
        "Gross Profit": NaN,
        "Operating Income": -358,
        "EBIT": 258,
        "Net Income": 339
    },
    "2017-12-31": {
        "Diluted EPS": 0.31,
        "Total Revenue": NaN,
        "Gross Profit": NaN,
        "Operating Income": 545,
        "EBIT": 545,
        "Net Income": 468
    },
    "2017-09-30": {
        "Diluted EPS": 0.23,
        "Total Revenue": NaN,
        "Gross Profit": NaN,
        "Operating Income": 542,
        "EBIT": 542,
        "Net Income": 387
    },
    "2017-06-30": {
        "Diluted EPS": 0.16,
        "Total Revenue": NaN,
        "Gross Profit": NaN,
        "Operating Income": 490,
        "EBIT": NaN,
        "Net Income": 272
    },
    "2017-03-31": {
        "Diluted EPS": 0.19,
        "Total Revenue": NaN,
        "Gross Profit": NaN,
        "Operating Income": 500,
        "EBIT": NaN,
        "Net Income": 317
    },
    "2016-12-31": {
        "Diluted EPS": 0.22,
        "Total Revenue": NaN,
        "Gross Profit": NaN,
        "Operating Income": 544,
        "EBIT": 937,
        "Net Income": 364
    },
    "2016-09-30": {
        "Diluted EPS": 0.17,
        "Total Revenue": NaN,
        "Gross Profit": NaN,
        "Operating Income": 444,
        "EBIT": NaN,
        "Net Income": 294
    },
    "2016-06-30": {
        "Diluted EPS": 0.12,
        "Total Revenue": NaN,
        "Gross Profit": NaN,
        "Operating Income": 356,
        "EBIT": 969,
        "Net Income": 200
    },
    "2016-03-31": {
        "Diluted EPS": 0.19,
        "Total Revenue": NaN,
        "Gross Profit": NaN,
        "Operating Income": 482,
        "EBIT": 974,
        "Net Income": 313
    },
    "2015-12-31": {
        "Diluted EPS": 0.18,
        "Total Revenue": NaN,
        "Gross Profit": NaN,
        "Operating Income": 402,
        "EBIT": NaN,
        "Net Income": 304
    },
    "2015-09-30": {
        "Diluted EPS": 0.15,
        "Total Revenue": NaN,
        "Gross Profit": NaN,
        "Operating Income": 380,
        "EBIT": 779,
        "Net Income": 253
    },
    "2015-06-30": {
        "Diluted EPS": 0.19,
        "Total Revenue": NaN,
        "Gross Profit": NaN,
        "Operating Income": 409,
        "EBIT": 925,
        "Net Income": 283
    },
    "2015-03-31": {
        "Diluted EPS": 0.18,
        "Total Revenue": NaN,
        "Gross Profit": NaN,
        "Operating Income": 409,
        "EBIT": 903,
        "Net Income": 204
    },
    "2014-12-31": {
        "Diluted EPS": 0.42,
        "Total Revenue": NaN,
        "Gross Profit": NaN,
        "Operating Income": 311,
        "EBIT": 833,
        "Net Income": 464
    },
    "2014-09-30": {
        "Diluted EPS": 0.4,
        "Total Revenue": NaN,
        "Gross Profit": NaN,
        "Operating Income": 546,
        "EBIT": NaN,
        "Net Income": 451
    },
    "2014-06-30": {
        "Diluted EPS": 0.79,
        "Total Revenue": NaN,
        "Gross Profit": NaN,
        "Operating Income": 606,
        "EBIT": NaN,
        "Net Income": 894
    },
    "2014-03-31": {
        "Diluted EPS": 0.27,
        "Total Revenue": NaN,
        "Gross Profit": NaN,
        "Operating Income": 721,
        "EBIT": NaN,
        "Net Income": 299
    },
    "2013-12-31": {
        "Diluted EPS": 0.36,
        "Total Revenue": NaN,
        "Gross Profit": 578,
        "Operating Income": NaN,
        "EBIT": NaN,
        "Net Income": 409
    },
    "2013-09-30": {
        "Diluted EPS": 0.29,
        "Total Revenue": NaN,
        "Gross Profit": NaN,
        "Operating Income": 427,
        "EBIT": 890,
        "Net Income": 331
    },
    "2013-06-30": {
        "Diluted EPS": 0.36,
        "Total Revenue": NaN,
        "Gross Profit": NaN,
        "Operating Income": 229,
        "EBIT": 911,
        "Net Income": 410
    },
    "2013-03-31": {
        "Diluted EPS": 0.36,
        "Total Revenue": NaN,
        "Gross Profit": NaN,
        "Operating Income": 637,
        "EBIT": NaN,
        "Net Income": 402
    },
    "2012-12-31": {
        "Diluted EPS": 0.64,
        "Total Revenue": NaN,
        "Gross Profit": NaN,
        "Operating Income": NaN,
        "EBIT": NaN,
        "Net Income": 717
    },
    "2012-09-30": {
        "Diluted EPS": 0.41,
        "Total Revenue": NaN,
        "Gross Profit": NaN,
        "Operating Income": 754,
        "EBIT": 754,
        "Net Income": 462
    },
    "2012-06-30": {
        "Diluted EPS": 0.47,
        "Total Revenue": NaN,
        "Gross Profit": NaN,
        "Operating Income": NaN,
        "EBIT": NaN,
        "Net Income": 531
    },
    "2012-03-31": {
        "Diluted EPS": 0.48,
        "Total Revenue": NaN,
        "Gross Profit": NaN,
        "Operating Income": 866,
        "EBIT": NaN,
        "Net Income": 542
    },
    "2011-12-31": {
        "Diluted EPS": 0.52,
        "Total Revenue": NaN,
        "Gross Profit": NaN,
        "Operating Income": NaN,
        "EBIT": NaN,
        "Net Income": 815
    },
    "2011-09-30": {
        "Diluted EPS": 0.7,
        "Total Revenue": NaN,
        "Gross Profit": NaN,
        "Operating Income": NaN,
        "EBIT": -814,
        "Net Income": 821
    },
    "2011-06-30": {
        "Diluted EPS": 0.78,
        "Total Revenue": NaN,
        "Gross Profit": NaN,
        "Operating Income": NaN,
        "EBIT": NaN,
        "Net Income": 718
    },
    "2011-03-31": {
        "Diluted EPS": 0.5,
        "Total Revenue": NaN,
        "Gross Profit": 945,
        "Operating Income": 378,
        "EBIT": 701,
        "Net Income": 251
    },
    "2010-12-31": {
        "Diluted EPS": 0.5,
        "Total Revenue": NaN,
        "Gross Profit": -728,
        "Operating Income": 482,
        "EBIT": 776,
        "Net Income": 342
    },
    "2010-09-30": {
        "Diluted EPS": 0.75,
        "Total Revenue": NaN,
        "Gross Profit": NaN,
        "Operating Income": 513,
        "EBIT": 804,
        "Net Income": 379
    },
    "2010-06-30": {
        "Diluted EPS": 0.77,
        "Total Revenue": NaN,
        "Gross Profit": NaN,
        "Operating Income": NaN,
        "EBIT": NaN,
        "Net Income": 390
    },
    "2010-03-31": {
        "Diluted EPS": 0.45,
        "Total Revenue": NaN,
        "Gross Profit": NaN,
        "Operating Income": 405,
        "EBIT": 722,
        "Net Income": 226
    },
    "2009-12-31": {
        "Diluted EPS": 0.0,
        "Total Revenue": NaN,
        "Gross Profit": 90,
        "Operating Income": 443,
        "EBIT": 696,
        "Net Income": 309
    },
    "2009-09-30": {
        "Diluted EPS": 0.69,
        "Total Revenue": NaN,
        "Gross Profit": NaN,
        "Operating Income": 631,
        "EBIT": NaN,
        "Net Income": 351
    },
    "2009-06-30": {
        "Diluted EPS": 0.57,
        "Total Revenue": NaN,
        "Gross Profit": NaN,
        "Operating Income": 560,
        "EBIT": 899,
        "Net Income": 289
    },
    "2009-03-31": {
        "Diluted EPS": 0.46,
        "Total Revenue": NaN,
        "Gross Profit": NaN,
        "Operating Income": 534,
        "EBIT": 816,
        "Net Income": 234
    },
    "2023-09-30": {
        "Tax Effect Of Unusual Items": NaN,
        "Tax Rate For Calcs": NaN,
        "Normalized EBITDA": NaN,
        "Total Unusual Items": NaN,
        "Total Unusual Items Excluding Goodwill": NaN,
        "Net Income From Continuing Operation Net Minority Interest": NaN,
        "Reconciled Depreciation": NaN,
        "Reconciled Cost Of Revenue": NaN,
        "EBITDA": NaN,
        "EBIT": NaN,
        "Net Interest Income": NaN,
        "Interest Expense": NaN,
        "Interest Income": NaN,
        "Normalized Income": NaN,
        "Net Income From Continuing And Discontinued Operation": NaN,
        "Total Expenses": NaN,
        "Rent Expense Supplemental": NaN,
        "Total Operating Income As Reported": NaN,
        "Diluted Average Shares": NaN,
        "Basic Average Shares": NaN,
        "Diluted EPS": NaN,
        "Basic EPS": NaN,
        "Diluted NI Availto Com Stockholders": NaN,
        "Net Income Common Stockholders": NaN,
        "Net Income": NaN,
        "Minority Interests": NaN,
        "Net Income Including Noncontrolling Interests": NaN,
        "Net Income Continuous Operations": NaN,
        "Tax Provision": NaN,
        "Pretax Income": NaN,
        "Other Income Expense": NaN,
        "Special Income Charges": NaN,
        "Other Special Charges": 167370000.0,
        "Write Off": NaN,
        "Earnings From Equity Interest": NaN,
        "Gain On Sale Of Security": NaN,
        "Net Non Operating Interest Income Expense": NaN,
        "Total Other Finance Cost": NaN,
        "Interest Expense Non Operating": NaN,
        "Interest Income Non Operating": NaN,
        "Operating Income": NaN,
        "Operating Expense": NaN,
        "Other Operating Expenses": NaN,
        "Other Taxes": NaN,
        "Provision For Doubtful Accounts": 291000000.0,
        "Depreciation Amortization Depletion Income Statement": NaN,
        "Depreciation And Amortization In Income Statement": NaN,
        "Amortization": 850000000.0,
        "Amortization Of Intangibles Income Statement": 850000000.0,
        "Depreciation Income Statement": 2568000000.0,
        "Selling General And Administration": NaN,
        "Selling And Marketing Expense": NaN,
        "General And Administrative Expense": NaN,
        "Other Gand A": NaN,
        "Rent And Landing Fees": NaN,
        "Salaries And Wages": NaN,
        "Gross Profit": NaN,
        "Cost Of Revenue": NaN,
        "Total Revenue": NaN,
        "Excise Taxes": 2758844000.0,
        "Operating Revenue": NaN
    },
    "2023-12-31": {
        "Tax Effect Of Unusual Items": NaN,
        "Tax Rate For Calcs": NaN,
        "Normalized EBITDA": NaN,
        "Total Unusual Items": NaN,
        "Total Unusual Items Excluding Goodwill": NaN,
        "Net Income From Continuing Operation Net Minority Interest": NaN,
        "Reconciled Depreciation": NaN,
        "Reconciled Cost Of Revenue": NaN,
        "EBITDA": NaN,
        "EBIT": NaN,
        "Net Interest Income": NaN,
        "Interest Expense": 145940000.0,
        "Interest Income": -8576000.0,
        "Normalized Income": NaN,
        "Net Income From Continuing And Discontinued Operation": NaN,
        "Total Expenses": NaN,
        "Rent Expense Supplemental": 340755000.0,
        "Total Operating Income As Reported": 2251474000.0,
        "Diluted Average Shares": NaN,
        "Basic Average Shares": NaN,
        "Diluted EPS": NaN,
        "Basic EPS": NaN,
        "Diluted NI Availto Com Stockholders": NaN,
        "Net Income Common Stockholders": NaN,
        "Net Income": NaN,
        "Minority Interests": NaN,
        "Net Income Including Noncontrolling Interests": NaN,
        "Net Income Continuous Operations": NaN,
        "Tax Provision": NaN,
        "Pretax Income": NaN,
        "Other Income Expense": NaN,
        "Special Income Charges": -338632000.0,
        "Other Special Charges": NaN,
        "Write Off": 338632000.0,
        "Earnings From Equity Interest": 3968000.0,
        "Gain On Sale Of Security": NaN,
        "Net Non Operating Interest Income Expense": NaN,
        "Total Other Finance Cost": NaN,
        "Interest Expense Non Operating": 145940000.0,
        "Interest Income Non Operating": -8576000.0,
        "Operating Income": NaN,
        "Operating Expense": NaN,
        "Other Operating Expenses": NaN,
        "Other Taxes": 16559000.0,
        "Provision For Doubtful Accounts": NaN,
        "Depreciation Amortization Depletion Income Statement": NaN,
        "Depreciation And Amortization In Income Statement": NaN,
        "Amortization": NaN,
        "Amortization Of Intangibles Income Statement": NaN,
        "Depreciation Income Statement": NaN,
        "Selling General And Administration": NaN,
        "Selling And Marketing Expense": 1536739000.0,
        "General And Administrative Expense": NaN,
        "Other Gand A": NaN,
        "Rent And Landing Fees": 31661000.0,
        "Salaries And Wages": NaN,
        "Gross Profit": NaN,
        "Cost Of Revenue": NaN,
        "Total Revenue": NaN,
        "Excise Taxes": NaN,
        "Operating Revenue": NaN
    },
    "2024-03-31": {
        "Tax Effect Of Unusual Items": NaN,
        "Tax Rate For Calcs": NaN,
        "Normalized EBITDA": NaN,
        "Total Unusual Items": NaN,
        "Total Unusual Items Excluding Goodwill": NaN,
        "Net Income From Continuing Operation Net Minority Interest": NaN,
        "Reconciled Depreciation": NaN,
        "Reconciled Cost Of Revenue": NaN,
        "EBITDA": NaN,
        "EBIT": NaN,
        "Net Interest Income": NaN,
        "Interest Expense": NaN,
        "Interest Income": NaN,
        "Normalized Income": NaN,
        "Net Income From Continuing And Discontinued Operation": NaN,
        "Total Expenses": NaN,
        "Rent Expense Supplemental": NaN,
        "Total Operating Income As Reported": NaN,
        "Diluted Average Shares": NaN,
        "Basic Average Shares": NaN,
        "Diluted EPS": NaN,
        "Basic EPS": NaN,
        "Diluted NI Availto Com Stockholders": NaN,
        "Net Income Common Stockholders": NaN,
        "Net Income": NaN,
        "Minority Interests": NaN,
        "Net Income Including Noncontrolling Interests": NaN,
        "Net Income Continuous Operations": NaN,
        "Tax Provision": NaN,
        "Pretax Income": NaN,
        "Other Income Expense": NaN,
        "Special Income Charges": NaN,
        "Other Special Charges": NaN,
        "Write Off": 398302000.0,
        "Earnings From Equity Interest": NaN,
        "Gain On Sale Of Security": NaN,
        "Net Non Operating Interest Income Expense": NaN,
        "Total Other Finance Cost": NaN,
        "Interest Expense Non Operating": NaN,
        "Interest Income Non Operating": NaN,
        "Operating Income": NaN,
        "Operating Expense": NaN,
        "Other Operating Expenses": NaN,
        "Other Taxes": NaN,
        "Provision For Doubtful Accounts": NaN,
        "Depreciation Amortization Depletion Income Statement": NaN,
        "Depreciation And Amortization In Income Statement": NaN,
        "Amortization": 700000000.0,
        "Amortization Of Intangibles Income Statement": 700000000.0,
        "Depreciation Income Statement": 2666000000.0,
        "Selling General And Administration": NaN,
        "Selling And Marketing Expense": NaN,
        "General And Administrative Expense": NaN,
        "Other Gand A": NaN,
        "Rent And Landing Fees": NaN,
        "Salaries And Wages": NaN,
        "Gross Profit": NaN,
        "Cost Of Revenue": NaN,
        "Total Revenue": NaN,
        "Excise Taxes": 2730328000.0,
        "Operating Revenue": NaN
    },
    "2024-06-30": {
        "Tax Effect Of Unusual Items": -11661131.792566,
        "Tax Rate For Calcs": 0.271158,
        "Normalized EBITDA": 5296373000.0,
        "Total Unusual Items": -43005000.0,
        "Total Unusual Items Excluding Goodwill": -43005000.0,
        "Net Income From Continuing Operation Net Minority Interest": 1221830000.0,
        "Reconciled Depreciation": 3413911000.0,
        "Reconciled Cost Of Revenue": 4793455000.0,
        "EBITDA": 5253368000.0,
        "EBIT": 1839457000.0,
        "Net Interest Income": -469489000.0,
        "Interest Expense": 149779000.0,
        "Interest Income": 211812000.0,
        "Normalized Income": 1253173868.207434,
        "Net Income From Continuing And Discontinued Operation": 1221830000.0,
        "Total Expenses": 11477061000.0,
        "Rent Expense Supplemental": 394516000.0,
        "Total Operating Income As Reported": 2041208000.0,
        "Diluted Average Shares": 1646940404.0,
        "Basic Average Shares": 1646940404.0,
        "Diluted EPS": 0.741879,
        "Basic EPS": 0.741879,
        "Diluted NI Availto Com Stockholders": 1221830000.0,
        "Net Income Common Stockholders": 1221830000.0,
        "Net Income": 1221830000.0,
        "Minority Interests": -9679000.0,
        "Net Income Including Noncontrolling Interests": 1231509000.0,
        "Net Income Continuous Operations": 1231509000.0,
        "Tax Provision": 458169000.0,
        "Pretax Income": 1689678000.0,
        "Other Income Expense": -42708000.0,
        "Special Income Charges": -160964000.0,
        "Other Special Charges": 160964000.0,
        "Write Off": 384385000.0,
        "Earnings From Equity Interest": 297000.0,
        "Gain On Sale Of Security": 117959000.0,
        "Net Non Operating Interest Income Expense": -469489000.0,
        "Total Other Finance Cost": 531522000.0,
        "Interest Expense Non Operating": 149779000.0,
        "Interest Income Non Operating": 211812000.0,
        "Operating Income": 2201875000.0,
        "Operating Expense": 3869042000.0,
        "Other Operating Expenses": -31989000.0,
        "Other Taxes": 18429000.0,
        "Provision For Doubtful Accounts": 384385000.0,
        "Depreciation Amortization Depletion Income Statement": 599347000.0,
        "Depreciation And Amortization In Income Statement": 599347000.0,
        "Amortization": 719000000.0,
        "Amortization Of Intangibles Income Statement": 719000000.0,
        "Depreciation Income Statement": 2695000000.0,
        "Selling General And Administration": 2898870000.0,
        "Selling And Marketing Expense": 1408168000.0,
        "General And Administrative Expense": 1490702000.0,
        "Other Gand A": 306019000.0,
        "Rent And Landing Fees": 31382000.0,
        "Salaries And Wages": 1153301000.0,
        "Gross Profit": 6070917000.0,
        "Cost Of Revenue": 7608019000.0,
        "Total Revenue": 13678936000.0,
        "Excise Taxes": NaN,
        "Operating Revenue": 13678936000.0
    },
    "2024-09-30": {
        "Tax Effect Of Unusual Items": -6872480.721593,
        "Tax Rate For Calcs": 0.053364,
        "Normalized EBITDA": 5813362000.0,
        "Total Unusual Items": -128786000.0,
        "Total Unusual Items Excluding Goodwill": -128786000.0,
        "Net Income From Continuing Operation Net Minority Interest": 1667444000.0,
        "Reconciled Depreciation": 3660916000.0,
        "Reconciled Cost Of Revenue": 4765078000.0,
        "EBITDA": 5684576000.0,
        "EBIT": 2023660000.0,
        "Net Interest Income": -543607000.0,
        "Interest Expense": 261559000.0,
        "Interest Income": 227190000.0,
        "Normalized Income": 1789357519.278407,
        "Net Income From Continuing And Discontinued Operation": 1667444000.0,
        "Total Expenses": 11606757000.0,
        "Rent Expense Supplemental": 371665000.0,
        "Total Operating Income As Reported": 2291084000.0,
        "Diluted Average Shares": 1632616504.0,
        "Basic Average Shares": 1632616504.0,
        "Diluted EPS": 1.021332,
        "Basic EPS": 1.021332,
        "Diluted NI Availto Com Stockholders": 1667444000.0,
        "Net Income Common Stockholders": 1667444000.0,
        "Net Income": 1667444000.0,
        "Minority Interests": -625000.0,
        "Net Income Including Noncontrolling Interests": 1668069000.0,
        "Net Income Continuous Operations": 1668069000.0,
        "Tax Provision": 94032000.0,
        "Pretax Income": 1762101000.0,
        "Other Income Expense": -126592000.0,
        "Special Income Charges": -143410000.0,
        "Other Special Charges": 143410000.0,
        "Write Off": 360007000.0,
        "Earnings From Equity Interest": 2194000.0,
        "Gain On Sale Of Security": 14624000.0,
        "Net Non Operating Interest Income Expense": -543607000.0,
        "Total Other Finance Cost": 509238000.0,
        "Interest Expense Non Operating": 261559000.0,
        "Interest Income Non Operating": 227190000.0,
        "Operating Income": 2432300000.0,
        "Operating Expense": 3811482000.0,
        "Other Operating Expenses": -214314000.0,
        "Other Taxes": 18267000.0,
        "Provision For Doubtful Accounts": 360007000.0,
        "Depreciation Amortization Depletion Income Statement": 630719000.0,
        "Depreciation And Amortization In Income Statement": 630719000.0,
        "Amortization": 730000000.0,
        "Amortization Of Intangibles Income Statement": 730000000.0,
        "Depreciation Income Statement": 2931000000.0,
        "Selling General And Administration": 3016803000.0,
        "Selling And Marketing Expense": 1529846000.0,
        "General And Administrative Expense": 1486957000.0,
        "Other Gand A": 274959000.0,
        "Rent And Landing Fees": 28360000.0,
        "Salaries And Wages": 1183638000.0,
        "Gross Profit": 6243782000.0,
        "Cost Of Revenue": 7795275000.0,
        "Total Revenue": 14039057000.0,
        "Excise Taxes": 2721607000.0,
        "Operating Revenue": 19196943000.0
    },
    "2024-12-31": {
        "Tax Effect Of Unusual Items": 86821837.298203,
        "Tax Rate For Calcs": 0.156421,
        "Normalized EBITDA": 4030341000.0,
        "Total Unusual Items": 555052000.0,
        "Total Unusual Items Excluding Goodwill": 555052000.0,
        "Net Income From Continuing Operation Net Minority Interest": 1763043000.0,
        "Reconciled Depreciation": 3761131000.0,
        "Reconciled Cost Of Revenue": 5328171000.0,
        "EBITDA": 4585393000.0,
        "EBIT": 824262000.0,
        "Net Interest Income": -291584000.0,
        "Interest Expense": -1264037000.0,
        "Interest Income": 231312000.0,
        "Normalized Income": 1294812837.298203,
        "Net Income From Continuing And Discontinued Operation": 1763043000.0,
        "Total Expenses": 12749865000.0,
        "Rent Expense Supplemental": 354113000.0,
        "Total Operating Income As Reported": 2430732000.0,
        "Diluted Average Shares": 1632407407.0,
        "Basic Average Shares": 1632407407.0,
        "Diluted EPS": 1.08,
        "Basic EPS": 1.08,
        "Diluted NI Availto Com Stockholders": 1763043000.0,
        "Net Income Common Stockholders": 1763043000.0,
        "Net Income": 1763043000.0,
        "Minority Interests": 1398000.0,
        "Net Income Including Noncontrolling Interests": 1761645000.0,
        "Net Income Continuous Operations": 1761645000.0,
        "Tax Provision": 326654000.0,
        "Pretax Income": 2088299000.0,
        "Other Income Expense": 548328000.0,
        "Special Income Charges": 524605000.0,
        "Other Special Charges": -524605000.0,
        "Write Off": 380569000.0,
        "Earnings From Equity Interest": -6724000.0,
        "Gain On Sale Of Security": 30447000.0,
        "Net Non Operating Interest Income Expense": -291584000.0,
        "Total Other Finance Cost": 1786933000.0,
        "Interest Expense Non Operating": -1264037000.0,
        "Interest Income Non Operating": 231312000.0,
        "Operating Income": 1831555000.0,
        "Operating Expense": 4319493000.0,
        "Other Operating Expenses": 74713000.0,
        "Other Taxes": 20932000.0,
        "Provision For Doubtful Accounts": 380569000.0,
        "Depreciation Amortization Depletion Income Statement": 658930000.0,
        "Depreciation And Amortization In Income Statement": 658930000.0,
        "Amortization": NaN,
        "Amortization Of Intangibles Income Statement": NaN,
        "Depreciation Income Statement": NaN,
        "Selling General And Administration": 3184349000.0,
        "Selling And Marketing Expense": 1621311000.0,
        "General And Administrative Expense": 1563038000.0,
        "Other Gand A": 354494000.0,
        "Rent And Landing Fees": 33408000.0,
        "Salaries And Wages": 1175136000.0,
        "Gross Profit": 6151048000.0,
        "Cost Of Revenue": 8430372000.0,
        "Total Revenue": 14581420000.0,
        "Excise Taxes": 2777510000.0,
        "Operating Revenue": 20024820000.0
    },
    "2025-03-31": {
        "Tax Effect Of Unusual Items": -43588432.0,
        "Tax Rate For Calcs": 0.254,
        "Normalized EBITDA": 6049101000.0,
        "Total Unusual Items": -171608000.0,
        "Total Unusual Items Excluding Goodwill": -171608000.0,
        "Net Income From Continuing Operation Net Minority Interest": 1058212000.0,
        "Reconciled Depreciation": 3714976000.0,
        "Reconciled Cost Of Revenue": 4965430000.0,
        "EBITDA": 5877493000.0,
        "EBIT": 2162517000.0,
        "Net Interest Income": -579810000.0,
        "Interest Expense": 746747000.0,
        "Interest Income": 294856000.0,
        "Normalized Income": 1186231568.0,
        "Net Income From Continuing And Discontinued Operation": 1058212000.0,
        "Total Expenses": 12219381000.0,
        "Rent Expense Supplemental": 325150000.0,
        "Total Operating Income As Reported": 1984968000.0,
        "Diluted Average Shares": 1622434000.0,
        "Basic Average Shares": 1622434000.0,
        "Diluted EPS": 0.65,
        "Basic EPS": 0.65,
        "Diluted NI Availto Com Stockholders": 1058212000.0,
        "Net Income Common Stockholders": 1058212000.0,
        "Net Income": 1058212000.0,
        "Minority Interests": 1942000.0,
        "Net Income Including Noncontrolling Interests": 1056270000.0,
        "Net Income Continuous Operations": 1056270000.0,
        "Tax Provision": 359500000.0,
        "Pretax Income": 1415770000.0,
        "Other Income Expense": -175312000.0,
        "Special Income Charges": -182220000.0,
        "Other Special Charges": 182220000.0,
        "Write Off": 384057000.0,
        "Earnings From Equity Interest": -3704000.0,
        "Gain On Sale Of Security": 10612000.0,
        "Net Non Operating Interest Income Expense": -579810000.0,
        "Total Other Finance Cost": 127919000.0,
        "Interest Expense Non Operating": 746747000.0,
        "Interest Income Non Operating": 294856000.0,
        "Operating Income": 2170892000.0,
        "Operating Expense": 4183499000.0,
        "Other Operating Expenses": -66541000.0,
        "Other Taxes": 25162000.0,
        "Provision For Doubtful Accounts": 384057000.0,
        "Depreciation Amortization Depletion Income Statement": 644524000.0,
        "Depreciation And Amortization In Income Statement": 644524000.0,
        "Amortization": 741000000.0,
        "Amortization Of Intangibles Income Statement": 741000000.0,
        "Depreciation Income Statement": 2973000000.0,
        "Selling General And Administration": 3196297000.0,
        "Selling And Marketing Expense": 1658284000.0,
        "General And Administrative Expense": 1538013000.0,
        "Other Gand A": 302034000.0,
        "Rent And Landing Fees": 31983000.0,
        "Salaries And Wages": 1203996000.0,
        "Gross Profit": 6354391000.0,
        "Cost Of Revenue": 8035882000.0,
        "Total Revenue": 14390273000.0,
        "Excise Taxes": 2821503000.0,
        "Operating Revenue": 19809263000.0
    },
    "2025-06-30": {
        "Tax Effect Of Unusual Items": -47507698.0,
        "Tax Rate For Calcs": 0.139,
        "Normalized EBITDA": 5822821000.0,
        "Total Unusual Items": -341782000.0,
        "Total Unusual Items Excluding Goodwill": -341782000.0,
        "Net Income From Continuing Operation Net Minority Interest": 1344454000.0,
        "Reconciled Depreciation": 3688960000.0,
        "Reconciled Cost Of Revenue": 4977206000.0,
        "EBITDA": 5481039000.0,
        "EBIT": 1792079000.0,
        "Net Interest Income": -560037000.0,
        "Interest Expense": 236629000.0,
        "Interest Income": 293031000.0,
        "Normalized Income": 1638728302.0,
        "Net Income From Continuing And Discontinued Operation": 1344454000.0,
        "Total Expenses": 12188368000.0,
        "Rent Expense Supplemental": 393590000.0,
        "Total Operating Income As Reported": 2244555000.0,
        "Diluted Average Shares": 1613273226.0,
        "Basic Average Shares": 1613273226.0,
        "Diluted EPS": 0.83337,
        "Basic EPS": 0.83337,
        "Diluted NI Availto Com Stockholders": 1344454000.0,
        "Net Income Common Stockholders": 1344454000.0,
        "Net Income": 1344454000.0,
        "Minority Interests": 5649000.0,
        "Net Income Including Noncontrolling Interests": 1338805000.0,
        "Net Income Continuous Operations": 1338805000.0,
        "Tax Provision": 216645000.0,
        "Pretax Income": 1555450000.0,
        "Other Income Expense": -341237000.0,
        "Special Income Charges": -212714000.0,
        "Other Special Charges": 212714000.0,
        "Write Off": NaN,
        "Earnings From Equity Interest": 545000.0,
        "Gain On Sale Of Security": -129068000.0,
        "Net Non Operating Interest Income Expense": -560037000.0,
        "Total Other Finance Cost": 616439000.0,
        "Interest Expense Non Operating": 236629000.0,
        "Interest Income Non Operating": 293031000.0,
        "Operating Income": 2456724000.0,
        "Operating Expense": 4161991000.0,
        "Other Operating Expenses": -95977000.0,
        "Other Taxes": 25442000.0,
        "Provision For Doubtful Accounts": 403087000.0,
        "Depreciation Amortization Depletion Income Statement": 639789000.0,
        "Depreciation And Amortization In Income Statement": 639789000.0,
        "Amortization": 749000000.0,
        "Amortization Of Intangibles Income Statement": 749000000.0,
        "Depreciation Income Statement": 2940000000.0,
        "Selling General And Administration": 3189650000.0,
        "Selling And Marketing Expense": 1567709000.0,
        "General And Administrative Expense": 1621941000.0,
        "Other Gand A": 319679000.0,
        "Rent And Landing Fees": 33060000.0,
        "Salaries And Wages": 1269202000.0,
        "Gross Profit": 6618715000.0,
        "Cost Of Revenue": 8026377000.0,
        "Total Revenue": 14645092000.0,
        "Excise Taxes": NaN,
        "Operating Revenue": 14645092000.0
    }
}