{
    "2023-03-31": {
        "Tax Effect Of Unusual Items": NaN,
        "Tax Rate For Calcs": NaN,
        "Normalized EBITDA": NaN,
        "Total Unusual Items": NaN,
        "Total Unusual Items Excluding Goodwill": NaN,
        "Net Income From Continuing Operation Net Minority Interest": NaN,
        "Reconciled Depreciation": NaN,
        "Reconciled Cost Of Revenue": NaN,
        "EBITDA": NaN,
        "EBIT": NaN,
        "Net Interest Income": NaN,
        "Interest Expense": NaN,
        "Interest Income": NaN,
        "Normalized Income": NaN,
        "Net Income From Continuing And Discontinued Operation": NaN,
        "Total Expenses": NaN,
        "Total Operating Income As Reported": NaN,
        "Diluted Average Shares": 18064838.0,
        "Basic Average Shares": 18064838.0,
        "Diluted EPS": -0.14,
        "Basic EPS": -0.14,
        "Diluted NI Availto Com Stockholders": NaN,
        "Net Income Common Stockholders": NaN,
        "Net Income": NaN,
        "Minority Interests": NaN,
        "Net Income Including Noncontrolling Interests": NaN,
        "Net Income Continuous Operations": NaN,
        "Tax Provision": NaN,
        "Pretax Income": NaN,
        "Other Income Expense": NaN,
        "Other Non Operating Income Expenses": NaN,
        "Special Income Charges": NaN,
        "Gain On Sale Of Ppe": NaN,
        "Gain On Sale Of Business": 0.0,
        "Gain On Sale Of Security": -495826.0,
        "Net Non Operating Interest Income Expense": NaN,
        "Interest Expense Non Operating": NaN,
        "Interest Income Non Operating": NaN,
        "Operating Income": NaN,
        "Operating Expense": NaN,
        "Depreciation Amortization Depletion Income Statement": NaN,
        "Depreciation And Amortization In Income Statement": NaN,
        "Selling General And Administration": NaN,
        "Selling And Marketing Expense": NaN,
        "General And Administrative Expense": NaN,
        "Other Gand A": NaN,
        "Gross Profit": NaN,
        "Cost Of Revenue": NaN,
        "Total Revenue": NaN,
        "Operating Revenue": NaN
    },
    "2022-12-31": {
        "Tax Effect Of Unusual Items": NaN,
        "Tax Rate For Calcs": NaN,
        "Normalized EBITDA": NaN,
        "Total Unusual Items": NaN,
        "Total Unusual Items Excluding Goodwill": NaN,
        "Net Income From Continuing Operation Net Minority Interest": NaN,
        "Reconciled Depreciation": NaN,
        "Reconciled Cost Of Revenue": NaN,
        "EBITDA": NaN,
        "EBIT": NaN,
        "Net Interest Income": NaN,
        "Interest Expense": NaN,
        "Interest Income": NaN,
        "Normalized Income": NaN,
        "Net Income From Continuing And Discontinued Operation": NaN,
        "Total Expenses": NaN,
        "Total Operating Income As Reported": NaN,
        "Diluted Average Shares": NaN,
        "Basic Average Shares": NaN,
        "Diluted EPS": NaN,
        "Basic EPS": NaN,
        "Diluted NI Availto Com Stockholders": NaN,
        "Net Income Common Stockholders": NaN,
        "Net Income": NaN,
        "Minority Interests": NaN,
        "Net Income Including Noncontrolling Interests": NaN,
        "Net Income Continuous Operations": NaN,
        "Tax Provision": NaN,
        "Pretax Income": NaN,
        "Other Income Expense": NaN,
        "Other Non Operating Income Expenses": NaN,
        "Special Income Charges": NaN,
        "Gain On Sale Of Ppe": 0.0,
        "Gain On Sale Of Business": NaN,
        "Gain On Sale Of Security": NaN,
        "Net Non Operating Interest Income Expense": NaN,
        "Interest Expense Non Operating": NaN,
        "Interest Income Non Operating": NaN,
        "Operating Income": NaN,
        "Operating Expense": NaN,
        "Depreciation Amortization Depletion Income Statement": NaN,
        "Depreciation And Amortization In Income Statement": NaN,
        "Selling General And Administration": NaN,
        "Selling And Marketing Expense": NaN,
        "General And Administrative Expense": NaN,
        "Other Gand A": NaN,
        "Gross Profit": NaN,
        "Cost Of Revenue": NaN,
        "Total Revenue": NaN,
        "Operating Revenue": NaN
    },
    "2022-09-30": {
        "Tax Effect Of Unusual Items": NaN,
        "Tax Rate For Calcs": NaN,
        "Normalized EBITDA": NaN,
        "Total Unusual Items": NaN,
        "Total Unusual Items Excluding Goodwill": NaN,
        "Net Income From Continuing Operation Net Minority Interest": NaN,
        "Reconciled Depreciation": NaN,
        "Reconciled Cost Of Revenue": NaN,
        "EBITDA": NaN,
        "EBIT": NaN,
        "Net Interest Income": NaN,
        "Interest Expense": NaN,
        "Interest Income": NaN,
        "Normalized Income": NaN,
        "Net Income From Continuing And Discontinued Operation": NaN,
        "Total Expenses": NaN,
        "Total Operating Income As Reported": NaN,
        "Diluted Average Shares": 17047489.0,
        "Basic Average Shares": 17047489.0,
        "Diluted EPS": -0.09,
        "Basic EPS": -0.09,
        "Diluted NI Availto Com Stockholders": NaN,
        "Net Income Common Stockholders": NaN,
        "Net Income": NaN,
        "Minority Interests": NaN,
        "Net Income Including Noncontrolling Interests": NaN,
        "Net Income Continuous Operations": NaN,
        "Tax Provision": NaN,
        "Pretax Income": NaN,
        "Other Income Expense": NaN,
        "Other Non Operating Income Expenses": NaN,
        "Special Income Charges": NaN,
        "Gain On Sale Of Ppe": 0.0,
        "Gain On Sale Of Business": NaN,
        "Gain On Sale Of Security": NaN,
        "Net Non Operating Interest Income Expense": NaN,
        "Interest Expense Non Operating": NaN,
        "Interest Income Non Operating": NaN,
        "Operating Income": NaN,
        "Operating Expense": NaN,
        "Depreciation Amortization Depletion Income Statement": NaN,
        "Depreciation And Amortization In Income Statement": NaN,
        "Selling General And Administration": NaN,
        "Selling And Marketing Expense": NaN,
        "General And Administrative Expense": NaN,
        "Other Gand A": NaN,
        "Gross Profit": NaN,
        "Cost Of Revenue": NaN,
        "Total Revenue": NaN,
        "Operating Revenue": NaN
    },
    "2022-06-30": {
        "Tax Effect Of Unusual Items": 0.0,
        "Tax Rate For Calcs": 0.0,
        "Normalized EBITDA": -2995988.0,
        "Total Unusual Items": -1650299.0,
        "Total Unusual Items Excluding Goodwill": -1650299.0,
        "Net Income From Continuing Operation Net Minority Interest": -4905317.0,
        "Reconciled Depreciation": 558595.0,
        "Reconciled Cost Of Revenue": 0.0,
        "EBITDA": -4646287.0,
        "EBIT": -5204882.0,
        "Net Interest Income": -16898.0,
        "Interest Expense": 22981.0,
        "Interest Income": 6083.0,
        "Normalized Income": -3255018.0,
        "Net Income From Continuing And Discontinued Operation": -4905317.0,
        "Total Expenses": 3600600.0,
        "Total Operating Income As Reported": -3600600.0,
        "Diluted Average Shares": 15038619.0,
        "Basic Average Shares": 15038619.0,
        "Diluted EPS": -0.33,
        "Basic EPS": -0.33,
        "Diluted NI Availto Com Stockholders": -4905317.0,
        "Net Income Common Stockholders": -4905317.0,
        "Net Income": -4905317.0,
        "Minority Interests": 322546.0,
        "Net Income Including Noncontrolling Interests": -5227863.0,
        "Net Income Continuous Operations": -5227863.0,
        "Tax Provision": 0.0,
        "Pretax Income": -5227863.0,
        "Other Income Expense": -1610365.0,
        "Other Non Operating Income Expenses": 39934.0,
        "Special Income Charges": 2456.0,
        "Gain On Sale Of Ppe": 2456.0,
        "Gain On Sale Of Security": -1652755.0,
        "Net Non Operating Interest Income Expense": -16898.0,
        "Interest Expense Non Operating": 22981.0,
        "Interest Income Non Operating": 6083.0,
        "Operating Income": -3600600.0,
        "Operating Expense": 3600600.0,
        "Depreciation Amortization Depletion Income Statement": 558595.0,
        "Depreciation And Amortization In Income Statement": 558595.0,
        "Selling General And Administration": 3042005.0,
        "Selling And Marketing Expense": 119252.0,
        "General And Administrative Expense": 2922753.0,
        "Other Gand A": 2922753.0,
        "Gross Profit": 0.0,
        "Cost Of Revenue": 0.0,
        "Total Revenue": 0.0,
        "Operating Revenue": 0.0
    },
    "2022-03-31": {
        "Diluted EPS": -0.04,
        "Total Revenue": NaN,
        "Gross Profit": NaN,
        "Operating Income": -2,
        "EBIT": -2,
        "Net Income": -1
    },
    "2021-12-31": {
        "Diluted EPS": -0.16,
        "Total Revenue": 0,
        "Gross Profit": 0,
        "Operating Income": -2,
        "EBIT": -1,
        "Net Income": -3
    },
    "2021-09-30": {
        "Diluted EPS": -0.24,
        "Total Revenue": 1,
        "Gross Profit": 0,
        "Operating Income": -1,
        "EBIT": -1,
        "Net Income": -3
    },
    "2021-06-30": {
        "Diluted EPS": -0.79,
        "Total Revenue": 0,
        "Gross Profit": 0,
        "Operating Income": -2,
        "EBIT": -1,
        "Net Income": -9
    },
    "2021-03-31": {
        "Diluted EPS": 0.73,
        "Total Revenue": 0,
        "Gross Profit": 0,
        "Operating Income": -2,
        "EBIT": -2,
        "Net Income": 10
    },
    "2020-12-31": {
        "Diluted EPS": 0.0,
        "Total Revenue": NaN,
        "Gross Profit": NaN,
        "Operating Income": NaN,
        "EBIT": NaN,
        "Net Income": NaN
    },
    "2020-09-30": {
        "Diluted EPS": -0.01,
        "Total Revenue": 0,
        "Gross Profit": 0,
        "Operating Income": -1,
        "EBIT": -1,
        "Net Income": -2
    },
    "2019-12-31": {
        "Diluted EPS": 0.0,
        "Total Revenue": NaN,
        "Gross Profit": NaN,
        "Operating Income": NaN,
        "EBIT": NaN,
        "Net Income": NaN
    },
    "2023-06-30": {
        "Tax Effect Of Unusual Items": NaN,
        "Tax Rate For Calcs": NaN,
        "Normalized EBITDA": NaN,
        "Total Unusual Items": NaN,
        "Total Unusual Items Excluding Goodwill": NaN,
        "Net Income From Continuing Operation Net Minority Interest": NaN,
        "Reconciled Depreciation": NaN,
        "Reconciled Cost Of Revenue": NaN,
        "EBITDA": NaN,
        "EBIT": NaN,
        "Net Interest Income": NaN,
        "Interest Expense": NaN,
        "Interest Income": NaN,
        "Normalized Income": NaN,
        "Net Income From Continuing And Discontinued Operation": NaN,
        "Total Expenses": NaN,
        "Total Operating Income As Reported": NaN,
        "Diluted Average Shares": 18064838.0,
        "Basic Average Shares": 18064838.0,
        "Diluted EPS": -0.1,
        "Basic EPS": -0.1,
        "Diluted NI Availto Com Stockholders": NaN,
        "Net Income Common Stockholders": NaN,
        "Net Income": NaN,
        "Minority Interests": NaN,
        "Net Income Including Noncontrolling Interests": NaN,
        "Net Income Continuous Operations": NaN,
        "Tax Provision": NaN,
        "Pretax Income": NaN,
        "Other Income Expense": NaN,
        "Other Non Operating Income Expenses": NaN,
        "Special Income Charges": NaN,
        "Gain On Sale Of Ppe": 0.0,
        "Gain On Sale Of Business": 0.0,
        "Gain On Sale Of Security": 165275.0,
        "Net Non Operating Interest Income Expense": NaN,
        "Interest Expense Non Operating": NaN,
        "Interest Income Non Operating": NaN,
        "Operating Income": NaN,
        "Operating Expense": NaN,
        "Depreciation Amortization Depletion Income Statement": NaN,
        "Depreciation And Amortization In Income Statement": NaN,
        "Selling General And Administration": NaN,
        "Selling And Marketing Expense": NaN,
        "General And Administrative Expense": NaN,
        "Other Gand A": NaN,
        "Gross Profit": NaN,
        "Cost Of Revenue": NaN,
        "Total Revenue": NaN,
        "Operating Revenue": NaN
    },
    "2023-09-30": {
        "Tax Effect Of Unusual Items": NaN,
        "Tax Rate For Calcs": NaN,
        "Normalized EBITDA": NaN,
        "Total Unusual Items": NaN,
        "Total Unusual Items Excluding Goodwill": NaN,
        "Net Income From Continuing Operation Net Minority Interest": NaN,
        "Reconciled Depreciation": NaN,
        "Reconciled Cost Of Revenue": NaN,
        "EBITDA": NaN,
        "EBIT": NaN,
        "Net Interest Income": NaN,
        "Interest Expense": NaN,
        "Interest Income": NaN,
        "Normalized Income": NaN,
        "Net Income From Continuing And Discontinued Operation": NaN,
        "Total Expenses": NaN,
        "Total Operating Income As Reported": NaN,
        "Diluted Average Shares": 18120344.0,
        "Basic Average Shares": 18120344.0,
        "Diluted EPS": -0.14,
        "Basic EPS": -0.14,
        "Diluted NI Availto Com Stockholders": NaN,
        "Net Income Common Stockholders": NaN,
        "Preferred Stock Dividends": NaN,
        "Net Income": NaN,
        "Minority Interests": NaN,
        "Net Income Including Noncontrolling Interests": NaN,
        "Net Income Continuous Operations": NaN,
        "Tax Provision": NaN,
        "Pretax Income": NaN,
        "Other Income Expense": NaN,
        "Other Non Operating Income Expenses": NaN,
        "Special Income Charges": NaN,
        "Gain On Sale Of Ppe": 0.0,
        "Gain On Sale Of Business": NaN,
        "Gain On Sale Of Security": NaN,
        "Net Non Operating Interest Income Expense": NaN,
        "Interest Expense Non Operating": NaN,
        "Interest Income Non Operating": NaN,
        "Operating Income": NaN,
        "Operating Expense": NaN,
        "Depreciation Amortization Depletion Income Statement": NaN,
        "Depreciation And Amortization In Income Statement": NaN,
        "Selling General And Administration": NaN,
        "Selling And Marketing Expense": NaN,
        "General And Administrative Expense": NaN,
        "Other Gand A": NaN,
        "Gross Profit": NaN,
        "Cost Of Revenue": NaN,
        "Total Revenue": NaN,
        "Operating Revenue": NaN
    },
    "2023-12-31": {
        "Tax Effect Of Unusual Items": NaN,
        "Tax Rate For Calcs": NaN,
        "Normalized EBITDA": NaN,
        "Total Unusual Items": NaN,
        "Total Unusual Items Excluding Goodwill": NaN,
        "Net Income From Continuing Operation Net Minority Interest": NaN,
        "Reconciled Depreciation": NaN,
        "Reconciled Cost Of Revenue": NaN,
        "EBITDA": NaN,
        "EBIT": NaN,
        "Net Interest Income": NaN,
        "Interest Expense": NaN,
        "Interest Income": NaN,
        "Normalized Income": NaN,
        "Net Income From Continuing And Discontinued Operation": NaN,
        "Total Expenses": NaN,
        "Total Operating Income As Reported": NaN,
        "Diluted Average Shares": NaN,
        "Basic Average Shares": NaN,
        "Diluted EPS": NaN,
        "Basic EPS": NaN,
        "Diluted NI Availto Com Stockholders": NaN,
        "Net Income Common Stockholders": NaN,
        "Preferred Stock Dividends": NaN,
        "Net Income": NaN,
        "Minority Interests": NaN,
        "Net Income Including Noncontrolling Interests": NaN,
        "Net Income Continuous Operations": NaN,
        "Tax Provision": NaN,
        "Pretax Income": NaN,
        "Other Income Expense": NaN,
        "Other Non Operating Income Expenses": NaN,
        "Special Income Charges": NaN,
        "Gain On Sale Of Ppe": 0.0,
        "Gain On Sale Of Business": NaN,
        "Gain On Sale Of Security": -165276.0,
        "Net Non Operating Interest Income Expense": NaN,
        "Interest Expense Non Operating": NaN,
        "Interest Income Non Operating": NaN,
        "Operating Income": NaN,
        "Operating Expense": NaN,
        "Depreciation Amortization Depletion Income Statement": NaN,
        "Depreciation And Amortization In Income Statement": NaN,
        "Selling General And Administration": NaN,
        "Selling And Marketing Expense": NaN,
        "General And Administrative Expense": NaN,
        "Other Gand A": NaN,
        "Gross Profit": NaN,
        "Cost Of Revenue": NaN,
        "Total Revenue": NaN,
        "Operating Revenue": NaN
    },
    "2024-03-31": {
        "Tax Effect Of Unusual Items": 19931.52,
        "Tax Rate For Calcs": 0.21,
        "Normalized EBITDA": -551562.0,
        "Total Unusual Items": 94912.0,
        "Total Unusual Items Excluding Goodwill": 94912.0,
        "Net Income From Continuing Operation Net Minority Interest": -1882235.0,
        "Reconciled Depreciation": 1009053.0,
        "Reconciled Cost Of Revenue": 14953254.0,
        "EBITDA": -456650.0,
        "EBIT": -1465703.0,
        "Net Interest Income": -441733.0,
        "Interest Expense": 444040.0,
        "Interest Income": 2307.0,
        "Normalized Income": -1957215.48,
        "Net Income From Continuing And Discontinued Operation": -1882235.0,
        "Total Expenses": 17638313.0,
        "Total Operating Income As Reported": -1616922.0,
        "Diluted Average Shares": 26391937.0,
        "Basic Average Shares": 26391937.0,
        "Diluted EPS": -0.07,
        "Basic EPS": -0.07,
        "Diluted NI Availto Com Stockholders": -1882235.0,
        "Net Income Common Stockholders": -1882235.0,
        "Preferred Stock Dividends": NaN,
        "Net Income": -1882235.0,
        "Minority Interests": 28308.0,
        "Net Income Including Noncontrolling Interests": -1910543.0,
        "Net Income Continuous Operations": -1910543.0,
        "Tax Provision": 800.0,
        "Pretax Income": -1909743.0,
        "Other Income Expense": 148912.0,
        "Other Non Operating Income Expenses": 54000.0,
        "Special Income Charges": 177550.0,
        "Gain On Sale Of Ppe": 0.0,
        "Gain On Sale Of Business": 177550.0,
        "Gain On Sale Of Security": -82638.0,
        "Net Non Operating Interest Income Expense": -441733.0,
        "Interest Expense Non Operating": 444040.0,
        "Interest Income Non Operating": 2307.0,
        "Operating Income": -1616922.0,
        "Operating Expense": 2685059.0,
        "Depreciation Amortization Depletion Income Statement": 1009053.0,
        "Depreciation And Amortization In Income Statement": 1009053.0,
        "Selling General And Administration": 1676006.0,
        "Selling And Marketing Expense": 11040.0,
        "General And Administrative Expense": 1664966.0,
        "Other Gand A": 1664966.0,
        "Gross Profit": 1068137.0,
        "Cost Of Revenue": 14953254.0,
        "Total Revenue": 16021391.0,
        "Operating Revenue": 16021391.0
    },
    "2024-06-30": {
        "Tax Effect Of Unusual Items": 0.0,
        "Tax Rate For Calcs": 0.21,
        "Normalized EBITDA": -1831688.0,
        "Total Unusual Items": 0.0,
        "Total Unusual Items Excluding Goodwill": 0.0,
        "Net Income From Continuing Operation Net Minority Interest": -3312998.0,
        "Reconciled Depreciation": 988420.0,
        "Reconciled Cost Of Revenue": 15070308.0,
        "EBITDA": -1831688.0,
        "EBIT": -2820108.0,
        "Net Interest Income": -477641.0,
        "Interest Expense": 479947.0,
        "Interest Income": 2306.0,
        "Normalized Income": -3312998.0,
        "Net Income From Continuing And Discontinued Operation": -3312998.0,
        "Total Expenses": 19033536.0,
        "Total Operating Income As Reported": -2852414.0,
        "Diluted Average Shares": 27987899.0,
        "Basic Average Shares": 27987899.0,
        "Diluted EPS": -0.12,
        "Basic EPS": -0.12,
        "Diluted NI Availto Com Stockholders": -3312998.0,
        "Net Income Common Stockholders": -3312998.0,
        "Preferred Stock Dividends": NaN,
        "Net Income": -3312998.0,
        "Minority Interests": 20240.0,
        "Net Income Including Noncontrolling Interests": -3333238.0,
        "Net Income Continuous Operations": -3333238.0,
        "Tax Provision": 33183.0,
        "Pretax Income": -3300055.0,
        "Other Income Expense": 30000.0,
        "Other Non Operating Income Expenses": 30000.0,
        "Special Income Charges": 0.0,
        "Gain On Sale Of Ppe": NaN,
        "Gain On Sale Of Business": 0.0,
        "Gain On Sale Of Security": NaN,
        "Net Non Operating Interest Income Expense": -477641.0,
        "Interest Expense Non Operating": 479947.0,
        "Interest Income Non Operating": 2306.0,
        "Operating Income": -2852414.0,
        "Operating Expense": 3963228.0,
        "Depreciation Amortization Depletion Income Statement": 988420.0,
        "Depreciation And Amortization In Income Statement": 988420.0,
        "Selling General And Administration": 2974808.0,
        "Selling And Marketing Expense": 628.0,
        "General And Administrative Expense": 2974180.0,
        "Other Gand A": 2974180.0,
        "Gross Profit": 1110814.0,
        "Cost Of Revenue": 15070308.0,
        "Total Revenue": 16181122.0,
        "Operating Revenue": 16181122.0
    },
    "2024-09-30": {
        "Tax Effect Of Unusual Items": 0.0,
        "Tax Rate For Calcs": 0.0,
        "Normalized EBITDA": -860387.0,
        "Total Unusual Items": 826377.0,
        "Total Unusual Items Excluding Goodwill": 826377.0,
        "Net Income From Continuing Operation Net Minority Interest": -1688152.0,
        "Reconciled Depreciation": 1064943.0,
        "Reconciled Cost Of Revenue": 14190073.0,
        "EBITDA": -34010.0,
        "EBIT": -1098953.0,
        "Net Interest Income": -638937.0,
        "Interest Expense": 641244.0,
        "Interest Income": 2307.0,
        "Normalized Income": -2514529.0,
        "Net Income From Continuing And Discontinued Operation": -1688152.0,
        "Total Expenses": 17875060.0,
        "Total Operating Income As Reported": -1958367.0,
        "Diluted Average Shares": 30625756.0,
        "Basic Average Shares": 30625756.0,
        "Diluted EPS": -0.06,
        "Basic EPS": -0.06,
        "Diluted NI Availto Com Stockholders": -1688152.0,
        "Net Income Common Stockholders": -1688152.0,
        "Preferred Stock Dividends": NaN,
        "Net Income": -1688152.0,
        "Minority Interests": 52045.0,
        "Net Income Including Noncontrolling Interests": -1740197.0,
        "Net Income Continuous Operations": -1740197.0,
        "Tax Provision": 0.0,
        "Pretax Income": -1740197.0,
        "Other Income Expense": 857377.0,
        "Other Non Operating Income Expenses": 31000.0,
        "Special Income Charges": 0.0,
        "Gain On Sale Of Ppe": NaN,
        "Gain On Sale Of Business": 0.0,
        "Gain On Sale Of Security": 826377.0,
        "Net Non Operating Interest Income Expense": -638937.0,
        "Interest Expense Non Operating": 641244.0,
        "Interest Income Non Operating": 2307.0,
        "Operating Income": -1958637.0,
        "Operating Expense": 3684987.0,
        "Depreciation Amortization Depletion Income Statement": 1064943.0,
        "Depreciation And Amortization In Income Statement": 1064943.0,
        "Selling General And Administration": 2620044.0,
        "Selling And Marketing Expense": 6650.0,
        "General And Administrative Expense": 2613394.0,
        "Other Gand A": 2613394.0,
        "Gross Profit": 1726350.0,
        "Cost Of Revenue": 14190073.0,
        "Total Revenue": 15916423.0,
        "Operating Revenue": 15916423.0
    },
    "2024-12-31": {
        "Tax Effect Of Unusual Items": -1922347.77,
        "Tax Rate For Calcs": 0.21,
        "Normalized EBITDA": 1429446.0,
        "Total Unusual Items": -9154037.0,
        "Total Unusual Items Excluding Goodwill": -9154037.0,
        "Net Income From Continuing Operation Net Minority Interest": -15306435.0,
        "Reconciled Depreciation": 8298009.0,
        "Reconciled Cost Of Revenue": 35378401.0,
        "EBITDA": -7724591.0,
        "EBIT": -16022600.0,
        "Net Interest Income": -3198017.0,
        "Interest Expense": 3251461.0,
        "Interest Income": 53444.0,
        "Normalized Income": -8074745.77,
        "Net Income From Continuing And Discontinued Operation": -15306435.0,
        "Total Expenses": 48626851.0,
        "Total Operating Income As Reported": -15567320.0,
        "Diluted Average Shares": NaN,
        "Basic Average Shares": NaN,
        "Diluted EPS": NaN,
        "Basic EPS": NaN,
        "Diluted NI Availto Com Stockholders": -16159635.0,
        "Net Income Common Stockholders": -16159635.0,
        "Preferred Stock Dividends": NaN,
        "Net Income": -15306435.0,
        "Minority Interests": 4060512.0,
        "Net Income Including Noncontrolling Interests": -19366947.0,
        "Net Income Continuous Operations": -19366947.0,
        "Tax Provision": 92886.0,
        "Pretax Income": -19274061.0,
        "Other Income Expense": -9141497.0,
        "Other Non Operating Income Expenses": 12540.0,
        "Special Income Charges": -8575573.0,
        "Gain On Sale Of Ppe": NaN,
        "Gain On Sale Of Business": 0.0,
        "Gain On Sale Of Security": -578464.0,
        "Net Non Operating Interest Income Expense": -3198017.0,
        "Interest Expense Non Operating": 3251461.0,
        "Interest Income Non Operating": 53444.0,
        "Operating Income": -6934547.0,
        "Operating Expense": 13248450.0,
        "Depreciation Amortization Depletion Income Statement": 8298009.0,
        "Depreciation And Amortization In Income Statement": 8298009.0,
        "Selling General And Administration": 4950441.0,
        "Selling And Marketing Expense": -3050.0,
        "General And Administrative Expense": 4953491.0,
        "Other Gand A": 4953491.0,
        "Gross Profit": 6313903.0,
        "Cost Of Revenue": 35378401.0,
        "Total Revenue": 41692304.0,
        "Operating Revenue": 41692304.0
    },
    "2025-03-31": {
        "Tax Effect Of Unusual Items": 0.0,
        "Tax Rate For Calcs": 0.0,
        "Normalized EBITDA": -572857.0,
        "Total Unusual Items": 54841.0,
        "Total Unusual Items Excluding Goodwill": 54841.0,
        "Net Income From Continuing Operation Net Minority Interest": -7527298.0,
        "Reconciled Depreciation": 5831602.0,
        "Reconciled Cost Of Revenue": 32581857.0,
        "EBITDA": -518016.0,
        "EBIT": -6349618.0,
        "Net Interest Income": -1158716.0,
        "Interest Expense": 1184198.0,
        "Interest Income": 25482.0,
        "Normalized Income": -7582139.0,
        "Net Income From Continuing And Discontinued Operation": -7527298.0,
        "Total Expenses": 43782772.0,
        "Total Operating Income As Reported": -6442481.0,
        "Diluted Average Shares": 43076850.0,
        "Basic Average Shares": 43076850.0,
        "Diluted EPS": -0.21,
        "Basic EPS": -0.21,
        "Diluted NI Availto Com Stockholders": -9115879.0,
        "Net Income Common Stockholders": -9115879.0,
        "Preferred Stock Dividends": 1588581.0,
        "Net Income": -7527298.0,
        "Minority Interests": 6518.0,
        "Net Income Including Noncontrolling Interests": -7533816.0,
        "Net Income Continuous Operations": -7533816.0,
        "Tax Provision": 0.0,
        "Pretax Income": -7533816.0,
        "Other Income Expense": 67381.0,
        "Other Non Operating Income Expenses": 12540.0,
        "Special Income Charges": -1597913.0,
        "Gain On Sale Of Ppe": -1597913.0,
        "Gain On Sale Of Business": 0.0,
        "Gain On Sale Of Security": 1652754.0,
        "Net Non Operating Interest Income Expense": -1158716.0,
        "Interest Expense Non Operating": 1184198.0,
        "Interest Income Non Operating": 25482.0,
        "Operating Income": -6442481.0,
        "Operating Expense": 11200915.0,
        "Depreciation Amortization Depletion Income Statement": 5831602.0,
        "Depreciation And Amortization In Income Statement": 5831602.0,
        "Selling General And Administration": 5369313.0,
        "Selling And Marketing Expense": 0.0,
        "General And Administrative Expense": 5369313.0,
        "Other Gand A": 5369313.0,
        "Gross Profit": 4758434.0,
        "Cost Of Revenue": 32581857.0,
        "Total Revenue": 37340291.0,
        "Operating Revenue": 37340291.0
    }
}