{
    "2024-12-31": {
        "Tax Effect Of Unusual Items": 0.0,
        "Tax Rate For Calcs": 0.0,
        "Normalized EBITDA": -3375000.0,
        "Total Unusual Items": NaN,
        "Total Unusual Items Excluding Goodwill": NaN,
        "Net Income From Continuing Operation Net Minority Interest": -3447000.0,
        "Reconciled Depreciation": 67000.0,
        "Reconciled Cost Of Revenue": 2000.0,
        "EBITDA": -3375000.0,
        "EBIT": -3442000.0,
        "Net Interest Income": 21000.0,
        "Interest Expense": 5000.0,
        "Interest Income": 26000.0,
        "Normalized Income": -3447000.0,
        "Net Income From Continuing And Discontinued Operation": -3447000.0,
        "Total Expenses": 3492000.0,
        "Total Operating Income As Reported": -3468000.0,
        "Diluted Average Shares": 1504713.0,
        "Basic Average Shares": 1504713.0,
        "Diluted EPS": -2.28,
        "Basic EPS": -2.28,
        "Diluted NI Availto Com Stockholders": -3447000.0,
        "Net Income Common Stockholders": -3447000.0,
        "Net Income": -3447000.0,
        "Net Income Including Noncontrolling Interests": -3447000.0,
        "Net Income Continuous Operations": -3447000.0,
        "Tax Provision": 0.0,
        "Pretax Income": -3447000.0,
        "Other Income Expense": NaN,
        "Gain On Sale Of Security": NaN,
        "Net Non Operating Interest Income Expense": 21000.0,
        "Interest Expense Non Operating": 5000.0,
        "Interest Income Non Operating": 26000.0,
        "Operating Income": -3468000.0,
        "Operating Expense": 3490000.0,
        "Depreciation Amortization Depletion Income Statement": 11000.0,
        "Depreciation And Amortization In Income Statement": 11000.0,
        "Research And Development": 1780000.0,
        "Selling General And Administration": 1699000.0,
        "General And Administrative Expense": 1699000.0,
        "Other Gand A": 1588000.0,
        "Salaries And Wages": 111000.0,
        "Gross Profit": 22000.0,
        "Cost Of Revenue": 2000.0,
        "Total Revenue": 24000.0,
        "Operating Revenue": 24000.0
    },
    "2024-09-30": {
        "Tax Effect Of Unusual Items": 0.0,
        "Tax Rate For Calcs": 0.0,
        "Normalized EBITDA": -2481000.0,
        "Total Unusual Items": NaN,
        "Total Unusual Items Excluding Goodwill": NaN,
        "Net Income From Continuing Operation Net Minority Interest": -2549000.0,
        "Reconciled Depreciation": 68000.0,
        "Reconciled Cost Of Revenue": 1000.0,
        "EBITDA": -2481000.0,
        "EBIT": -2549000.0,
        "Net Interest Income": 59000.0,
        "Interest Expense": 0.0,
        "Interest Income": 59000.0,
        "Normalized Income": -2549000.0,
        "Net Income From Continuing And Discontinued Operation": -2549000.0,
        "Total Expenses": 2638000.0,
        "Total Operating Income As Reported": -2608000.0,
        "Diluted Average Shares": 1499544.0,
        "Basic Average Shares": 1499544.0,
        "Diluted EPS": -1.68,
        "Basic EPS": -1.68,
        "Diluted NI Availto Com Stockholders": -2549000.0,
        "Net Income Common Stockholders": -2549000.0,
        "Net Income": -2549000.0,
        "Net Income Including Noncontrolling Interests": -2549000.0,
        "Net Income Continuous Operations": -2549000.0,
        "Tax Provision": 0.0,
        "Pretax Income": -2549000.0,
        "Other Income Expense": NaN,
        "Gain On Sale Of Security": NaN,
        "Net Non Operating Interest Income Expense": 59000.0,
        "Interest Expense Non Operating": 0.0,
        "Interest Income Non Operating": 59000.0,
        "Operating Income": -2608000.0,
        "Operating Expense": 2637000.0,
        "Depreciation Amortization Depletion Income Statement": 12000.0,
        "Depreciation And Amortization In Income Statement": 12000.0,
        "Research And Development": 984000.0,
        "Selling General And Administration": 1641000.0,
        "General And Administrative Expense": 1641000.0,
        "Other Gand A": 1511000.0,
        "Salaries And Wages": 130000.0,
        "Gross Profit": 29000.0,
        "Cost Of Revenue": 1000.0,
        "Total Revenue": 30000.0,
        "Operating Revenue": 30000.0
    },
    "2024-06-30": {
        "Tax Effect Of Unusual Items": NaN,
        "Tax Rate For Calcs": NaN,
        "Normalized EBITDA": NaN,
        "Total Unusual Items": NaN,
        "Total Unusual Items Excluding Goodwill": NaN,
        "Net Income From Continuing Operation Net Minority Interest": NaN,
        "Reconciled Depreciation": NaN,
        "Reconciled Cost Of Revenue": NaN,
        "EBITDA": NaN,
        "EBIT": NaN,
        "Net Interest Income": NaN,
        "Interest Expense": NaN,
        "Interest Income": NaN,
        "Normalized Income": NaN,
        "Net Income From Continuing And Discontinued Operation": NaN,
        "Total Expenses": NaN,
        "Total Operating Income As Reported": NaN,
        "Diluted Average Shares": 1221974.0,
        "Basic Average Shares": 1221974.0,
        "Diluted EPS": -2.74,
        "Basic EPS": -2.74,
        "Diluted NI Availto Com Stockholders": NaN,
        "Net Income Common Stockholders": NaN,
        "Net Income": NaN,
        "Net Income Including Noncontrolling Interests": NaN,
        "Net Income Continuous Operations": NaN,
        "Tax Provision": NaN,
        "Pretax Income": NaN,
        "Other Income Expense": NaN,
        "Gain On Sale Of Security": NaN,
        "Net Non Operating Interest Income Expense": NaN,
        "Interest Expense Non Operating": NaN,
        "Interest Income Non Operating": NaN,
        "Operating Income": NaN,
        "Operating Expense": NaN,
        "Depreciation Amortization Depletion Income Statement": NaN,
        "Depreciation And Amortization In Income Statement": NaN,
        "Research And Development": NaN,
        "Selling General And Administration": NaN,
        "General And Administrative Expense": NaN,
        "Other Gand A": NaN,
        "Salaries And Wages": NaN,
        "Gross Profit": NaN,
        "Cost Of Revenue": NaN,
        "Total Revenue": NaN,
        "Operating Revenue": NaN
    },
    "2024-03-31": {
        "Tax Effect Of Unusual Items": NaN,
        "Tax Rate For Calcs": NaN,
        "Normalized EBITDA": NaN,
        "Total Unusual Items": 0.0,
        "Total Unusual Items Excluding Goodwill": 0.0,
        "Net Income From Continuing Operation Net Minority Interest": NaN,
        "Reconciled Depreciation": NaN,
        "Reconciled Cost Of Revenue": NaN,
        "EBITDA": NaN,
        "EBIT": NaN,
        "Net Interest Income": NaN,
        "Interest Expense": NaN,
        "Interest Income": NaN,
        "Normalized Income": NaN,
        "Net Income From Continuing And Discontinued Operation": NaN,
        "Total Expenses": NaN,
        "Total Operating Income As Reported": NaN,
        "Diluted Average Shares": NaN,
        "Basic Average Shares": NaN,
        "Diluted EPS": NaN,
        "Basic EPS": NaN,
        "Diluted NI Availto Com Stockholders": NaN,
        "Net Income Common Stockholders": NaN,
        "Net Income": NaN,
        "Net Income Including Noncontrolling Interests": NaN,
        "Net Income Continuous Operations": NaN,
        "Tax Provision": NaN,
        "Pretax Income": NaN,
        "Other Income Expense": 0.0,
        "Gain On Sale Of Security": 0.0,
        "Net Non Operating Interest Income Expense": NaN,
        "Interest Expense Non Operating": NaN,
        "Interest Income Non Operating": NaN,
        "Operating Income": NaN,
        "Operating Expense": NaN,
        "Depreciation Amortization Depletion Income Statement": NaN,
        "Depreciation And Amortization In Income Statement": NaN,
        "Research And Development": NaN,
        "Selling General And Administration": NaN,
        "General And Administrative Expense": NaN,
        "Other Gand A": NaN,
        "Salaries And Wages": NaN,
        "Gross Profit": NaN,
        "Cost Of Revenue": NaN,
        "Total Revenue": NaN,
        "Operating Revenue": NaN
    },
    "2023-12-31": {
        "Tax Effect Of Unusual Items": NaN,
        "Tax Rate For Calcs": NaN,
        "Normalized EBITDA": NaN,
        "Total Unusual Items": NaN,
        "Total Unusual Items Excluding Goodwill": NaN,
        "Net Income From Continuing Operation Net Minority Interest": NaN,
        "Reconciled Depreciation": NaN,
        "Reconciled Cost Of Revenue": NaN,
        "EBITDA": NaN,
        "EBIT": NaN,
        "Net Interest Income": NaN,
        "Interest Expense": 0.0,
        "Interest Income": NaN,
        "Normalized Income": NaN,
        "Net Income From Continuing And Discontinued Operation": NaN,
        "Total Expenses": NaN,
        "Total Operating Income As Reported": NaN,
        "Diluted Average Shares": 759621.0,
        "Basic Average Shares": 759621.0,
        "Diluted EPS": -4.8,
        "Basic EPS": -4.8,
        "Diluted NI Availto Com Stockholders": NaN,
        "Net Income Common Stockholders": NaN,
        "Net Income": NaN,
        "Net Income Including Noncontrolling Interests": NaN,
        "Net Income Continuous Operations": NaN,
        "Tax Provision": NaN,
        "Pretax Income": NaN,
        "Other Income Expense": NaN,
        "Gain On Sale Of Security": NaN,
        "Net Non Operating Interest Income Expense": NaN,
        "Interest Expense Non Operating": 0.0,
        "Interest Income Non Operating": NaN,
        "Operating Income": NaN,
        "Operating Expense": NaN,
        "Depreciation Amortization Depletion Income Statement": NaN,
        "Depreciation And Amortization In Income Statement": NaN,
        "Research And Development": NaN,
        "Selling General And Administration": NaN,
        "General And Administrative Expense": NaN,
        "Other Gand A": NaN,
        "Salaries And Wages": NaN,
        "Gross Profit": NaN,
        "Cost Of Revenue": NaN,
        "Total Revenue": NaN,
        "Operating Revenue": NaN
    },
    "2023-09-30": {
        "Tax Effect Of Unusual Items": NaN,
        "Tax Rate For Calcs": NaN,
        "Normalized EBITDA": NaN,
        "Total Unusual Items": NaN,
        "Total Unusual Items Excluding Goodwill": NaN,
        "Net Income From Continuing Operation Net Minority Interest": NaN,
        "Reconciled Depreciation": NaN,
        "Reconciled Cost Of Revenue": NaN,
        "EBITDA": NaN,
        "EBIT": NaN,
        "Net Interest Income": NaN,
        "Interest Expense": NaN,
        "Interest Income": NaN,
        "Normalized Income": NaN,
        "Net Income From Continuing And Discontinued Operation": NaN,
        "Total Expenses": NaN,
        "Total Operating Income As Reported": NaN,
        "Diluted Average Shares": 726541.0,
        "Basic Average Shares": 726541.0,
        "Diluted EPS": -5.52,
        "Basic EPS": -5.52,
        "Diluted NI Availto Com Stockholders": NaN,
        "Net Income Common Stockholders": NaN,
        "Net Income": NaN,
        "Net Income Including Noncontrolling Interests": NaN,
        "Net Income Continuous Operations": NaN,
        "Tax Provision": NaN,
        "Pretax Income": NaN,
        "Other Income Expense": NaN,
        "Gain On Sale Of Security": NaN,
        "Net Non Operating Interest Income Expense": NaN,
        "Interest Expense Non Operating": NaN,
        "Interest Income Non Operating": NaN,
        "Operating Income": NaN,
        "Operating Expense": NaN,
        "Depreciation Amortization Depletion Income Statement": NaN,
        "Depreciation And Amortization In Income Statement": NaN,
        "Research And Development": NaN,
        "Selling General And Administration": NaN,
        "General And Administrative Expense": NaN,
        "Other Gand A": NaN,
        "Salaries And Wages": NaN,
        "Gross Profit": NaN,
        "Cost Of Revenue": NaN,
        "Total Revenue": NaN,
        "Operating Revenue": NaN
    },
    "2025-03-31": {
        "Tax Effect Of Unusual Items": 0.0,
        "Tax Rate For Calcs": 0.0,
        "Normalized EBITDA": 6918000.0,
        "Total Unusual Items": NaN,
        "Total Unusual Items Excluding Goodwill": NaN,
        "Net Income From Continuing Operation Net Minority Interest": 6852000.0,
        "Reconciled Depreciation": 61000.0,
        "Reconciled Cost Of Revenue": 0.0,
        "EBITDA": 6918000.0,
        "EBIT": 6857000.0,
        "Net Interest Income": 6000.0,
        "Interest Expense": 5000.0,
        "Interest Income": 11000.0,
        "Normalized Income": 6852000.0,
        "Net Income From Continuing And Discontinued Operation": 6852000.0,
        "Total Expenses": 3205000.0,
        "Total Operating Income As Reported": -3154000.0,
        "Diluted Average Shares": NaN,
        "Basic Average Shares": NaN,
        "Diluted EPS": NaN,
        "Basic EPS": NaN,
        "Diluted NI Availto Com Stockholders": 6852000.0,
        "Net Income Common Stockholders": 6852000.0,
        "Net Income": 6852000.0,
        "Net Income Including Noncontrolling Interests": 6852000.0,
        "Net Income Continuous Operations": 6852000.0,
        "Tax Provision": 0.0,
        "Pretax Income": 6852000.0,
        "Other Income Expense": NaN,
        "Gain On Sale Of Security": NaN,
        "Net Non Operating Interest Income Expense": 6000.0,
        "Interest Expense Non Operating": 5000.0,
        "Interest Income Non Operating": 11000.0,
        "Operating Income": -3154000.0,
        "Operating Expense": 3205000.0,
        "Depreciation Amortization Depletion Income Statement": 4000.0,
        "Depreciation And Amortization In Income Statement": 4000.0,
        "Research And Development": 859000.0,
        "Selling General And Administration": 2342000.0,
        "General And Administrative Expense": 2342000.0,
        "Other Gand A": 2267000.0,
        "Salaries And Wages": 75000.0,
        "Gross Profit": 51000.0,
        "Cost Of Revenue": 0.0,
        "Total Revenue": 51000.0,
        "Operating Revenue": 51000.0
    },
    "2025-06-30": {
        "Tax Effect Of Unusual Items": 0.0,
        "Tax Rate For Calcs": 0.0,
        "Normalized EBITDA": -2778000.0,
        "Total Unusual Items": NaN,
        "Total Unusual Items Excluding Goodwill": NaN,
        "Net Income From Continuing Operation Net Minority Interest": -2843000.0,
        "Reconciled Depreciation": 61000.0,
        "Reconciled Cost Of Revenue": 0.0,
        "EBITDA": -2778000.0,
        "EBIT": -2839000.0,
        "Net Interest Income": 72000.0,
        "Interest Expense": 4000.0,
        "Interest Income": 76000.0,
        "Normalized Income": -2843000.0,
        "Net Income From Continuing And Discontinued Operation": -2843000.0,
        "Total Expenses": 2952000.0,
        "Total Operating Income As Reported": -2915000.0,
        "Diluted Average Shares": 2503697.0,
        "Basic Average Shares": 2503697.0,
        "Diluted EPS": -1.14,
        "Basic EPS": -1.14,
        "Diluted NI Availto Com Stockholders": -2843000.0,
        "Net Income Common Stockholders": -2843000.0,
        "Net Income": -2843000.0,
        "Net Income Including Noncontrolling Interests": -2843000.0,
        "Net Income Continuous Operations": -2843000.0,
        "Tax Provision": 0.0,
        "Pretax Income": -2843000.0,
        "Other Income Expense": NaN,
        "Gain On Sale Of Security": NaN,
        "Net Non Operating Interest Income Expense": 72000.0,
        "Interest Expense Non Operating": 4000.0,
        "Interest Income Non Operating": 76000.0,
        "Operating Income": -2915000.0,
        "Operating Expense": 2952000.0,
        "Depreciation Amortization Depletion Income Statement": 5000.0,
        "Depreciation And Amortization In Income Statement": 5000.0,
        "Research And Development": 1001000.0,
        "Selling General And Administration": 1946000.0,
        "General And Administrative Expense": 1946000.0,
        "Other Gand A": 1881000.0,
        "Salaries And Wages": 65000.0,
        "Gross Profit": 37000.0,
        "Cost Of Revenue": 0.0,
        "Total Revenue": 37000.0,
        "Operating Revenue": 37000.0
    },
    "2025-09-30": {
        "Tax Effect Of Unusual Items": 0.0,
        "Tax Rate For Calcs": 0.21,
        "Normalized EBITDA": -2484000.0,
        "Total Unusual Items": NaN,
        "Total Unusual Items Excluding Goodwill": NaN,
        "Net Income From Continuing Operation Net Minority Interest": -2545000.0,
        "Reconciled Depreciation": 59000.0,
        "Reconciled Cost Of Revenue": 0.0,
        "EBITDA": -2484000.0,
        "EBIT": -2543000.0,
        "Net Interest Income": 92000.0,
        "Interest Expense": 0.0,
        "Interest Income": 92000.0,
        "Normalized Income": -2545000.0,
        "Net Income From Continuing And Discontinued Operation": -2545000.0,
        "Total Expenses": 2663000.0,
        "Total Operating Income As Reported": -2635000.0,
        "Diluted Average Shares": 2604950.0,
        "Basic Average Shares": 2604950.0,
        "Diluted EPS": -0.98,
        "Basic EPS": -0.98,
        "Diluted NI Availto Com Stockholders": -2545000.0,
        "Net Income Common Stockholders": -2545000.0,
        "Net Income": -2545000.0,
        "Net Income Including Noncontrolling Interests": -2545000.0,
        "Net Income Continuous Operations": -2545000.0,
        "Tax Provision": 2000.0,
        "Pretax Income": -2543000.0,
        "Other Income Expense": NaN,
        "Gain On Sale Of Security": NaN,
        "Net Non Operating Interest Income Expense": 92000.0,
        "Interest Expense Non Operating": 0.0,
        "Interest Income Non Operating": 92000.0,
        "Operating Income": -2635000.0,
        "Operating Expense": 2663000.0,
        "Depreciation Amortization Depletion Income Statement": 4000.0,
        "Depreciation And Amortization In Income Statement": 4000.0,
        "Research And Development": 923000.0,
        "Selling General And Administration": 1736000.0,
        "General And Administrative Expense": 1736000.0,
        "Other Gand A": 1677000.0,
        "Salaries And Wages": 59000.0,
        "Gross Profit": 28000.0,
        "Cost Of Revenue": 0.0,
        "Total Revenue": 28000.0,
        "Operating Revenue": 28000.0
    }
}