{
    "2023-03-31": {
        "Tax Effect Of Unusual Items": 0.0,
        "Tax Rate For Calcs": 0.0,
        "Normalized EBITDA": -2071000.0,
        "Total Unusual Items": -35000.0,
        "Total Unusual Items Excluding Goodwill": -35000.0,
        "Net Income From Continuing Operation Net Minority Interest": -3217000.0,
        "Reconciled Depreciation": 731000.0,
        "Reconciled Cost Of Revenue": 4098000.0,
        "EBITDA": -2106000.0,
        "EBIT": -2837000.0,
        "Net Interest Income": -385000.0,
        "Interest Expense": 414000.0,
        "Interest Income": 27000.0,
        "Normalized Income": -3182000.0,
        "Net Income From Continuing And Discontinued Operation": -3217000.0,
        "Total Expenses": 8846000.0,
        "Total Operating Income As Reported": -2831000.0,
        "Diluted Average Shares": 9134724.0,
        "Basic Average Shares": 9134724.0,
        "Diluted EPS": -0.35,
        "Basic EPS": -0.35,
        "Diluted NI Availto Com Stockholders": -3217000.0,
        "Net Income Common Stockholders": -3217000.0,
        "Net Income": -3217000.0,
        "Minority Interests": 34000.0,
        "Net Income Including Noncontrolling Interests": -3251000.0,
        "Net Income Continuous Operations": -3251000.0,
        "Tax Provision": 0.0,
        "Pretax Income": -3251000.0,
        "Other Income Expense": -35000.0,
        "Special Income Charges": NaN,
        "Write Off": NaN,
        "Gain On Sale Of Security": -35000.0,
        "Net Non Operating Interest Income Expense": -385000.0,
        "Total Other Finance Cost": -2000.0,
        "Interest Expense Non Operating": 414000.0,
        "Interest Income Non Operating": 27000.0,
        "Operating Income": -2831000.0,
        "Operating Expense": 4748000.0,
        "Other Operating Expenses": -277000.0,
        "Research And Development": 1599000.0,
        "Selling General And Administration": 3426000.0,
        "Selling And Marketing Expense": 1919000.0,
        "General And Administrative Expense": 1507000.0,
        "Other Gand A": 1507000.0,
        "Gross Profit": 1917000.0,
        "Cost Of Revenue": 4098000.0,
        "Total Revenue": 6015000.0,
        "Operating Revenue": 6015000.0
    },
    "2022-12-31": {
        "Tax Effect Of Unusual Items": 157942.196532,
        "Tax Rate For Calcs": 0.104046,
        "Normalized EBITDA": -526000.0,
        "Total Unusual Items": 1518000.0,
        "Total Unusual Items Excluding Goodwill": 1518000.0,
        "Net Income From Continuing Operation Net Minority Interest": -96000.0,
        "Reconciled Depreciation": 752000.0,
        "Reconciled Cost Of Revenue": 7908000.0,
        "EBITDA": 992000.0,
        "EBIT": 240000.0,
        "Net Interest Income": -406000.0,
        "Interest Expense": 413000.0,
        "Interest Income": 4000.0,
        "Normalized Income": -1456057.803468,
        "Net Income From Continuing And Discontinued Operation": -96000.0,
        "Total Expenses": 12051000.0,
        "Total Operating Income As Reported": 233000.0,
        "Diluted Average Shares": 8312466.0,
        "Basic Average Shares": 8312466.0,
        "Diluted EPS": -0.01,
        "Basic EPS": -0.01,
        "Diluted NI Availto Com Stockholders": -96000.0,
        "Net Income Common Stockholders": -96000.0,
        "Net Income": -96000.0,
        "Minority Interests": 59000.0,
        "Net Income Including Noncontrolling Interests": -155000.0,
        "Net Income Continuous Operations": -155000.0,
        "Tax Provision": -18000.0,
        "Pretax Income": -173000.0,
        "Other Income Expense": 1518000.0,
        "Special Income Charges": NaN,
        "Write Off": NaN,
        "Gain On Sale Of Security": 1770000.0,
        "Net Non Operating Interest Income Expense": -406000.0,
        "Total Other Finance Cost": -3000.0,
        "Interest Expense Non Operating": 413000.0,
        "Interest Income Non Operating": 4000.0,
        "Operating Income": -1285000.0,
        "Operating Expense": 4143000.0,
        "Other Operating Expenses": -2226000.0,
        "Research And Development": 2098000.0,
        "Selling General And Administration": 4271000.0,
        "Selling And Marketing Expense": 2435000.0,
        "General And Administrative Expense": 1836000.0,
        "Other Gand A": 1836000.0,
        "Gross Profit": 2858000.0,
        "Cost Of Revenue": 7908000.0,
        "Total Revenue": 10766000.0,
        "Operating Revenue": 10766000.0
    },
    "2022-09-30": {
        "Tax Effect Of Unusual Items": -2678.304812,
        "Tax Rate For Calcs": 0.000574,
        "Normalized EBITDA": -1800000.0,
        "Total Unusual Items": -4664000.0,
        "Total Unusual Items Excluding Goodwill": -4664000.0,
        "Net Income From Continuing Operation Net Minority Interest": -8659000.0,
        "Reconciled Depreciation": 735000.0,
        "Reconciled Cost Of Revenue": 4089000.0,
        "EBITDA": -6464000.0,
        "EBIT": -7199000.0,
        "Net Interest Income": -1503000.0,
        "Interest Expense": 1508000.0,
        "Interest Income": 8000.0,
        "Normalized Income": -3997678.304812,
        "Net Income From Continuing And Discontinued Operation": -8659000.0,
        "Total Expenses": 8275000.0,
        "Total Operating Income As Reported": -2540000.0,
        "Diluted Average Shares": 7026711.0,
        "Basic Average Shares": 7026711.0,
        "Diluted EPS": -1.23,
        "Basic EPS": -1.23,
        "Diluted NI Availto Com Stockholders": -8659000.0,
        "Net Income Common Stockholders": -8659000.0,
        "Net Income": -8659000.0,
        "Minority Interests": 43000.0,
        "Net Income Including Noncontrolling Interests": -8702000.0,
        "Net Income Continuous Operations": -8702000.0,
        "Tax Provision": -5000.0,
        "Pretax Income": -8707000.0,
        "Other Income Expense": -4664000.0,
        "Special Income Charges": NaN,
        "Write Off": NaN,
        "Gain On Sale Of Security": -4664000.0,
        "Net Non Operating Interest Income Expense": -1503000.0,
        "Total Other Finance Cost": 3000.0,
        "Interest Expense Non Operating": 1508000.0,
        "Interest Income Non Operating": 8000.0,
        "Operating Income": -2540000.0,
        "Operating Expense": 4186000.0,
        "Other Operating Expenses": -1068000.0,
        "Research And Development": 1673000.0,
        "Selling General And Administration": 3581000.0,
        "Selling And Marketing Expense": 2015000.0,
        "General And Administrative Expense": 1566000.0,
        "Other Gand A": 1566000.0,
        "Gross Profit": 1646000.0,
        "Cost Of Revenue": 4089000.0,
        "Total Revenue": 5735000.0,
        "Operating Revenue": 5735000.0
    },
    "2022-06-30": {
        "Tax Effect Of Unusual Items": 24653.969957,
        "Tax Rate For Calcs": 0.034871,
        "Normalized EBITDA": -1235000.0,
        "Total Unusual Items": 707000.0,
        "Total Unusual Items Excluding Goodwill": 707000.0,
        "Net Income From Continuing Operation Net Minority Interest": -1823000.0,
        "Reconciled Depreciation": 720000.0,
        "Reconciled Cost Of Revenue": 4600000.0,
        "EBITDA": -528000.0,
        "EBIT": -1248000.0,
        "Net Interest Income": -614000.0,
        "Interest Expense": 616000.0,
        "Interest Income": 0.0,
        "Normalized Income": -2505346.030043,
        "Net Income From Continuing And Discontinued Operation": -1823000.0,
        "Total Expenses": 8648000.0,
        "Total Operating Income As Reported": -1957000.0,
        "Diluted Average Shares": 7026711.0,
        "Basic Average Shares": 7026711.0,
        "Diluted EPS": -0.26,
        "Basic EPS": -0.26,
        "Diluted NI Availto Com Stockholders": -1823000.0,
        "Net Income Common Stockholders": -1823000.0,
        "Net Income": -1823000.0,
        "Minority Interests": -24000.0,
        "Net Income Including Noncontrolling Interests": -1799000.0,
        "Net Income Continuous Operations": -1799000.0,
        "Tax Provision": -65000.0,
        "Pretax Income": -1864000.0,
        "Other Income Expense": 707000.0,
        "Gain On Sale Of Security": 707000.0,
        "Net Non Operating Interest Income Expense": -614000.0,
        "Total Other Finance Cost": -2000.0,
        "Interest Expense Non Operating": 616000.0,
        "Interest Income Non Operating": 0.0,
        "Operating Income": -1957000.0,
        "Operating Expense": 4048000.0,
        "Other Operating Expenses": -998000.0,
        "Research And Development": 1653000.0,
        "Selling General And Administration": 3393000.0,
        "Selling And Marketing Expense": 1888000.0,
        "General And Administrative Expense": 1505000.0,
        "Other Gand A": 1505000.0,
        "Gross Profit": 2091000.0,
        "Cost Of Revenue": 4600000.0,
        "Total Revenue": 6691000.0,
        "Operating Revenue": 6691000.0
    },
    "2022-03-31": {
        "Diluted EPS": -0.11,
        "Total Revenue": 5,
        "Gross Profit": 2,
        "Operating Income": -1,
        "EBIT": 0,
        "Net Income": -1
    },
    "2021-12-31": {
        "Diluted EPS": -0.99,
        "Total Revenue": 13,
        "Gross Profit": 4,
        "Operating Income": -1,
        "EBIT": 0,
        "Net Income": 1
    },
    "2021-09-30": {
        "Diluted EPS": -0.14,
        "Total Revenue": 6,
        "Gross Profit": 2,
        "Operating Income": -2,
        "EBIT": -1,
        "Net Income": -1
    },
    "2021-06-30": {
        "Diluted EPS": -0.49,
        "Total Revenue": 6,
        "Gross Profit": 2,
        "Operating Income": -5,
        "EBIT": -4,
        "Net Income": -3
    },
    "2021-03-31": {
        "Diluted EPS": -0.36,
        "Total Revenue": 5,
        "Gross Profit": 1,
        "Operating Income": -3,
        "EBIT": -2,
        "Net Income": -10
    },
    "2020-09-30": {
        "Diluted EPS": -0.19,
        "Total Revenue": 6,
        "Gross Profit": 2,
        "Operating Income": -4,
        "EBIT": -4,
        "Net Income": -5
    },
    "2020-03-31": {
        "Diluted EPS": -0.59,
        "Total Revenue": 4,
        "Gross Profit": 1,
        "Operating Income": -4,
        "EBIT": -3,
        "Net Income": -3
    },
    "2019-12-31": {
        "Diluted EPS": -0.86,
        "Total Revenue": 11,
        "Gross Profit": 3,
        "Operating Income": -4,
        "EBIT": -2,
        "Net Income": -4
    },
    "2019-09-30": {
        "Diluted EPS": -0.89,
        "Total Revenue": 5,
        "Gross Profit": 1,
        "Operating Income": -4,
        "EBIT": -3,
        "Net Income": -4
    },
    "2019-06-30": {
        "Diluted EPS": -0.89,
        "Total Revenue": 6,
        "Gross Profit": 2,
        "Operating Income": -5,
        "EBIT": -3,
        "Net Income": -4
    },
    "2019-03-31": {
        "Diluted EPS": -0.66,
        "Total Revenue": 6,
        "Gross Profit": 2,
        "Operating Income": -2,
        "EBIT": -1,
        "Net Income": -3
    },
    "2018-12-31": {
        "Diluted EPS": -0.03,
        "Total Revenue": 10,
        "Gross Profit": 3,
        "Operating Income": -3,
        "EBIT": -2,
        "Net Income": -1
    },
    "2018-09-30": {
        "Diluted EPS": -1.19,
        "Total Revenue": 8,
        "Gross Profit": 3,
        "Operating Income": -3,
        "EBIT": -9,
        "Net Income": -4
    },
    "2018-06-30": {
        "Diluted EPS": -0.88,
        "Total Revenue": 6,
        "Gross Profit": 2,
        "Operating Income": -3,
        "EBIT": 5,
        "Net Income": -3
    },
    "2018-03-31": {
        "Diluted EPS": -0.52,
        "Total Revenue": 6,
        "Gross Profit": 3,
        "Operating Income": -3,
        "EBIT": -2,
        "Net Income": -2
    },
    "2017-12-31": {
        "Diluted EPS": -0.8,
        "Total Revenue": 7,
        "Gross Profit": 3,
        "Operating Income": -3,
        "EBIT": -2,
        "Net Income": -3
    },
    "2017-09-30": {
        "Diluted EPS": -0.31,
        "Total Revenue": 9,
        "Gross Profit": 4,
        "Operating Income": -1,
        "EBIT": 0,
        "Net Income": -1
    },
    "2017-06-30": {
        "Diluted EPS": -0.79,
        "Total Revenue": 6,
        "Gross Profit": 2,
        "Operating Income": -3,
        "EBIT": -2,
        "Net Income": -3
    },
    "2017-03-31": {
        "Diluted EPS": -0.7,
        "Total Revenue": 5,
        "Gross Profit": 2,
        "Operating Income": -3,
        "EBIT": -2,
        "Net Income": -3
    },
    "2016-12-31": {
        "Diluted EPS": -0.86,
        "Total Revenue": 7,
        "Gross Profit": 1,
        "Operating Income": -3,
        "EBIT": -2,
        "Net Income": -3
    },
    "2016-09-30": {
        "Diluted EPS": -1.06,
        "Total Revenue": 5,
        "Gross Profit": 2,
        "Operating Income": -4,
        "EBIT": -3,
        "Net Income": -4
    },
    "2016-06-30": {
        "Diluted EPS": -0.52,
        "Total Revenue": 7,
        "Gross Profit": 3,
        "Operating Income": -2,
        "EBIT": -1,
        "Net Income": -2
    },
    "2016-03-31": {
        "Diluted EPS": -0.93,
        "Total Revenue": 5,
        "Gross Profit": 1,
        "Operating Income": -3,
        "EBIT": -3,
        "Net Income": -3
    },
    "2015-12-31": {
        "Diluted EPS": -0.7,
        "Total Revenue": 9,
        "Gross Profit": 2,
        "Operating Income": -3,
        "EBIT": -2,
        "Net Income": -3
    },
    "2015-09-30": {
        "Diluted EPS": -1.0,
        "Total Revenue": 5,
        "Gross Profit": 2,
        "Operating Income": -4,
        "EBIT": -3,
        "Net Income": -4
    },
    "2015-06-30": {
        "Diluted EPS": -0.65,
        "Total Revenue": 6,
        "Gross Profit": 2,
        "Operating Income": -2,
        "EBIT": -1,
        "Net Income": -2
    },
    "2015-03-31": {
        "Diluted EPS": -0.65,
        "Total Revenue": 8,
        "Gross Profit": 4,
        "Operating Income": 0,
        "EBIT": 1,
        "Net Income": -2
    },
    "2014-12-31": {
        "Diluted EPS": -0.2,
        "Total Revenue": 8,
        "Gross Profit": 2,
        "Operating Income": -2,
        "EBIT": -1,
        "Net Income": -1
    },
    "2014-09-30": {
        "Diluted EPS": -0.5,
        "Total Revenue": 5,
        "Gross Profit": 2,
        "Operating Income": -3,
        "EBIT": -2,
        "Net Income": -2
    },
    "2014-06-30": {
        "Diluted EPS": -0.5,
        "Total Revenue": 4,
        "Gross Profit": 1,
        "Operating Income": -2,
        "EBIT": -1,
        "Net Income": -2
    },
    "2014-03-31": {
        "Diluted EPS": -0.2,
        "Total Revenue": 3,
        "Gross Profit": 0,
        "Operating Income": -2,
        "EBIT": -1,
        "Net Income": -1
    },
    "2013-12-31": {
        "Diluted EPS": -1.15,
        "Total Revenue": 5,
        "Gross Profit": 5,
        "Operating Income": 5,
        "EBIT": 6,
        "Net Income": -4
    },
    "2013-09-30": {
        "Diluted EPS": 0.15,
        "Total Revenue": 5,
        "Gross Profit": 2,
        "Operating Income": 1,
        "EBIT": 1,
        "Net Income": 0
    },
    "2013-06-30": {
        "Diluted EPS": -0.3,
        "Total Revenue": 3,
        "Gross Profit": 3,
        "Operating Income": 3,
        "EBIT": 3,
        "Net Income": -1
    },
    "2013-03-31": {
        "Diluted EPS": 0.05,
        "Total Revenue": 3,
        "Gross Profit": 3,
        "Operating Income": 3,
        "EBIT": 3,
        "Net Income": 0
    },
    "2012-12-31": {
        "Diluted EPS": -0.05,
        "Total Revenue": 3,
        "Gross Profit": 3,
        "Operating Income": 3,
        "EBIT": 3,
        "Net Income": 0
    },
    "2023-06-30": {
        "Tax Effect Of Unusual Items": -44700.0,
        "Tax Rate For Calcs": 0.15,
        "Normalized EBITDA": -2162000.0,
        "Total Unusual Items": -298000.0,
        "Total Unusual Items Excluding Goodwill": -298000.0,
        "Net Income From Continuing Operation Net Minority Interest": -3632000.0,
        "Reconciled Depreciation": 743000.0,
        "Reconciled Cost Of Revenue": 4984000.0,
        "EBITDA": -2460000.0,
        "EBIT": -3203000.0,
        "Net Interest Income": -380000.0,
        "Interest Expense": 422000.0,
        "Interest Income": 39000.0,
        "Normalized Income": -3378700.0,
        "Net Income From Continuing And Discontinued Operation": -3632000.0,
        "Total Expenses": 9784000.0,
        "Total Operating Income As Reported": -2947000.0,
        "Diluted Average Shares": 9134724.0,
        "Basic Average Shares": 9134724.0,
        "Diluted EPS": -0.4,
        "Basic EPS": -0.4,
        "Diluted NI Availto Com Stockholders": -3632000.0,
        "Net Income Common Stockholders": -3632000.0,
        "Net Income": -3632000.0,
        "Minority Interests": 5000.0,
        "Net Income Including Noncontrolling Interests": -3637000.0,
        "Net Income Continuous Operations": -3637000.0,
        "Tax Provision": 12000.0,
        "Pretax Income": -3625000.0,
        "Other Income Expense": -298000.0,
        "Special Income Charges": NaN,
        "Write Off": NaN,
        "Gain On Sale Of Security": -298000.0,
        "Net Non Operating Interest Income Expense": -380000.0,
        "Total Other Finance Cost": -3000.0,
        "Interest Expense Non Operating": 422000.0,
        "Interest Income Non Operating": 39000.0,
        "Operating Income": -2947000.0,
        "Operating Expense": 4800000.0,
        "Other Operating Expenses": -486000.0,
        "Research And Development": 1538000.0,
        "Selling General And Administration": 3748000.0,
        "Selling And Marketing Expense": 2113000.0,
        "General And Administrative Expense": 1635000.0,
        "Other Gand A": 1635000.0,
        "Gross Profit": 1853000.0,
        "Cost Of Revenue": 4984000.0,
        "Total Revenue": 6837000.0,
        "Operating Revenue": 6837000.0
    },
    "2023-09-30": {
        "Tax Effect Of Unusual Items": 0.0,
        "Tax Rate For Calcs": 0.0,
        "Normalized EBITDA": -2027000.0,
        "Total Unusual Items": -3000.0,
        "Total Unusual Items Excluding Goodwill": -3000.0,
        "Net Income From Continuing Operation Net Minority Interest": -3147000.0,
        "Reconciled Depreciation": 724000.0,
        "Reconciled Cost Of Revenue": 4515000.0,
        "EBITDA": -2030000.0,
        "EBIT": -2754000.0,
        "Net Interest Income": -388000.0,
        "Interest Expense": 425000.0,
        "Interest Income": 34000.0,
        "Normalized Income": -3144000.0,
        "Net Income From Continuing And Discontinued Operation": -3147000.0,
        "Total Expenses": 8955000.0,
        "Total Operating Income As Reported": -2798000.0,
        "Diluted Average Shares": 9134724.0,
        "Basic Average Shares": 9134724.0,
        "Diluted EPS": -0.34,
        "Basic EPS": -0.34,
        "Diluted NI Availto Com Stockholders": -3147000.0,
        "Net Income Common Stockholders": -3147000.0,
        "Net Income": -3147000.0,
        "Minority Interests": 32000.0,
        "Net Income Including Noncontrolling Interests": -3179000.0,
        "Net Income Continuous Operations": -3179000.0,
        "Tax Provision": 0.0,
        "Pretax Income": -3179000.0,
        "Other Income Expense": -3000.0,
        "Special Income Charges": -10000.0,
        "Write Off": 10000.0,
        "Gain On Sale Of Security": 7000.0,
        "Net Non Operating Interest Income Expense": -388000.0,
        "Total Other Finance Cost": -3000.0,
        "Interest Expense Non Operating": 425000.0,
        "Interest Income Non Operating": 34000.0,
        "Operating Income": -2788000.0,
        "Operating Expense": 4440000.0,
        "Other Operating Expenses": -666000.0,
        "Research And Development": 1534000.0,
        "Selling General And Administration": 3572000.0,
        "Selling And Marketing Expense": 1790000.0,
        "General And Administrative Expense": 1782000.0,
        "Other Gand A": 1782000.0,
        "Gross Profit": 1652000.0,
        "Cost Of Revenue": 4515000.0,
        "Total Revenue": 6167000.0,
        "Operating Revenue": 6167000.0
    }
}