{
    "2023-06-30": {
        "Tax Effect Of Unusual Items": NaN,
        "Tax Rate For Calcs": NaN,
        "Normalized EBITDA": NaN,
        "Total Unusual Items": NaN,
        "Total Unusual Items Excluding Goodwill": NaN,
        "Net Income From Continuing Operation Net Minority Interest": NaN,
        "Reconciled Depreciation": NaN,
        "EBITDA": NaN,
        "EBIT": NaN,
        "Net Interest Income": NaN,
        "Interest Income": NaN,
        "Normalized Income": NaN,
        "Net Income From Continuing And Discontinued Operation": NaN,
        "Total Expenses": NaN,
        "Total Operating Income As Reported": NaN,
        "Diluted Average Shares": 99192805.0,
        "Basic Average Shares": 99192805.0,
        "Diluted EPS": -0.19,
        "Basic EPS": -0.19,
        "Diluted NI Availto Com Stockholders": NaN,
        "Net Income Common Stockholders": NaN,
        "Net Income": NaN,
        "Net Income Including Noncontrolling Interests": NaN,
        "Net Income Continuous Operations": NaN,
        "Pretax Income": NaN,
        "Other Income Expense": NaN,
        "Gain On Sale Of Security": NaN,
        "Net Non Operating Interest Income Expense": NaN,
        "Total Other Finance Cost": NaN,
        "Interest Income Non Operating": NaN,
        "Operating Income": NaN,
        "Operating Expense": NaN,
        "Research And Development": NaN,
        "Selling General And Administration": NaN,
        "General And Administrative Expense": NaN,
        "Other Gand A": NaN,
        "Total Revenue": NaN,
        "Operating Revenue": NaN
    },
    "2023-03-31": {
        "Tax Effect Of Unusual Items": NaN,
        "Tax Rate For Calcs": NaN,
        "Normalized EBITDA": NaN,
        "Total Unusual Items": NaN,
        "Total Unusual Items Excluding Goodwill": NaN,
        "Net Income From Continuing Operation Net Minority Interest": NaN,
        "Reconciled Depreciation": NaN,
        "EBITDA": NaN,
        "EBIT": NaN,
        "Net Interest Income": NaN,
        "Interest Income": NaN,
        "Normalized Income": NaN,
        "Net Income From Continuing And Discontinued Operation": NaN,
        "Total Expenses": NaN,
        "Total Operating Income As Reported": NaN,
        "Diluted Average Shares": 78352000.0,
        "Basic Average Shares": 78352000.0,
        "Diluted EPS": -0.25,
        "Basic EPS": -0.25,
        "Diluted NI Availto Com Stockholders": NaN,
        "Net Income Common Stockholders": NaN,
        "Net Income": NaN,
        "Net Income Including Noncontrolling Interests": NaN,
        "Net Income Continuous Operations": NaN,
        "Pretax Income": NaN,
        "Other Income Expense": NaN,
        "Gain On Sale Of Security": NaN,
        "Net Non Operating Interest Income Expense": NaN,
        "Total Other Finance Cost": NaN,
        "Interest Income Non Operating": NaN,
        "Operating Income": NaN,
        "Operating Expense": NaN,
        "Research And Development": NaN,
        "Selling General And Administration": NaN,
        "General And Administrative Expense": NaN,
        "Other Gand A": NaN,
        "Total Revenue": NaN,
        "Operating Revenue": NaN
    },
    "2022-12-31": {
        "Tax Effect Of Unusual Items": NaN,
        "Tax Rate For Calcs": NaN,
        "Normalized EBITDA": NaN,
        "Total Unusual Items": 0.0,
        "Total Unusual Items Excluding Goodwill": 0.0,
        "Net Income From Continuing Operation Net Minority Interest": NaN,
        "Reconciled Depreciation": NaN,
        "EBITDA": NaN,
        "EBIT": NaN,
        "Net Interest Income": NaN,
        "Interest Income": NaN,
        "Normalized Income": NaN,
        "Net Income From Continuing And Discontinued Operation": NaN,
        "Total Expenses": NaN,
        "Total Operating Income As Reported": NaN,
        "Diluted Average Shares": NaN,
        "Basic Average Shares": NaN,
        "Diluted EPS": NaN,
        "Basic EPS": NaN,
        "Diluted NI Availto Com Stockholders": NaN,
        "Net Income Common Stockholders": NaN,
        "Net Income": NaN,
        "Net Income Including Noncontrolling Interests": NaN,
        "Net Income Continuous Operations": NaN,
        "Pretax Income": NaN,
        "Other Income Expense": 0.0,
        "Gain On Sale Of Security": 0.0,
        "Net Non Operating Interest Income Expense": NaN,
        "Total Other Finance Cost": NaN,
        "Interest Income Non Operating": NaN,
        "Operating Income": NaN,
        "Operating Expense": NaN,
        "Research And Development": NaN,
        "Selling General And Administration": NaN,
        "General And Administrative Expense": NaN,
        "Other Gand A": NaN,
        "Total Revenue": NaN,
        "Operating Revenue": NaN
    },
    "2022-09-30": {
        "Tax Effect Of Unusual Items": 0.0,
        "Tax Rate For Calcs": 0.0,
        "Normalized EBITDA": -16054000.0,
        "Total Unusual Items": NaN,
        "Total Unusual Items Excluding Goodwill": NaN,
        "Net Income From Continuing Operation Net Minority Interest": -15773000.0,
        "Reconciled Depreciation": 142000.0,
        "EBITDA": -16054000.0,
        "EBIT": -16196000.0,
        "Net Interest Income": 423000.0,
        "Interest Income": 450000.0,
        "Normalized Income": -15773000.0,
        "Net Income From Continuing And Discontinued Operation": -15773000.0,
        "Total Expenses": 16196000.0,
        "Total Operating Income As Reported": -16196000.0,
        "Diluted Average Shares": 76505383.0,
        "Basic Average Shares": 76505383.0,
        "Diluted EPS": -0.21,
        "Basic EPS": -0.21,
        "Diluted NI Availto Com Stockholders": -15773000.0,
        "Net Income Common Stockholders": -15773000.0,
        "Net Income": -15773000.0,
        "Net Income Including Noncontrolling Interests": -15773000.0,
        "Net Income Continuous Operations": -15773000.0,
        "Pretax Income": -15773000.0,
        "Other Income Expense": NaN,
        "Gain On Sale Of Security": NaN,
        "Net Non Operating Interest Income Expense": 423000.0,
        "Total Other Finance Cost": 27000.0,
        "Interest Income Non Operating": 450000.0,
        "Operating Income": -16196000.0,
        "Operating Expense": 16196000.0,
        "Research And Development": 11959000.0,
        "Selling General And Administration": 4237000.0,
        "General And Administrative Expense": 4237000.0,
        "Other Gand A": 4237000.0,
        "Total Revenue": 0.0,
        "Operating Revenue": 0.0
    },
    "2022-06-30": {
        "Tax Effect Of Unusual Items": 0.0,
        "Tax Rate For Calcs": 0.0,
        "Normalized EBITDA": -17589000.0,
        "Total Unusual Items": -42000.0,
        "Total Unusual Items Excluding Goodwill": -42000.0,
        "Net Income From Continuing Operation Net Minority Interest": -17432000.0,
        "Reconciled Depreciation": 0.0,
        "EBITDA": -17631000.0,
        "EBIT": -17631000.0,
        "Net Interest Income": 241000.0,
        "Interest Income": 253000.0,
        "Normalized Income": -17390000.0,
        "Net Income From Continuing And Discontinued Operation": -17432000.0,
        "Total Expenses": 17631000.0,
        "Total Operating Income As Reported": -17631000.0,
        "Diluted Average Shares": 77025080.0,
        "Basic Average Shares": 77025080.0,
        "Diluted EPS": -0.23,
        "Basic EPS": -0.23,
        "Diluted NI Availto Com Stockholders": -17432000.0,
        "Net Income Common Stockholders": -17432000.0,
        "Net Income": -17432000.0,
        "Net Income Including Noncontrolling Interests": -17432000.0,
        "Net Income Continuous Operations": -17432000.0,
        "Pretax Income": -17432000.0,
        "Other Income Expense": -42000.0,
        "Gain On Sale Of Security": -42000.0,
        "Net Non Operating Interest Income Expense": 241000.0,
        "Total Other Finance Cost": 12000.0,
        "Interest Income Non Operating": 253000.0,
        "Operating Income": -17631000.0,
        "Operating Expense": 17631000.0,
        "Research And Development": 13542000.0,
        "Selling General And Administration": 4089000.0,
        "General And Administrative Expense": 4089000.0,
        "Other Gand A": 4089000.0,
        "Total Revenue": 0.0,
        "Operating Revenue": 0.0
    },
    "2022-03-31": {
        "Diluted EPS": -0.21,
        "Total Revenue": NaN,
        "Gross Profit": NaN,
        "Operating Income": -16,
        "EBIT": -15,
        "Net Income": -16
    },
    "2021-12-31": {
        "Diluted EPS": -0.15,
        "Total Revenue": NaN,
        "Gross Profit": NaN,
        "Operating Income": -13,
        "EBIT": -12,
        "Net Income": -12
    },
    "2021-09-30": {
        "Diluted EPS": -0.17,
        "Total Revenue": NaN,
        "Gross Profit": NaN,
        "Operating Income": -13,
        "EBIT": -12,
        "Net Income": -13
    },
    "2021-06-30": {
        "Diluted EPS": -0.2,
        "Total Revenue": NaN,
        "Gross Profit": NaN,
        "Operating Income": -16,
        "EBIT": -14,
        "Net Income": -15
    },
    "2021-03-31": {
        "Diluted EPS": -0.19,
        "Total Revenue": NaN,
        "Gross Profit": NaN,
        "Operating Income": -14,
        "EBIT": -13,
        "Net Income": -14
    },
    "2020-12-31": {
        "Diluted EPS": -0.15,
        "Total Revenue": NaN,
        "Gross Profit": NaN,
        "Operating Income": -11,
        "EBIT": -10,
        "Net Income": -11
    },
    "2020-09-30": {
        "Diluted EPS": -0.13,
        "Total Revenue": NaN,
        "Gross Profit": NaN,
        "Operating Income": -10,
        "EBIT": -9,
        "Net Income": -9
    },
    "2020-06-30": {
        "Diluted EPS": -0.13,
        "Total Revenue": NaN,
        "Gross Profit": NaN,
        "Operating Income": -11,
        "EBIT": -10,
        "Net Income": -10
    },
    "2020-03-31": {
        "Diluted EPS": -0.13,
        "Total Revenue": NaN,
        "Gross Profit": NaN,
        "Operating Income": -11,
        "EBIT": -10,
        "Net Income": -10
    },
    "2019-12-31": {
        "Diluted EPS": -0.1,
        "Total Revenue": NaN,
        "Gross Profit": NaN,
        "Operating Income": -9,
        "EBIT": -8,
        "Net Income": -7
    },
    "2019-09-30": {
        "Diluted EPS": -0.08,
        "Total Revenue": NaN,
        "Gross Profit": NaN,
        "Operating Income": -7,
        "EBIT": -7,
        "Net Income": -6
    },
    "2019-06-30": {
        "Diluted EPS": -0.11,
        "Total Revenue": NaN,
        "Gross Profit": NaN,
        "Operating Income": -10,
        "EBIT": -10,
        "Net Income": -8
    },
    "2019-03-31": {
        "Diluted EPS": -0.07,
        "Total Revenue": NaN,
        "Gross Profit": NaN,
        "Operating Income": -7,
        "EBIT": -7,
        "Net Income": -5
    },
    "2018-12-31": {
        "Diluted EPS": -0.04,
        "Total Revenue": NaN,
        "Gross Profit": NaN,
        "Operating Income": -7,
        "EBIT": -7,
        "Net Income": -5
    },
    "2018-09-30": {
        "Diluted EPS": -0.11,
        "Total Revenue": NaN,
        "Gross Profit": NaN,
        "Operating Income": -7,
        "EBIT": -7,
        "Net Income": -7
    },
    "2018-06-30": {
        "Diluted EPS": -0.13,
        "Total Revenue": NaN,
        "Gross Profit": NaN,
        "Operating Income": -7,
        "EBIT": -6,
        "Net Income": -7
    },
    "2018-03-31": {
        "Diluted EPS": -0.1,
        "Total Revenue": NaN,
        "Gross Profit": NaN,
        "Operating Income": -5,
        "EBIT": -4,
        "Net Income": -4
    },
    "2017-12-31": {
        "Diluted EPS": -0.13,
        "Total Revenue": NaN,
        "Gross Profit": NaN,
        "Operating Income": -4,
        "EBIT": -4,
        "Net Income": -4
    },
    "2017-09-30": {
        "Diluted EPS": -0.22,
        "Total Revenue": NaN,
        "Gross Profit": NaN,
        "Operating Income": -5,
        "EBIT": -4,
        "Net Income": -6
    },
    "2017-06-30": {
        "Diluted EPS": -0.21,
        "Total Revenue": NaN,
        "Gross Profit": NaN,
        "Operating Income": -5,
        "EBIT": -4,
        "Net Income": -5
    },
    "2017-03-31": {
        "Diluted EPS": -0.23,
        "Total Revenue": NaN,
        "Gross Profit": NaN,
        "Operating Income": -5,
        "EBIT": -4,
        "Net Income": -5
    },
    "2016-12-31": {
        "Diluted EPS": -0.08,
        "Total Revenue": NaN,
        "Gross Profit": NaN,
        "Operating Income": -4,
        "EBIT": -3,
        "Net Income": -4
    },
    "2016-09-30": {
        "Diluted EPS": -0.2,
        "Total Revenue": NaN,
        "Gross Profit": NaN,
        "Operating Income": -3,
        "EBIT": -3,
        "Net Income": -4
    },
    "2016-06-30": {
        "Diluted EPS": -0.22,
        "Total Revenue": NaN,
        "Gross Profit": NaN,
        "Operating Income": -4,
        "EBIT": -3,
        "Net Income": -4
    },
    "2016-03-31": {
        "Diluted EPS": -0.4,
        "Total Revenue": NaN,
        "Gross Profit": NaN,
        "Operating Income": -3,
        "EBIT": -3,
        "Net Income": -4
    },
    "2015-12-31": {
        "Diluted EPS": -0.68,
        "Total Revenue": NaN,
        "Gross Profit": NaN,
        "Operating Income": -5,
        "EBIT": -4,
        "Net Income": -5
    },
    "2015-09-30": {
        "Diluted EPS": -0.53,
        "Total Revenue": NaN,
        "Gross Profit": NaN,
        "Operating Income": -4,
        "EBIT": -4,
        "Net Income": -5
    },
    "2015-06-30": {
        "Diluted EPS": -1.07,
        "Total Revenue": NaN,
        "Gross Profit": NaN,
        "Operating Income": -3,
        "EBIT": -2,
        "Net Income": -8
    },
    "2015-03-31": {
        "Diluted EPS": -1.4,
        "Total Revenue": NaN,
        "Gross Profit": NaN,
        "Operating Income": 0,
        "EBIT": 0,
        "Net Income": -6
    },
    "2014-12-31": {
        "Diluted EPS": 0.31,
        "Total Revenue": NaN,
        "Gross Profit": NaN,
        "Operating Income": 0,
        "EBIT": 0,
        "Net Income": 1
    },
    "2014-09-30": {
        "Diluted EPS": -0.06,
        "Total Revenue": NaN,
        "Gross Profit": NaN,
        "Operating Income": -1,
        "EBIT": -1,
        "Net Income": 0
    },
    "2014-06-30": {
        "Diluted EPS": -5.4,
        "Total Revenue": NaN,
        "Gross Profit": NaN,
        "Operating Income": -22,
        "EBIT": -22,
        "Net Income": -23
    },
    "2014-03-31": {
        "Diluted EPS": -0.08,
        "Total Revenue": NaN,
        "Gross Profit": NaN,
        "Operating Income": 0,
        "EBIT": 0,
        "Net Income": 0
    },
    "2013-12-31": {
        "Diluted EPS": 0.0,
        "Total Revenue": NaN,
        "Gross Profit": NaN,
        "Operating Income": NaN,
        "EBIT": NaN,
        "Net Income": NaN
    },
    "2023-09-30": {
        "Tax Effect Of Unusual Items": NaN,
        "Tax Rate For Calcs": NaN,
        "Normalized EBITDA": NaN,
        "Total Unusual Items": NaN,
        "Total Unusual Items Excluding Goodwill": NaN,
        "Net Income From Continuing Operation Net Minority Interest": NaN,
        "Reconciled Depreciation": NaN,
        "EBITDA": NaN,
        "EBIT": NaN,
        "Net Interest Income": NaN,
        "Interest Income": NaN,
        "Normalized Income": NaN,
        "Net Income From Continuing And Discontinued Operation": NaN,
        "Total Expenses": NaN,
        "Total Operating Income As Reported": NaN,
        "Diluted Average Shares": 99846000.0,
        "Basic Average Shares": 99846000.0,
        "Diluted EPS": -0.23,
        "Basic EPS": -0.23,
        "Diluted NI Availto Com Stockholders": NaN,
        "Net Income Common Stockholders": NaN,
        "Net Income": NaN,
        "Net Income Including Noncontrolling Interests": NaN,
        "Net Income Continuous Operations": NaN,
        "Pretax Income": NaN,
        "Other Income Expense": NaN,
        "Gain On Sale Of Security": NaN,
        "Net Non Operating Interest Income Expense": NaN,
        "Total Other Finance Cost": NaN,
        "Interest Income Non Operating": NaN,
        "Operating Income": NaN,
        "Operating Expense": NaN,
        "Research And Development": NaN,
        "Selling General And Administration": NaN,
        "General And Administrative Expense": NaN,
        "Other Gand A": NaN,
        "Total Revenue": NaN,
        "Operating Revenue": NaN
    },
    "2023-12-31": {
        "Tax Effect Of Unusual Items": 0.0,
        "Tax Rate For Calcs": 0.0,
        "Normalized EBITDA": -29211000.0,
        "Total Unusual Items": NaN,
        "Total Unusual Items Excluding Goodwill": NaN,
        "Net Income From Continuing Operation Net Minority Interest": -24605000.0,
        "Reconciled Depreciation": 74000.0,
        "EBITDA": -29211000.0,
        "EBIT": -29285000.0,
        "Net Interest Income": 4680000.0,
        "Interest Income": 4706000.0,
        "Normalized Income": -24605000.0,
        "Net Income From Continuing And Discontinued Operation": -24605000.0,
        "Total Expenses": 29285000.0,
        "Total Operating Income As Reported": -29285000.0,
        "Diluted Average Shares": NaN,
        "Basic Average Shares": NaN,
        "Diluted EPS": NaN,
        "Basic EPS": NaN,
        "Diluted NI Availto Com Stockholders": -24605000.0,
        "Net Income Common Stockholders": -24605000.0,
        "Net Income": -24605000.0,
        "Net Income Including Noncontrolling Interests": -24605000.0,
        "Net Income Continuous Operations": -24605000.0,
        "Pretax Income": -24605000.0,
        "Other Income Expense": NaN,
        "Gain On Sale Of Security": NaN,
        "Net Non Operating Interest Income Expense": 4680000.0,
        "Total Other Finance Cost": 26000.0,
        "Interest Income Non Operating": 4706000.0,
        "Operating Income": -29285000.0,
        "Operating Expense": 29285000.0,
        "Research And Development": 20502000.0,
        "Selling General And Administration": 8783000.0,
        "General And Administrative Expense": 8783000.0,
        "Other Gand A": 8783000.0,
        "Total Revenue": 0.0,
        "Operating Revenue": 0.0
    },
    "2024-03-31": {
        "Tax Effect Of Unusual Items": 0.0,
        "Tax Rate For Calcs": 0.0,
        "Normalized EBITDA": -33999000.0,
        "Total Unusual Items": NaN,
        "Total Unusual Items Excluding Goodwill": NaN,
        "Net Income From Continuing Operation Net Minority Interest": -27356000.0,
        "Reconciled Depreciation": 74000.0,
        "EBITDA": -33999000.0,
        "EBIT": -34073000.0,
        "Net Interest Income": 6717000.0,
        "Interest Income": 6745000.0,
        "Normalized Income": -27356000.0,
        "Net Income From Continuing And Discontinued Operation": -27356000.0,
        "Total Expenses": 34073000.0,
        "Total Operating Income As Reported": -34073000.0,
        "Diluted Average Shares": 103457000.0,
        "Basic Average Shares": 103457000.0,
        "Diluted EPS": -0.26,
        "Basic EPS": -0.26,
        "Diluted NI Availto Com Stockholders": -27356000.0,
        "Net Income Common Stockholders": -27356000.0,
        "Net Income": -27356000.0,
        "Net Income Including Noncontrolling Interests": -27356000.0,
        "Net Income Continuous Operations": -27356000.0,
        "Pretax Income": -27356000.0,
        "Other Income Expense": NaN,
        "Gain On Sale Of Security": NaN,
        "Net Non Operating Interest Income Expense": 6717000.0,
        "Total Other Finance Cost": 28000.0,
        "Interest Income Non Operating": 6745000.0,
        "Operating Income": -34073000.0,
        "Operating Expense": 34073000.0,
        "Research And Development": 24103000.0,
        "Selling General And Administration": 9970000.0,
        "General And Administrative Expense": 9970000.0,
        "Other Gand A": 9970000.0,
        "Total Revenue": 0.0,
        "Operating Revenue": 0.0
    },
    "2024-06-30": {
        "Tax Effect Of Unusual Items": 0.0,
        "Tax Rate For Calcs": 0.0,
        "Normalized EBITDA": -33981000.0,
        "Total Unusual Items": 2000.0,
        "Total Unusual Items Excluding Goodwill": 2000.0,
        "Net Income From Continuing Operation Net Minority Interest": -22250000.0,
        "Reconciled Depreciation": 75000.0,
        "EBITDA": -33979000.0,
        "EBIT": -34054000.0,
        "Net Interest Income": 11802000.0,
        "Interest Income": 11820000.0,
        "Normalized Income": -22252000.0,
        "Net Income From Continuing And Discontinued Operation": -22250000.0,
        "Total Expenses": 34054000.0,
        "Total Operating Income As Reported": -34054000.0,
        "Diluted Average Shares": 110390000.0,
        "Basic Average Shares": 110390000.0,
        "Diluted EPS": -0.2,
        "Basic EPS": -0.2,
        "Diluted NI Availto Com Stockholders": -22250000.0,
        "Net Income Common Stockholders": -22250000.0,
        "Net Income": -22250000.0,
        "Net Income Including Noncontrolling Interests": -22250000.0,
        "Net Income Continuous Operations": -22250000.0,
        "Pretax Income": -22250000.0,
        "Other Income Expense": 2000.0,
        "Gain On Sale Of Security": 2000.0,
        "Net Non Operating Interest Income Expense": 11802000.0,
        "Total Other Finance Cost": 18000.0,
        "Interest Income Non Operating": 11820000.0,
        "Operating Income": -34054000.0,
        "Operating Expense": 34054000.0,
        "Research And Development": 23769000.0,
        "Selling General And Administration": 10285000.0,
        "General And Administrative Expense": 10285000.0,
        "Other Gand A": 10285000.0,
        "Total Revenue": 0.0,
        "Operating Revenue": 0.0
    },
    "2024-09-30": {
        "Tax Effect Of Unusual Items": 0.0,
        "Tax Rate For Calcs": 0.0,
        "Normalized EBITDA": -36578000.0,
        "Total Unusual Items": 109000.0,
        "Total Unusual Items Excluding Goodwill": 109000.0,
        "Net Income From Continuing Operation Net Minority Interest": -24940000.0,
        "Reconciled Depreciation": 87000.0,
        "EBITDA": -36469000.0,
        "EBIT": -36556000.0,
        "Net Interest Income": 11507000.0,
        "Interest Income": 11531000.0,
        "Normalized Income": -25049000.0,
        "Net Income From Continuing And Discontinued Operation": -24940000.0,
        "Total Expenses": 36556000.0,
        "Total Operating Income As Reported": -36556000.0,
        "Diluted Average Shares": 110911000.0,
        "Basic Average Shares": 110911000.0,
        "Diluted EPS": -0.22,
        "Basic EPS": -0.22,
        "Diluted NI Availto Com Stockholders": -24940000.0,
        "Net Income Common Stockholders": -24940000.0,
        "Net Income": -24940000.0,
        "Net Income Including Noncontrolling Interests": -24940000.0,
        "Net Income Continuous Operations": -24940000.0,
        "Pretax Income": -24940000.0,
        "Other Income Expense": 109000.0,
        "Gain On Sale Of Security": 109000.0,
        "Net Non Operating Interest Income Expense": 11507000.0,
        "Total Other Finance Cost": 24000.0,
        "Interest Income Non Operating": 11531000.0,
        "Operating Income": -36556000.0,
        "Operating Expense": 36556000.0,
        "Research And Development": 22785000.0,
        "Selling General And Administration": 13771000.0,
        "General And Administrative Expense": 13771000.0,
        "Other Gand A": 13771000.0,
        "Total Revenue": 0.0,
        "Operating Revenue": 0.0
    },
    "2024-12-31": {
        "Tax Effect Of Unusual Items": 0.0,
        "Tax Rate For Calcs": 0.0,
        "Normalized EBITDA": -46129000.0,
        "Total Unusual Items": 1000.0,
        "Total Unusual Items Excluding Goodwill": 1000.0,
        "Net Income From Continuing Operation Net Minority Interest": -35417000.0,
        "Reconciled Depreciation": 110000.0,
        "EBITDA": -46128000.0,
        "EBIT": -46238000.0,
        "Net Interest Income": 10820000.0,
        "Interest Income": 10844000.0,
        "Normalized Income": -35418000.0,
        "Net Income From Continuing And Discontinued Operation": -35417000.0,
        "Total Expenses": 46238000.0,
        "Total Operating Income As Reported": -46238000.0,
        "Diluted Average Shares": 111344000.0,
        "Basic Average Shares": 111344000.0,
        "Diluted EPS": -0.32,
        "Basic EPS": -0.32,
        "Diluted NI Availto Com Stockholders": -35417000.0,
        "Net Income Common Stockholders": -35417000.0,
        "Net Income": -35417000.0,
        "Net Income Including Noncontrolling Interests": -35417000.0,
        "Net Income Continuous Operations": -35417000.0,
        "Pretax Income": -35417000.0,
        "Other Income Expense": 1000.0,
        "Gain On Sale Of Security": 1000.0,
        "Net Non Operating Interest Income Expense": 10820000.0,
        "Total Other Finance Cost": 24000.0,
        "Interest Income Non Operating": 10844000.0,
        "Operating Income": -46238000.0,
        "Operating Expense": 46238000.0,
        "Research And Development": 30987000.0,
        "Selling General And Administration": 15251000.0,
        "General And Administrative Expense": 15251000.0,
        "Other Gand A": 15251000.0,
        "Total Revenue": 0.0,
        "Operating Revenue": 0.0
    },
    "2025-03-31": {
        "Tax Effect Of Unusual Items": 0.0,
        "Tax Rate For Calcs": 0.0,
        "Normalized EBITDA": -55358000.0,
        "Total Unusual Items": NaN,
        "Total Unusual Items Excluding Goodwill": NaN,
        "Net Income From Continuing Operation Net Minority Interest": -45629000.0,
        "Reconciled Depreciation": 111000.0,
        "EBITDA": -55358000.0,
        "EBIT": -55469000.0,
        "Net Interest Income": 9840000.0,
        "Interest Income": 9864000.0,
        "Normalized Income": -45629000.0,
        "Net Income From Continuing And Discontinued Operation": -45629000.0,
        "Total Expenses": 55469000.0,
        "Total Operating Income As Reported": -55469000.0,
        "Diluted Average Shares": 112069078.0,
        "Basic Average Shares": 112069078.0,
        "Diluted EPS": -0.41,
        "Basic EPS": -0.41,
        "Diluted NI Availto Com Stockholders": -45629000.0,
        "Net Income Common Stockholders": -45629000.0,
        "Net Income": -45629000.0,
        "Net Income Including Noncontrolling Interests": -45629000.0,
        "Net Income Continuous Operations": -45629000.0,
        "Pretax Income": -45629000.0,
        "Other Income Expense": NaN,
        "Gain On Sale Of Security": NaN,
        "Net Non Operating Interest Income Expense": 9840000.0,
        "Total Other Finance Cost": 24000.0,
        "Interest Income Non Operating": 9864000.0,
        "Operating Income": -55469000.0,
        "Operating Expense": 55469000.0,
        "Research And Development": 41391000.0,
        "Selling General And Administration": 14078000.0,
        "General And Administrative Expense": 14078000.0,
        "Other Gand A": 14078000.0,
        "Total Revenue": 0.0,
        "Operating Revenue": 0.0
    }
}