{
    "2023-06-30": {
        "Tax Effect Of Unusual Items": NaN,
        "Tax Rate For Calcs": NaN,
        "Normalized EBITDA": NaN,
        "Total Unusual Items": NaN,
        "Total Unusual Items Excluding Goodwill": NaN,
        "Net Income From Continuing Operation Net Minority Interest": NaN,
        "Reconciled Depreciation": NaN,
        "Reconciled Cost Of Revenue": NaN,
        "EBITDA": NaN,
        "EBIT": NaN,
        "Net Interest Income": NaN,
        "Interest Expense": NaN,
        "Interest Income": 62000000.0,
        "Normalized Income": NaN,
        "Net Income From Continuing And Discontinued Operation": NaN,
        "Total Expenses": NaN,
        "Total Operating Income As Reported": NaN,
        "Diluted Average Shares": NaN,
        "Basic Average Shares": NaN,
        "Diluted EPS": NaN,
        "Basic EPS": NaN,
        "Diluted NI Availto Com Stockholders": NaN,
        "Net Income Common Stockholders": NaN,
        "Otherunder Preferred Stock Dividend": NaN,
        "Net Income": NaN,
        "Minority Interests": NaN,
        "Net Income Including Noncontrolling Interests": NaN,
        "Net Income Continuous Operations": NaN,
        "Tax Provision": NaN,
        "Pretax Income": NaN,
        "Other Income Expense": NaN,
        "Other Non Operating Income Expenses": NaN,
        "Special Income Charges": NaN,
        "Other Special Charges": NaN,
        "Earnings From Equity Interest": 44000000.0,
        "Net Non Operating Interest Income Expense": NaN,
        "Interest Expense Non Operating": NaN,
        "Interest Income Non Operating": 62000000.0,
        "Operating Income": NaN,
        "Operating Expense": NaN,
        "Other Operating Expenses": NaN,
        "Selling General And Administration": NaN,
        "General And Administrative Expense": NaN,
        "Other Gand A": NaN,
        "Gross Profit": NaN,
        "Cost Of Revenue": NaN,
        "Total Revenue": NaN,
        "Excise Taxes": NaN,
        "Operating Revenue": NaN
    },
    "2023-03-31": {
        "Tax Effect Of Unusual Items": NaN,
        "Tax Rate For Calcs": NaN,
        "Normalized EBITDA": NaN,
        "Total Unusual Items": NaN,
        "Total Unusual Items Excluding Goodwill": NaN,
        "Net Income From Continuing Operation Net Minority Interest": NaN,
        "Reconciled Depreciation": NaN,
        "Reconciled Cost Of Revenue": NaN,
        "EBITDA": NaN,
        "EBIT": NaN,
        "Net Interest Income": NaN,
        "Interest Expense": NaN,
        "Interest Income": NaN,
        "Normalized Income": NaN,
        "Net Income From Continuing And Discontinued Operation": NaN,
        "Total Expenses": NaN,
        "Total Operating Income As Reported": NaN,
        "Diluted Average Shares": NaN,
        "Basic Average Shares": NaN,
        "Diluted EPS": NaN,
        "Basic EPS": NaN,
        "Diluted NI Availto Com Stockholders": NaN,
        "Net Income Common Stockholders": NaN,
        "Otherunder Preferred Stock Dividend": NaN,
        "Net Income": NaN,
        "Minority Interests": NaN,
        "Net Income Including Noncontrolling Interests": NaN,
        "Net Income Continuous Operations": NaN,
        "Tax Provision": NaN,
        "Pretax Income": NaN,
        "Other Income Expense": NaN,
        "Other Non Operating Income Expenses": 129000000.0,
        "Special Income Charges": NaN,
        "Other Special Charges": NaN,
        "Earnings From Equity Interest": NaN,
        "Net Non Operating Interest Income Expense": NaN,
        "Interest Expense Non Operating": NaN,
        "Interest Income Non Operating": NaN,
        "Operating Income": NaN,
        "Operating Expense": NaN,
        "Other Operating Expenses": NaN,
        "Selling General And Administration": NaN,
        "General And Administrative Expense": NaN,
        "Other Gand A": NaN,
        "Gross Profit": NaN,
        "Cost Of Revenue": NaN,
        "Total Revenue": NaN,
        "Excise Taxes": NaN,
        "Operating Revenue": NaN
    },
    "2022-12-31": {
        "Tax Effect Of Unusual Items": 0.0,
        "Tax Rate For Calcs": 0.239529,
        "Normalized EBITDA": 5020000000.0,
        "Total Unusual Items": NaN,
        "Total Unusual Items Excluding Goodwill": NaN,
        "Net Income From Continuing Operation Net Minority Interest": 3113000000.0,
        "Reconciled Depreciation": 633000000.0,
        "Reconciled Cost Of Revenue": 37082000000.0,
        "EBITDA": 5020000000.0,
        "EBIT": 4387000000.0,
        "Net Interest Income": 86000000.0,
        "Interest Expense": 137000000.0,
        "Interest Income": NaN,
        "Normalized Income": 3113000000.0,
        "Net Income From Continuing And Discontinued Operation": 3113000000.0,
        "Total Expenses": 37448000000.0,
        "Total Operating Income As Reported": 4295000000.0,
        "Diluted Average Shares": 381000000.0,
        "Basic Average Shares": 380000000.0,
        "Diluted EPS": 8.15,
        "Basic EPS": 8.15,
        "Diluted NI Availto Com Stockholders": 3101000000.0,
        "Net Income Common Stockholders": 3101000000.0,
        "Otherunder Preferred Stock Dividend": 12000000.0,
        "Net Income": 3113000000.0,
        "Minority Interests": -119000000.0,
        "Net Income Including Noncontrolling Interests": 3232000000.0,
        "Net Income Continuous Operations": 3232000000.0,
        "Tax Provision": 1018000000.0,
        "Pretax Income": 4250000000.0,
        "Other Income Expense": -134000000.0,
        "Other Non Operating Income Expenses": NaN,
        "Special Income Charges": NaN,
        "Other Special Charges": NaN,
        "Earnings From Equity Interest": NaN,
        "Net Non Operating Interest Income Expense": 86000000.0,
        "Interest Expense Non Operating": 137000000.0,
        "Interest Income Non Operating": NaN,
        "Operating Income": 4298000000.0,
        "Operating Expense": 366000000.0,
        "Other Operating Expenses": 26000000.0,
        "Selling General And Administration": 340000000.0,
        "General And Administrative Expense": 340000000.0,
        "Other Gand A": 282000000.0,
        "Gross Profit": 4664000000.0,
        "Cost Of Revenue": 37082000000.0,
        "Total Revenue": 41746000000.0,
        "Excise Taxes": NaN,
        "Operating Revenue": 41746000000.0
    },
    "2022-09-30": {
        "Tax Effect Of Unusual Items": NaN,
        "Tax Rate For Calcs": NaN,
        "Normalized EBITDA": NaN,
        "Total Unusual Items": 26000000.0,
        "Total Unusual Items Excluding Goodwill": 26000000.0,
        "Net Income From Continuing Operation Net Minority Interest": NaN,
        "Reconciled Depreciation": NaN,
        "Reconciled Cost Of Revenue": NaN,
        "EBITDA": NaN,
        "EBIT": NaN,
        "Net Interest Income": NaN,
        "Interest Expense": NaN,
        "Interest Income": 36000000.0,
        "Normalized Income": NaN,
        "Net Income From Continuing And Discontinued Operation": NaN,
        "Total Expenses": NaN,
        "Total Operating Income As Reported": NaN,
        "Diluted Average Shares": NaN,
        "Basic Average Shares": NaN,
        "Diluted EPS": NaN,
        "Basic EPS": NaN,
        "Diluted NI Availto Com Stockholders": NaN,
        "Net Income Common Stockholders": NaN,
        "Otherunder Preferred Stock Dividend": NaN,
        "Net Income": NaN,
        "Minority Interests": NaN,
        "Net Income Including Noncontrolling Interests": NaN,
        "Net Income Continuous Operations": NaN,
        "Tax Provision": NaN,
        "Pretax Income": NaN,
        "Other Income Expense": NaN,
        "Other Non Operating Income Expenses": 74000000.0,
        "Special Income Charges": 26000000.0,
        "Other Special Charges": -26000000.0,
        "Earnings From Equity Interest": 12000000.0,
        "Net Non Operating Interest Income Expense": NaN,
        "Interest Expense Non Operating": NaN,
        "Interest Income Non Operating": 36000000.0,
        "Operating Income": NaN,
        "Operating Expense": NaN,
        "Other Operating Expenses": NaN,
        "Selling General And Administration": NaN,
        "General And Administrative Expense": NaN,
        "Other Gand A": NaN,
        "Gross Profit": NaN,
        "Cost Of Revenue": NaN,
        "Total Revenue": NaN,
        "Excise Taxes": 1213000000.0,
        "Operating Revenue": NaN
    },
    "2022-06-30": {
        "Tax Effect Of Unusual Items": 0.0,
        "Tax Rate For Calcs": 0.21964,
        "Normalized EBITDA": 6854000000.0,
        "Total Unusual Items": NaN,
        "Total Unusual Items Excluding Goodwill": NaN,
        "Net Income From Continuing Operation Net Minority Interest": 4693000000.0,
        "Reconciled Depreciation": 602000000.0,
        "Reconciled Cost Of Revenue": 45174000000.0,
        "EBITDA": 6854000000.0,
        "EBIT": 6252000000.0,
        "Net Interest Income": -142000000.0,
        "Interest Expense": 142000000.0,
        "Interest Income": NaN,
        "Normalized Income": 4693000000.0,
        "Net Income From Continuing And Discontinued Operation": 4693000000.0,
        "Total Expenses": 45422000000.0,
        "Total Operating Income As Reported": 6219000000.0,
        "Diluted Average Shares": 404000000.0,
        "Basic Average Shares": 404000000.0,
        "Diluted EPS": 11.57,
        "Basic EPS": 11.58,
        "Diluted NI Availto Com Stockholders": 4676000000.0,
        "Net Income Common Stockholders": 4676000000.0,
        "Otherunder Preferred Stock Dividend": 17000000.0,
        "Net Income": 4693000000.0,
        "Minority Interests": -75000000.0,
        "Net Income Including Noncontrolling Interests": 4768000000.0,
        "Net Income Continuous Operations": 4768000000.0,
        "Tax Provision": 1342000000.0,
        "Pretax Income": 6110000000.0,
        "Other Income Expense": 33000000.0,
        "Other Non Operating Income Expenses": 33000000.0,
        "Special Income Charges": NaN,
        "Impairment Of Capital Assets": NaN,
        "Earnings From Equity Interest": NaN,
        "Net Non Operating Interest Income Expense": -142000000.0,
        "Interest Expense Non Operating": 142000000.0,
        "Interest Income Non Operating": NaN,
        "Operating Income": 6219000000.0,
        "Operating Expense": 248000000.0,
        "Other Operating Expenses": 15000000.0,
        "Selling General And Administration": 233000000.0,
        "General And Administrative Expense": 233000000.0,
        "Other Gand A": 233000000.0,
        "Gross Profit": 6467000000.0,
        "Cost Of Revenue": 45174000000.0,
        "Total Revenue": 51641000000.0,
        "Operating Revenue": 51641000000.0
    },
    "2022-03-31": {
        "Diluted EPS": 2.21,
        "Total Revenue": NaN,
        "Gross Profit": NaN,
        "Operating Income": NaN,
        "EBIT": NaN,
        "Net Income": 905
    },
    "2021-12-31": {
        "Diluted EPS": 2.48,
        "Total Revenue": NaN,
        "Gross Profit": NaN,
        "Operating Income": NaN,
        "EBIT": NaN,
        "Net Income": NaN
    },
    "2021-09-30": {
        "Diluted EPS": 1.13,
        "Total Revenue": NaN,
        "Gross Profit": 918,
        "Operating Income": 693,
        "EBIT": NaN,
        "Net Income": 463
    },
    "2021-06-30": {
        "Diluted EPS": 0.39,
        "Total Revenue": NaN,
        "Gross Profit": 709,
        "Operating Income": 509,
        "EBIT": NaN,
        "Net Income": 162
    },
    "2021-03-31": {
        "Diluted EPS": -1.73,
        "Total Revenue": NaN,
        "Gross Profit": -408,
        "Operating Income": -666,
        "EBIT": -88,
        "Net Income": -704
    },
    "2020-12-31": {
        "Diluted EPS": -0.89,
        "Total Revenue": NaN,
        "Gross Profit": -230,
        "Operating Income": -470,
        "EBIT": 107,
        "Net Income": -359
    },
    "2020-09-30": {
        "Diluted EPS": -1.14,
        "Total Revenue": NaN,
        "Gross Profit": -398,
        "Operating Income": -621,
        "EBIT": -7,
        "Net Income": -464
    },
    "2020-06-30": {
        "Diluted EPS": 3.07,
        "Total Revenue": NaN,
        "Gross Profit": NaN,
        "Operating Income": NaN,
        "EBIT": NaN,
        "Net Income": NaN
    },
    "2020-03-31": {
        "Diluted EPS": -4.54,
        "Total Revenue": NaN,
        "Gross Profit": NaN,
        "Operating Income": NaN,
        "EBIT": NaN,
        "Net Income": NaN
    },
    "2019-12-31": {
        "Diluted EPS": 2.55,
        "Total Revenue": NaN,
        "Gross Profit": NaN,
        "Operating Income": NaN,
        "EBIT": NaN,
        "Net Income": NaN
    },
    "2019-09-30": {
        "Diluted EPS": 1.48,
        "Total Revenue": NaN,
        "Gross Profit": NaN,
        "Operating Income": 881,
        "EBIT": NaN,
        "Net Income": 609
    },
    "2019-06-30": {
        "Diluted EPS": 1.47,
        "Total Revenue": NaN,
        "Gross Profit": NaN,
        "Operating Income": 908,
        "EBIT": NaN,
        "Net Income": 612
    },
    "2019-03-31": {
        "Diluted EPS": 0.34,
        "Total Revenue": NaN,
        "Gross Profit": 533,
        "Operating Income": 308,
        "EBIT": 859,
        "Net Income": 141
    },
    "2018-12-31": {
        "Diluted EPS": 2.23,
        "Total Revenue": NaN,
        "Gross Profit": NaN,
        "Operating Income": NaN,
        "EBIT": NaN,
        "Net Income": 952
    },
    "2018-09-30": {
        "Diluted EPS": 2.01,
        "Total Revenue": NaN,
        "Gross Profit": NaN,
        "Operating Income": NaN,
        "EBIT": NaN,
        "Net Income": 856
    },
    "2018-06-30": {
        "Diluted EPS": 1.96,
        "Total Revenue": NaN,
        "Gross Profit": NaN,
        "Operating Income": NaN,
        "EBIT": NaN,
        "Net Income": 845
    },
    "2018-03-31": {
        "Diluted EPS": 1.09,
        "Total Revenue": NaN,
        "Gross Profit": NaN,
        "Operating Income": 801,
        "EBIT": NaN,
        "Net Income": 469
    },
    "2017-12-31": {
        "Diluted EPS": 5.34,
        "Total Revenue": NaN,
        "Gross Profit": NaN,
        "Operating Income": 843,
        "EBIT": NaN,
        "Net Income": NaN
    },
    "2017-09-30": {
        "Diluted EPS": 1.91,
        "Total Revenue": NaN,
        "Gross Profit": NaN,
        "Operating Income": NaN,
        "EBIT": NaN,
        "Net Income": 841
    },
    "2017-06-30": {
        "Diluted EPS": 1.23,
        "Total Revenue": NaN,
        "Gross Profit": NaN,
        "Operating Income": 860,
        "EBIT": NaN,
        "Net Income": 548
    },
    "2017-03-31": {
        "Diluted EPS": 0.68,
        "Total Revenue": NaN,
        "Gross Profit": 732,
        "Operating Income": 528,
        "EBIT": NaN,
        "Net Income": 305
    },
    "2016-12-31": {
        "Diluted EPS": 0.83,
        "Total Revenue": NaN,
        "Gross Profit": NaN,
        "Operating Income": 582,
        "EBIT": NaN,
        "Net Income": 367
    },
    "2016-09-30": {
        "Diluted EPS": 1.33,
        "Total Revenue": NaN,
        "Gross Profit": NaN,
        "Operating Income": 892,
        "EBIT": NaN,
        "Net Income": 613
    },
    "2016-06-30": {
        "Diluted EPS": 1.73,
        "Total Revenue": NaN,
        "Gross Profit": NaN,
        "Operating Income": NaN,
        "EBIT": NaN,
        "Net Income": 814
    },
    "2016-03-31": {
        "Diluted EPS": 1.05,
        "Total Revenue": NaN,
        "Gross Profit": NaN,
        "Operating Income": 829,
        "EBIT": NaN,
        "Net Income": 495
    },
    "2015-12-31": {
        "Diluted EPS": 0.67,
        "Total Revenue": NaN,
        "Gross Profit": NaN,
        "Operating Income": 646,
        "EBIT": NaN,
        "Net Income": 298
    },
    "2015-09-30": {
        "Diluted EPS": 2.79,
        "Total Revenue": NaN,
        "Gross Profit": NaN,
        "Operating Income": NaN,
        "EBIT": NaN,
        "Net Income": NaN
    },
    "2015-06-30": {
        "Diluted EPS": 2.66,
        "Total Revenue": NaN,
        "Gross Profit": NaN,
        "Operating Income": NaN,
        "EBIT": NaN,
        "Net Income": NaN
    },
    "2015-03-31": {
        "Diluted EPS": 1.87,
        "Total Revenue": NaN,
        "Gross Profit": NaN,
        "Operating Income": NaN,
        "EBIT": NaN,
        "Net Income": 964
    },
    "2014-12-31": {
        "Diluted EPS": 2.21,
        "Total Revenue": NaN,
        "Gross Profit": NaN,
        "Operating Income": NaN,
        "EBIT": NaN,
        "Net Income": NaN
    },
    "2014-09-30": {
        "Diluted EPS": 2.0,
        "Total Revenue": NaN,
        "Gross Profit": NaN,
        "Operating Income": NaN,
        "EBIT": NaN,
        "Net Income": NaN
    },
    "2014-06-30": {
        "Diluted EPS": 1.1,
        "Total Revenue": NaN,
        "Gross Profit": NaN,
        "Operating Income": NaN,
        "EBIT": NaN,
        "Net Income": 588
    },
    "2014-03-31": {
        "Diluted EPS": 1.54,
        "Total Revenue": NaN,
        "Gross Profit": NaN,
        "Operating Income": NaN,
        "EBIT": NaN,
        "Net Income": 828
    },
    "2013-12-31": {
        "Diluted EPS": 2.37,
        "Total Revenue": NaN,
        "Gross Profit": NaN,
        "Operating Income": NaN,
        "EBIT": NaN,
        "Net Income": NaN
    },
    "2013-09-30": {
        "Diluted EPS": 0.57,
        "Total Revenue": NaN,
        "Gross Profit": NaN,
        "Operating Income": 532,
        "EBIT": 980,
        "Net Income": 312
    },
    "2013-06-30": {
        "Diluted EPS": 0.85,
        "Total Revenue": NaN,
        "Gross Profit": NaN,
        "Operating Income": 805,
        "EBIT": NaN,
        "Net Income": 466
    },
    "2013-03-31": {
        "Diluted EPS": 1.18,
        "Total Revenue": NaN,
        "Gross Profit": NaN,
        "Operating Income": NaN,
        "EBIT": NaN,
        "Net Income": 654
    },
    "2012-12-31": {
        "Diluted EPS": 1.82,
        "Total Revenue": NaN,
        "Gross Profit": NaN,
        "Operating Income": NaN,
        "EBIT": NaN,
        "Net Income": NaN
    },
    "2012-09-30": {
        "Diluted EPS": 1.21,
        "Total Revenue": NaN,
        "Gross Profit": NaN,
        "Operating Income": NaN,
        "EBIT": NaN,
        "Net Income": 674
    },
    "2012-06-30": {
        "Diluted EPS": 1.5,
        "Total Revenue": NaN,
        "Gross Profit": NaN,
        "Operating Income": NaN,
        "EBIT": NaN,
        "Net Income": 831
    },
    "2012-03-31": {
        "Diluted EPS": -0.78,
        "Total Revenue": NaN,
        "Gross Profit": NaN,
        "Operating Income": -244,
        "EBIT": 140,
        "Net Income": -432
    },
    "2011-12-31": {
        "Diluted EPS": 0.1,
        "Total Revenue": NaN,
        "Gross Profit": NaN,
        "Operating Income": 167,
        "EBIT": 560,
        "Net Income": 45
    },
    "2011-09-30": {
        "Diluted EPS": 2.11,
        "Total Revenue": NaN,
        "Gross Profit": NaN,
        "Operating Income": NaN,
        "EBIT": NaN,
        "Net Income": NaN
    },
    "2011-06-30": {
        "Diluted EPS": 1.3,
        "Total Revenue": NaN,
        "Gross Profit": NaN,
        "Operating Income": NaN,
        "EBIT": NaN,
        "Net Income": 744
    },
    "2011-03-31": {
        "Diluted EPS": 0.17,
        "Total Revenue": NaN,
        "Gross Profit": NaN,
        "Operating Income": 244,
        "EBIT": 609,
        "Net Income": 98
    },
    "2010-12-31": {
        "Diluted EPS": -0.77,
        "Total Revenue": NaN,
        "Gross Profit": NaN,
        "Operating Income": 378,
        "EBIT": 755,
        "Net Income": -438
    },
    "2010-09-30": {
        "Diluted EPS": 0.51,
        "Total Revenue": NaN,
        "Gross Profit": NaN,
        "Operating Income": 590,
        "EBIT": 962,
        "Net Income": 292
    },
    "2010-06-30": {
        "Diluted EPS": 1.03,
        "Total Revenue": NaN,
        "Gross Profit": NaN,
        "Operating Income": 904,
        "EBIT": NaN,
        "Net Income": 583
    },
    "2010-03-31": {
        "Diluted EPS": -0.2,
        "Total Revenue": NaN,
        "Gross Profit": NaN,
        "Operating Income": 4,
        "EBIT": 361,
        "Net Income": -113
    },
    "2009-12-31": {
        "Diluted EPS": -2.66,
        "Total Revenue": NaN,
        "Gross Profit": NaN,
        "Operating Income": -80,
        "EBIT": 291,
        "Net Income": NaN
    },
    "2009-09-30": {
        "Diluted EPS": -1.12,
        "Total Revenue": NaN,
        "Gross Profit": NaN,
        "Operating Income": -238,
        "EBIT": 151,
        "Net Income": -629
    },
    "2009-06-30": {
        "Diluted EPS": -0.48,
        "Total Revenue": NaN,
        "Gross Profit": NaN,
        "Operating Income": -192,
        "EBIT": 197,
        "Net Income": -254
    },
    "2009-03-31": {
        "Diluted EPS": 0.59,
        "Total Revenue": NaN,
        "Gross Profit": NaN,
        "Operating Income": 593,
        "EBIT": 971,
        "Net Income": 309
    },
    "2023-09-30": {
        "Tax Effect Of Unusual Items": NaN,
        "Tax Rate For Calcs": NaN,
        "Normalized EBITDA": NaN,
        "Total Unusual Items": 0.0,
        "Total Unusual Items Excluding Goodwill": 0.0,
        "Net Income From Continuing Operation Net Minority Interest": NaN,
        "Reconciled Depreciation": NaN,
        "Reconciled Cost Of Revenue": NaN,
        "EBITDA": NaN,
        "EBIT": NaN,
        "Net Interest Income": NaN,
        "Interest Expense": NaN,
        "Interest Income": 74000000.0,
        "Normalized Income": NaN,
        "Net Income From Continuing And Discontinued Operation": NaN,
        "Total Expenses": NaN,
        "Total Operating Income As Reported": NaN,
        "Diluted Average Shares": 349000000.0,
        "Basic Average Shares": 349000000.0,
        "Diluted EPS": 7.49,
        "Basic EPS": 7.49,
        "Diluted NI Availto Com Stockholders": NaN,
        "Net Income Common Stockholders": NaN,
        "Otherunder Preferred Stock Dividend": NaN,
        "Net Income": NaN,
        "Minority Interests": NaN,
        "Net Income Including Noncontrolling Interests": NaN,
        "Net Income Continuous Operations": NaN,
        "Tax Provision": NaN,
        "Pretax Income": NaN,
        "Other Income Expense": NaN,
        "Other Non Operating Income Expenses": 122000000.0,
        "Special Income Charges": 0.0,
        "Other Special Charges": NaN,
        "Earnings From Equity Interest": 48000000.0,
        "Net Non Operating Interest Income Expense": NaN,
        "Interest Expense Non Operating": NaN,
        "Interest Income Non Operating": 74000000.0,
        "Operating Income": NaN,
        "Operating Expense": NaN,
        "Other Operating Expenses": NaN,
        "Selling General And Administration": NaN,
        "General And Administrative Expense": NaN,
        "Other Gand A": NaN,
        "Gross Profit": NaN,
        "Cost Of Revenue": NaN,
        "Total Revenue": NaN,
        "Excise Taxes": NaN,
        "Operating Revenue": NaN
    },
    "2023-12-31": {
        "Tax Effect Of Unusual Items": 0.0,
        "Tax Rate For Calcs": 0.213686,
        "Normalized EBITDA": 2388000000.0,
        "Total Unusual Items": 0.0,
        "Total Unusual Items Excluding Goodwill": 0.0,
        "Net Income From Continuing Operation Net Minority Interest": 1202000000.0,
        "Reconciled Depreciation": 690000000.0,
        "Reconciled Cost Of Revenue": 33551000000.0,
        "EBITDA": 2388000000.0,
        "EBIT": 1698000000.0,
        "Net Interest Income": -53000000.0,
        "Interest Expense": 149000000.0,
        "Interest Income": 96000000.0,
        "Normalized Income": 1202000000.0,
        "Net Income From Continuing And Discontinued Operation": 1202000000.0,
        "Total Expenses": 33861000000.0,
        "Total Operating Income As Reported": 1553000000.0,
        "Diluted Average Shares": 338000000.0,
        "Basic Average Shares": 337000000.0,
        "Diluted EPS": 3.55,
        "Basic EPS": 3.55,
        "Diluted NI Availto Com Stockholders": 1199000000.0,
        "Net Income Common Stockholders": 1199000000.0,
        "Otherunder Preferred Stock Dividend": 3000000.0,
        "Net Income": 1202000000.0,
        "Minority Interests": -16000000.0,
        "Net Income Including Noncontrolling Interests": 1218000000.0,
        "Net Income Continuous Operations": 1218000000.0,
        "Tax Provision": 331000000.0,
        "Pretax Income": 1549000000.0,
        "Other Income Expense": 49000000.0,
        "Other Non Operating Income Expenses": NaN,
        "Special Income Charges": 0.0,
        "Other Special Charges": 0.0,
        "Earnings From Equity Interest": 49000000.0,
        "Net Non Operating Interest Income Expense": -53000000.0,
        "Interest Expense Non Operating": 149000000.0,
        "Interest Income Non Operating": 96000000.0,
        "Operating Income": 1553000000.0,
        "Operating Expense": 310000000.0,
        "Other Operating Expenses": 15000000.0,
        "Selling General And Administration": 295000000.0,
        "General And Administrative Expense": 295000000.0,
        "Other Gand A": 295000000.0,
        "Gross Profit": 1863000000.0,
        "Cost Of Revenue": 33551000000.0,
        "Total Revenue": 35414000000.0,
        "Excise Taxes": 1426000000.0,
        "Operating Revenue": 36840000000.0
    },
    "2024-03-31": {
        "Tax Effect Of Unusual Items": 0.0,
        "Tax Rate For Calcs": 0.209745,
        "Normalized EBITDA": 2518000000.0,
        "Total Unusual Items": NaN,
        "Total Unusual Items Excluding Goodwill": NaN,
        "Net Income From Continuing Operation Net Minority Interest": 1245000000.0,
        "Reconciled Depreciation": 695000000.0,
        "Reconciled Cost Of Revenue": 29788000000.0,
        "EBITDA": 2518000000.0,
        "EBIT": 1823000000.0,
        "Net Interest Income": -140000000.0,
        "Interest Expense": 140000000.0,
        "Interest Income": NaN,
        "Normalized Income": 1245000000.0,
        "Net Income From Continuing And Discontinued Operation": 1245000000.0,
        "Total Expenses": 30080000000.0,
        "Total Operating Income As Reported": 1679000000.0,
        "Diluted Average Shares": 331000000.0,
        "Basic Average Shares": 331000000.0,
        "Diluted EPS": 3.75,
        "Basic EPS": 3.75,
        "Diluted NI Availto Com Stockholders": 1242000000.0,
        "Net Income Common Stockholders": 1242000000.0,
        "Otherunder Preferred Stock Dividend": 3000000.0,
        "Net Income": 1245000000.0,
        "Minority Interests": -85000000.0,
        "Net Income Including Noncontrolling Interests": 1330000000.0,
        "Net Income Continuous Operations": 1330000000.0,
        "Tax Provision": 353000000.0,
        "Pretax Income": 1683000000.0,
        "Other Income Expense": 144000000.0,
        "Other Non Operating Income Expenses": 144000000.0,
        "Special Income Charges": NaN,
        "Other Special Charges": NaN,
        "Earnings From Equity Interest": NaN,
        "Net Non Operating Interest Income Expense": -140000000.0,
        "Interest Expense Non Operating": 140000000.0,
        "Interest Income Non Operating": NaN,
        "Operating Income": 1679000000.0,
        "Operating Expense": 292000000.0,
        "Other Operating Expenses": 34000000.0,
        "Selling General And Administration": 258000000.0,
        "General And Administrative Expense": 258000000.0,
        "Other Gand A": 258000000.0,
        "Gross Profit": 1971000000.0,
        "Cost Of Revenue": 29788000000.0,
        "Total Revenue": 31759000000.0,
        "Excise Taxes": 1387000000.0,
        "Operating Revenue": 33146000000.0
    },
    "2024-06-30": {
        "Tax Effect Of Unusual Items": 0.0,
        "Tax Rate For Calcs": 0.230258,
        "Normalized EBITDA": 2039000000.0,
        "Total Unusual Items": NaN,
        "Total Unusual Items Excluding Goodwill": NaN,
        "Net Income From Continuing Operation Net Minority Interest": 880000000.0,
        "Reconciled Depreciation": 696000000.0,
        "Reconciled Cost Of Revenue": 33063000000.0,
        "EBITDA": 2039000000.0,
        "EBIT": 1343000000.0,
        "Net Interest Income": -140000000.0,
        "Interest Expense": 140000000.0,
        "Interest Income": NaN,
        "Normalized Income": 880000000.0,
        "Net Income From Continuing And Discontinued Operation": 880000000.0,
        "Total Expenses": 33269000000.0,
        "Total Operating Income As Reported": 1221000000.0,
        "Diluted Average Shares": 324000000.0,
        "Basic Average Shares": 324000000.0,
        "Diluted EPS": 2.71,
        "Basic EPS": 2.71,
        "Diluted NI Availto Com Stockholders": 877000000.0,
        "Net Income Common Stockholders": 877000000.0,
        "Otherunder Preferred Stock Dividend": 3000000.0,
        "Net Income": 880000000.0,
        "Minority Interests": -46000000.0,
        "Net Income Including Noncontrolling Interests": 926000000.0,
        "Net Income Continuous Operations": 926000000.0,
        "Tax Provision": 277000000.0,
        "Pretax Income": 1203000000.0,
        "Other Income Expense": 122000000.0,
        "Other Non Operating Income Expenses": 122000000.0,
        "Special Income Charges": NaN,
        "Other Special Charges": NaN,
        "Earnings From Equity Interest": NaN,
        "Net Non Operating Interest Income Expense": -140000000.0,
        "Interest Expense Non Operating": 140000000.0,
        "Interest Income Non Operating": NaN,
        "Operating Income": 1221000000.0,
        "Operating Expense": 206000000.0,
        "Other Operating Expenses": 3000000.0,
        "Selling General And Administration": 203000000.0,
        "General And Administrative Expense": 203000000.0,
        "Other Gand A": 203000000.0,
        "Gross Profit": 1427000000.0,
        "Cost Of Revenue": 33063000000.0,
        "Total Revenue": 34490000000.0,
        "Excise Taxes": 1456000000.0,
        "Operating Revenue": 35946000000.0
    },
    "2024-09-30": {
        "Tax Effect Of Unusual Items": 0.0,
        "Tax Rate For Calcs": 0.196319,
        "Normalized EBITDA": 1315000000.0,
        "Total Unusual Items": NaN,
        "Total Unusual Items Excluding Goodwill": NaN,
        "Net Income From Continuing Operation Net Minority Interest": 364000000.0,
        "Reconciled Depreciation": 685000000.0,
        "Reconciled Cost Of Revenue": 32132000000.0,
        "EBITDA": 1315000000.0,
        "EBIT": 630000000.0,
        "Net Interest Income": -141000000.0,
        "Interest Expense": 141000000.0,
        "Interest Income": NaN,
        "Normalized Income": 364000000.0,
        "Net Income From Continuing And Discontinued Operation": 364000000.0,
        "Total Expenses": 32369000000.0,
        "Total Operating Income As Reported": 507000000.0,
        "Diluted Average Shares": 318000000.0,
        "Basic Average Shares": 318000000.0,
        "Diluted EPS": 1.14,
        "Basic EPS": 1.14,
        "Diluted NI Availto Com Stockholders": 363000000.0,
        "Net Income Common Stockholders": 363000000.0,
        "Otherunder Preferred Stock Dividend": 1000000.0,
        "Net Income": 364000000.0,
        "Minority Interests": -29000000.0,
        "Net Income Including Noncontrolling Interests": 393000000.0,
        "Net Income Continuous Operations": 393000000.0,
        "Tax Provision": 96000000.0,
        "Pretax Income": 489000000.0,
        "Other Income Expense": 123000000.0,
        "Other Non Operating Income Expenses": 123000000.0,
        "Special Income Charges": NaN,
        "Other Special Charges": NaN,
        "Earnings From Equity Interest": NaN,
        "Net Non Operating Interest Income Expense": -141000000.0,
        "Interest Expense Non Operating": 141000000.0,
        "Interest Income Non Operating": NaN,
        "Operating Income": 507000000.0,
        "Operating Expense": 237000000.0,
        "Other Operating Expenses": 3000000.0,
        "Selling General And Administration": 234000000.0,
        "General And Administrative Expense": 234000000.0,
        "Other Gand A": 234000000.0,
        "Gross Profit": 744000000.0,
        "Cost Of Revenue": 32132000000.0,
        "Total Revenue": 32876000000.0,
        "Excise Taxes": 1539000000.0,
        "Operating Revenue": 34415000000.0
    },
    "2024-12-31": {
        "Tax Effect Of Unusual Items": 0.0,
        "Tax Rate For Calcs": 0.21,
        "Normalized EBITDA": 1156000000.0,
        "Total Unusual Items": NaN,
        "Total Unusual Items Excluding Goodwill": NaN,
        "Net Income From Continuing Operation Net Minority Interest": 281000000.0,
        "Reconciled Depreciation": 698000000.0,
        "Reconciled Cost Of Revenue": 30138000000.0,
        "EBITDA": 1156000000.0,
        "EBIT": 458000000.0,
        "Net Interest Income": -135000000.0,
        "Interest Expense": 135000000.0,
        "Interest Income": NaN,
        "Normalized Income": 281000000.0,
        "Net Income From Continuing And Discontinued Operation": 281000000.0,
        "Total Expenses": 30408000000.0,
        "Total Operating Income As Reported": 348000000.0,
        "Diluted Average Shares": NaN,
        "Basic Average Shares": NaN,
        "Diluted EPS": NaN,
        "Basic EPS": NaN,
        "Diluted NI Availto Com Stockholders": 280000000.0,
        "Net Income Common Stockholders": 280000000.0,
        "Otherunder Preferred Stock Dividend": 1000000.0,
        "Net Income": 281000000.0,
        "Minority Interests": -76000000.0,
        "Net Income Including Noncontrolling Interests": 357000000.0,
        "Net Income Continuous Operations": 357000000.0,
        "Tax Provision": -34000000.0,
        "Pretax Income": 323000000.0,
        "Other Income Expense": 110000000.0,
        "Other Non Operating Income Expenses": 110000000.0,
        "Special Income Charges": NaN,
        "Other Special Charges": NaN,
        "Earnings From Equity Interest": NaN,
        "Net Non Operating Interest Income Expense": -135000000.0,
        "Interest Expense Non Operating": 135000000.0,
        "Interest Income Non Operating": NaN,
        "Operating Income": 348000000.0,
        "Operating Expense": 270000000.0,
        "Other Operating Expenses": 4000000.0,
        "Selling General And Administration": 266000000.0,
        "General And Administrative Expense": 266000000.0,
        "Other Gand A": 266000000.0,
        "Gross Profit": 618000000.0,
        "Cost Of Revenue": 30138000000.0,
        "Total Revenue": 30756000000.0,
        "Excise Taxes": 1525000000.0,
        "Operating Revenue": 32281000000.0
    }
}