{
    "2023-05-31": {
        "Tax Effect Of Unusual Items": NaN,
        "Tax Rate For Calcs": NaN,
        "Normalized EBITDA": NaN,
        "Total Unusual Items": NaN,
        "Total Unusual Items Excluding Goodwill": NaN,
        "Net Income From Continuing Operation Net Minority Interest": NaN,
        "Reconciled Depreciation": NaN,
        "Reconciled Cost Of Revenue": NaN,
        "EBITDA": NaN,
        "EBIT": NaN,
        "Net Interest Income": NaN,
        "Interest Expense": NaN,
        "Interest Income": NaN,
        "Normalized Income": NaN,
        "Net Income From Continuing And Discontinued Operation": NaN,
        "Total Expenses": NaN,
        "Diluted Average Shares": 71924.0,
        "Basic Average Shares": 71924.0,
        "Diluted EPS": -43.2,
        "Basic EPS": -43.2,
        "Diluted NI Availto Com Stockholders": NaN,
        "Net Income Common Stockholders": NaN,
        "Net Income": NaN,
        "Net Income Including Noncontrolling Interests": NaN,
        "Net Income Discontinuous Operations": 183822.0,
        "Net Income Continuous Operations": NaN,
        "Tax Provision": NaN,
        "Pretax Income": NaN,
        "Other Income Expense": NaN,
        "Other Non Operating Income Expenses": NaN,
        "Special Income Charges": NaN,
        "Gain On Sale Of Business": 0.0,
        "Impairment Of Capital Assets": 0.0,
        "Restructuring And Mergern Acquisition": 51199.0,
        "Gain On Sale Of Security": NaN,
        "Net Non Operating Interest Income Expense": NaN,
        "Interest Expense Non Operating": NaN,
        "Interest Income Non Operating": NaN,
        "Operating Income": NaN,
        "Operating Expense": NaN,
        "Depreciation Amortization Depletion Income Statement": NaN,
        "Depreciation And Amortization In Income Statement": NaN,
        "Depreciation Income Statement": 205690.0,
        "Research And Development": NaN,
        "Selling General And Administration": NaN,
        "Selling And Marketing Expense": NaN,
        "General And Administrative Expense": NaN,
        "Other Gand A": NaN,
        "Salaries And Wages": NaN,
        "Gross Profit": NaN,
        "Cost Of Revenue": NaN,
        "Total Revenue": NaN,
        "Operating Revenue": NaN
    },
    "2023-02-28": {
        "Tax Effect Of Unusual Items": NaN,
        "Tax Rate For Calcs": NaN,
        "Normalized EBITDA": NaN,
        "Total Unusual Items": NaN,
        "Total Unusual Items Excluding Goodwill": NaN,
        "Net Income From Continuing Operation Net Minority Interest": NaN,
        "Reconciled Depreciation": NaN,
        "Reconciled Cost Of Revenue": NaN,
        "EBITDA": NaN,
        "EBIT": NaN,
        "Net Interest Income": NaN,
        "Interest Expense": NaN,
        "Interest Income": NaN,
        "Normalized Income": NaN,
        "Net Income From Continuing And Discontinued Operation": NaN,
        "Total Expenses": NaN,
        "Diluted Average Shares": 8726591.0,
        "Basic Average Shares": 8726591.0,
        "Diluted EPS": -0.77,
        "Basic EPS": -0.77,
        "Diluted NI Availto Com Stockholders": NaN,
        "Net Income Common Stockholders": NaN,
        "Net Income": NaN,
        "Net Income Including Noncontrolling Interests": NaN,
        "Net Income Discontinuous Operations": NaN,
        "Net Income Continuous Operations": NaN,
        "Tax Provision": NaN,
        "Pretax Income": NaN,
        "Other Income Expense": NaN,
        "Other Non Operating Income Expenses": NaN,
        "Special Income Charges": NaN,
        "Gain On Sale Of Business": NaN,
        "Write Off": 2637000.0,
        "Impairment Of Capital Assets": 0.0,
        "Restructuring And Mergern Acquisition": 437897.0,
        "Gain On Sale Of Security": NaN,
        "Net Non Operating Interest Income Expense": NaN,
        "Interest Expense Non Operating": NaN,
        "Interest Income Non Operating": NaN,
        "Operating Income": NaN,
        "Operating Expense": NaN,
        "Depreciation Amortization Depletion Income Statement": NaN,
        "Depreciation And Amortization In Income Statement": NaN,
        "Depreciation Income Statement": 124099.0,
        "Research And Development": NaN,
        "Selling General And Administration": NaN,
        "Selling And Marketing Expense": NaN,
        "General And Administrative Expense": NaN,
        "Other Gand A": NaN,
        "Salaries And Wages": NaN,
        "Gross Profit": NaN,
        "Cost Of Revenue": NaN,
        "Total Revenue": NaN,
        "Operating Revenue": NaN
    },
    "2022-11-30": {
        "Tax Effect Of Unusual Items": NaN,
        "Tax Rate For Calcs": NaN,
        "Normalized EBITDA": NaN,
        "Total Unusual Items": NaN,
        "Total Unusual Items Excluding Goodwill": NaN,
        "Net Income From Continuing Operation Net Minority Interest": NaN,
        "Reconciled Depreciation": NaN,
        "Reconciled Cost Of Revenue": NaN,
        "EBITDA": NaN,
        "EBIT": NaN,
        "Net Interest Income": NaN,
        "Interest Expense": NaN,
        "Interest Income": NaN,
        "Normalized Income": NaN,
        "Net Income From Continuing And Discontinued Operation": NaN,
        "Total Expenses": NaN,
        "Diluted Average Shares": NaN,
        "Basic Average Shares": NaN,
        "Diluted EPS": NaN,
        "Basic EPS": NaN,
        "Diluted NI Availto Com Stockholders": NaN,
        "Net Income Common Stockholders": NaN,
        "Net Income": NaN,
        "Net Income Including Noncontrolling Interests": NaN,
        "Net Income Discontinuous Operations": NaN,
        "Net Income Continuous Operations": NaN,
        "Tax Provision": NaN,
        "Pretax Income": NaN,
        "Other Income Expense": NaN,
        "Other Non Operating Income Expenses": NaN,
        "Special Income Charges": NaN,
        "Gain On Sale Of Business": NaN,
        "Write Off": NaN,
        "Impairment Of Capital Assets": NaN,
        "Restructuring And Mergern Acquisition": NaN,
        "Gain On Sale Of Security": NaN,
        "Net Non Operating Interest Income Expense": NaN,
        "Interest Expense Non Operating": NaN,
        "Interest Income Non Operating": NaN,
        "Operating Income": NaN,
        "Operating Expense": NaN,
        "Depreciation Amortization Depletion Income Statement": NaN,
        "Depreciation And Amortization In Income Statement": NaN,
        "Depreciation Income Statement": 91744.0,
        "Research And Development": NaN,
        "Selling General And Administration": NaN,
        "Selling And Marketing Expense": NaN,
        "General And Administrative Expense": NaN,
        "Other Gand A": NaN,
        "Salaries And Wages": NaN,
        "Gross Profit": NaN,
        "Cost Of Revenue": NaN,
        "Total Revenue": NaN,
        "Operating Revenue": NaN
    },
    "2022-08-31": {
        "Tax Effect Of Unusual Items": -28286.0,
        "Tax Rate For Calcs": 0.4,
        "Normalized EBITDA": -3476024.0,
        "Total Unusual Items": -70715.0,
        "Total Unusual Items Excluding Goodwill": -70715.0,
        "Net Income From Continuing Operation Net Minority Interest": -4045858.0,
        "Reconciled Depreciation": 232834.0,
        "Reconciled Cost Of Revenue": 1842999.0,
        "EBITDA": -3546739.0,
        "EBIT": -3779573.0,
        "Net Interest Income": 60474.0,
        "Interest Expense": 60923.0,
        "Interest Income": 121397.0,
        "Normalized Income": -4003429.0,
        "Net Income From Continuing And Discontinued Operation": -4045858.0,
        "Total Expenses": 7263107.0,
        "Diluted Average Shares": 8316909.0,
        "Basic Average Shares": 8316909.0,
        "Diluted EPS": -0.49,
        "Basic EPS": -0.49,
        "Diluted NI Availto Com Stockholders": -4045858.0,
        "Net Income Common Stockholders": -4045858.0,
        "Net Income": -4045858.0,
        "Net Income Including Noncontrolling Interests": -4045858.0,
        "Net Income Continuous Operations": -4045858.0,
        "Tax Provision": 205362.0,
        "Pretax Income": -3840496.0,
        "Other Income Expense": -13669.0,
        "Other Non Operating Income Expenses": 57046.0,
        "Special Income Charges": NaN,
        "Write Off": NaN,
        "Restructuring And Mergern Acquisition": NaN,
        "Gain On Sale Of Security": -70715.0,
        "Net Non Operating Interest Income Expense": 60474.0,
        "Interest Expense Non Operating": 60923.0,
        "Interest Income Non Operating": 121397.0,
        "Operating Income": -3887301.0,
        "Operating Expense": 5277547.0,
        "Depreciation Amortization Depletion Income Statement": 90273.0,
        "Depreciation And Amortization In Income Statement": 90273.0,
        "Depreciation Income Statement": 90273.0,
        "Research And Development": 2192615.0,
        "Selling General And Administration": 2994659.0,
        "Selling And Marketing Expense": 475371.0,
        "General And Administrative Expense": 2519288.0,
        "Other Gand A": 1601676.0,
        "Salaries And Wages": 917612.0,
        "Gross Profit": 1390246.0,
        "Cost Of Revenue": 1985560.0,
        "Total Revenue": 3375806.0,
        "Operating Revenue": 3375806.0
    },
    "2022-05-31": {
        "Tax Effect Of Unusual Items": -56933.6,
        "Tax Rate For Calcs": 0.4,
        "Normalized EBITDA": -1428436.0,
        "Total Unusual Items": -142334.0,
        "Total Unusual Items Excluding Goodwill": -142334.0,
        "Net Income From Continuing Operation Net Minority Interest": -1940039.0,
        "Reconciled Depreciation": 240910.0,
        "Reconciled Cost Of Revenue": 702497.0,
        "EBIT": -1811680.0,
        "Net Interest Income": 42726.0,
        "Interest Expense": 42274.0,
        "Interest Income": 85000.0,
        "Normalized Income": -1854638.6,
        "Net Income From Continuing And Discontinued Operation": -1940039.0,
        "Total Expenses": 3791002.0,
        "Diluted Average Shares": 8380461.0,
        "Basic Average Shares": 8380461.0,
        "Diluted EPS": -0.23,
        "Basic EPS": -0.23,
        "Diluted NI Availto Com Stockholders": -1940039.0,
        "Net Income Common Stockholders": -1940039.0,
        "Net Income": -1940039.0,
        "Net Income Including Noncontrolling Interests": -1940039.0,
        "Net Income Continuous Operations": -1940039.0,
        "Tax Provision": 86085.0,
        "Pretax Income": -1853954.0,
        "Other Income Expense": -120447.0,
        "Other Non Operating Income Expenses": 21887.0,
        "Special Income Charges": NaN,
        "Write Off": NaN,
        "Restructuring And Mergern Acquisition": NaN,
        "Gain On Sale Of Security": -142334.0,
        "Net Non Operating Interest Income Expense": 42726.0,
        "Interest Expense Non Operating": 42274.0,
        "Interest Income Non Operating": 85000.0,
        "Operating Income": -1776233.0,
        "Operating Expense": 2900353.0,
        "Depreciation Amortization Depletion Income Statement": 52758.0,
        "Depreciation And Amortization In Income Statement": 52758.0,
        "Depreciation Income Statement": 52758.0,
        "Research And Development": 32670.0,
        "Selling General And Administration": 2814925.0,
        "Selling And Marketing Expense": 356660.0,
        "General And Administrative Expense": 2458265.0,
        "Other Gand A": 1123085.0,
        "Salaries And Wages": 1335180.0,
        "Gross Profit": 1124120.0,
        "Cost Of Revenue": 890649.0,
        "Total Revenue": 2014769.0,
        "Operating Revenue": 2014769.0
    },
    "2022-02-28": {
        "Diluted EPS": -0.4,
        "Total Revenue": 1,
        "Gross Profit": 0,
        "Operating Income": -3,
        "EBIT": -3,
        "Net Income": -3
    },
    "2021-11-30": {
        "Diluted EPS": -0.33,
        "Total Revenue": 1,
        "Gross Profit": 0,
        "Operating Income": -3,
        "EBIT": -3,
        "Net Income": -3
    },
    "2021-05-31": {
        "Diluted EPS": -0.48,
        "Total Revenue": 1,
        "Gross Profit": 0,
        "Operating Income": -3,
        "EBIT": -3,
        "Net Income": -4
    },
    "2021-02-28": {
        "Diluted EPS": -0.44,
        "Total Revenue": 0,
        "Gross Profit": 0,
        "Operating Income": -3,
        "EBIT": -3,
        "Net Income": -3
    },
    "2020-02-29": {
        "Diluted EPS": -0.04,
        "Total Revenue": 0,
        "Gross Profit": 0,
        "Operating Income": 0,
        "EBIT": 0,
        "Net Income": 0
    },
    "2023-08-31": {
        "Tax Effect Of Unusual Items": NaN,
        "Tax Rate For Calcs": NaN,
        "Normalized EBITDA": NaN,
        "Total Unusual Items": NaN,
        "Total Unusual Items Excluding Goodwill": NaN,
        "Net Income From Continuing Operation Net Minority Interest": NaN,
        "Reconciled Depreciation": NaN,
        "Reconciled Cost Of Revenue": NaN,
        "EBITDA": NaN,
        "EBIT": NaN,
        "Net Interest Income": NaN,
        "Interest Expense": NaN,
        "Interest Income": NaN,
        "Normalized Income": NaN,
        "Net Income From Continuing And Discontinued Operation": NaN,
        "Total Expenses": NaN,
        "Diluted Average Shares": NaN,
        "Basic Average Shares": NaN,
        "Diluted EPS": NaN,
        "Basic EPS": NaN,
        "Diluted NI Availto Com Stockholders": NaN,
        "Net Income Common Stockholders": NaN,
        "Net Income": NaN,
        "Net Income Including Noncontrolling Interests": NaN,
        "Net Income Discontinuous Operations": NaN,
        "Net Income Continuous Operations": NaN,
        "Tax Provision": NaN,
        "Pretax Income": NaN,
        "Other Income Expense": NaN,
        "Other Non Operating Income Expenses": NaN,
        "Special Income Charges": NaN,
        "Gain On Sale Of Business": NaN,
        "Impairment Of Capital Assets": NaN,
        "Restructuring And Mergern Acquisition": NaN,
        "Gain On Sale Of Security": NaN,
        "Net Non Operating Interest Income Expense": NaN,
        "Interest Expense Non Operating": NaN,
        "Interest Income Non Operating": NaN,
        "Operating Income": NaN,
        "Operating Expense": NaN,
        "Depreciation Amortization Depletion Income Statement": NaN,
        "Depreciation And Amortization In Income Statement": NaN,
        "Depreciation Income Statement": 167424.0,
        "Research And Development": NaN,
        "Selling General And Administration": NaN,
        "Selling And Marketing Expense": NaN,
        "General And Administrative Expense": NaN,
        "Other Gand A": NaN,
        "Salaries And Wages": NaN,
        "Gross Profit": NaN,
        "Cost Of Revenue": NaN,
        "Total Revenue": NaN,
        "Operating Revenue": NaN
    },
    "2023-11-30": {
        "Tax Effect Of Unusual Items": NaN,
        "Tax Rate For Calcs": NaN,
        "Normalized EBITDA": NaN,
        "Total Unusual Items": NaN,
        "Total Unusual Items Excluding Goodwill": NaN,
        "Net Income From Continuing Operation Net Minority Interest": NaN,
        "Reconciled Depreciation": NaN,
        "Reconciled Cost Of Revenue": NaN,
        "EBITDA": NaN,
        "EBIT": NaN,
        "Net Interest Income": NaN,
        "Interest Expense": NaN,
        "Interest Income": NaN,
        "Normalized Income": NaN,
        "Net Income From Continuing And Discontinued Operation": NaN,
        "Total Expenses": NaN,
        "Diluted Average Shares": NaN,
        "Basic Average Shares": NaN,
        "Diluted EPS": NaN,
        "Basic EPS": NaN,
        "Diluted NI Availto Com Stockholders": NaN,
        "Net Income Common Stockholders": NaN,
        "Net Income": NaN,
        "Net Income Including Noncontrolling Interests": NaN,
        "Net Income Discontinuous Operations": NaN,
        "Net Income Continuous Operations": NaN,
        "Tax Provision": NaN,
        "Pretax Income": NaN,
        "Other Income Expense": NaN,
        "Other Non Operating Income Expenses": 66244.0,
        "Special Income Charges": NaN,
        "Gain On Sale Of Business": NaN,
        "Other Special Charges": NaN,
        "Impairment Of Capital Assets": NaN,
        "Restructuring And Mergern Acquisition": NaN,
        "Gain On Sale Of Security": NaN,
        "Net Non Operating Interest Income Expense": NaN,
        "Interest Expense Non Operating": NaN,
        "Interest Income Non Operating": NaN,
        "Operating Income": NaN,
        "Operating Expense": NaN,
        "Depreciation Amortization Depletion Income Statement": NaN,
        "Depreciation And Amortization In Income Statement": NaN,
        "Depreciation Income Statement": 203209.0,
        "Research And Development": NaN,
        "Selling General And Administration": NaN,
        "Selling And Marketing Expense": NaN,
        "General And Administrative Expense": NaN,
        "Other Gand A": NaN,
        "Salaries And Wages": NaN,
        "Gross Profit": NaN,
        "Cost Of Revenue": NaN,
        "Total Revenue": NaN,
        "Operating Revenue": NaN
    },
    "2024-02-29": {
        "Tax Effect Of Unusual Items": NaN,
        "Tax Rate For Calcs": NaN,
        "Normalized EBITDA": NaN,
        "Total Unusual Items": NaN,
        "Total Unusual Items Excluding Goodwill": NaN,
        "Net Income From Continuing Operation Net Minority Interest": NaN,
        "Reconciled Depreciation": NaN,
        "Reconciled Cost Of Revenue": NaN,
        "EBITDA": NaN,
        "EBIT": NaN,
        "Net Interest Income": NaN,
        "Interest Expense": NaN,
        "Interest Income": NaN,
        "Normalized Income": NaN,
        "Net Income From Continuing And Discontinued Operation": NaN,
        "Total Expenses": NaN,
        "Diluted Average Shares": 8670.0,
        "Basic Average Shares": 8670.0,
        "Diluted EPS": -969.68,
        "Basic EPS": -969.68,
        "Diluted NI Availto Com Stockholders": NaN,
        "Net Income Common Stockholders": NaN,
        "Net Income": NaN,
        "Net Income Including Noncontrolling Interests": NaN,
        "Net Income Discontinuous Operations": NaN,
        "Net Income Continuous Operations": NaN,
        "Tax Provision": NaN,
        "Pretax Income": NaN,
        "Other Income Expense": NaN,
        "Other Non Operating Income Expenses": -36735.0,
        "Special Income Charges": NaN,
        "Gain On Sale Of Business": NaN,
        "Other Special Charges": NaN,
        "Impairment Of Capital Assets": 4274000.0,
        "Restructuring And Mergern Acquisition": 1710863.0,
        "Gain On Sale Of Security": NaN,
        "Net Non Operating Interest Income Expense": NaN,
        "Interest Expense Non Operating": NaN,
        "Interest Income Non Operating": NaN,
        "Operating Income": NaN,
        "Operating Expense": NaN,
        "Depreciation Amortization Depletion Income Statement": NaN,
        "Depreciation And Amortization In Income Statement": NaN,
        "Depreciation Income Statement": NaN,
        "Research And Development": NaN,
        "Selling General And Administration": NaN,
        "Selling And Marketing Expense": NaN,
        "General And Administrative Expense": NaN,
        "Other Gand A": NaN,
        "Salaries And Wages": NaN,
        "Gross Profit": NaN,
        "Cost Of Revenue": NaN,
        "Total Revenue": NaN,
        "Operating Revenue": NaN
    },
    "2024-05-31": {
        "Tax Effect Of Unusual Items": NaN,
        "Tax Rate For Calcs": NaN,
        "Normalized EBITDA": NaN,
        "Total Unusual Items": NaN,
        "Total Unusual Items Excluding Goodwill": NaN,
        "Net Income From Continuing Operation Net Minority Interest": NaN,
        "Reconciled Depreciation": NaN,
        "Reconciled Cost Of Revenue": NaN,
        "EBITDA": NaN,
        "EBIT": NaN,
        "Net Interest Income": NaN,
        "Interest Expense": NaN,
        "Interest Income": NaN,
        "Normalized Income": NaN,
        "Net Income From Continuing And Discontinued Operation": NaN,
        "Total Expenses": NaN,
        "Diluted Average Shares": 9078.0,
        "Basic Average Shares": 9078.0,
        "Diluted EPS": -333.33,
        "Basic EPS": -333.33,
        "Diluted NI Availto Com Stockholders": NaN,
        "Net Income Common Stockholders": NaN,
        "Net Income": NaN,
        "Net Income Including Noncontrolling Interests": NaN,
        "Net Income Discontinuous Operations": 106985.0,
        "Net Income Continuous Operations": NaN,
        "Tax Provision": NaN,
        "Pretax Income": NaN,
        "Other Income Expense": NaN,
        "Other Non Operating Income Expenses": -192146.0,
        "Special Income Charges": NaN,
        "Gain On Sale Of Business": 175589.0,
        "Other Special Charges": NaN,
        "Impairment Of Capital Assets": 0.0,
        "Restructuring And Mergern Acquisition": 0.0,
        "Gain On Sale Of Security": NaN,
        "Net Non Operating Interest Income Expense": NaN,
        "Interest Expense Non Operating": NaN,
        "Interest Income Non Operating": NaN,
        "Operating Income": NaN,
        "Operating Expense": NaN,
        "Depreciation Amortization Depletion Income Statement": NaN,
        "Depreciation And Amortization In Income Statement": NaN,
        "Depreciation Income Statement": NaN,
        "Research And Development": NaN,
        "Selling General And Administration": NaN,
        "Selling And Marketing Expense": NaN,
        "General And Administrative Expense": NaN,
        "Other Gand A": NaN,
        "Salaries And Wages": NaN,
        "Gross Profit": NaN,
        "Cost Of Revenue": NaN,
        "Total Revenue": NaN,
        "Operating Revenue": NaN
    },
    "2024-08-31": {
        "Tax Effect Of Unusual Items": 54332.946018,
        "Tax Rate For Calcs": 0.052079,
        "Normalized EBITDA": -4232474.0,
        "Total Unusual Items": 1043274.0,
        "Total Unusual Items Excluding Goodwill": 1043274.0,
        "Net Income From Continuing Operation Net Minority Interest": -3361380.0,
        "Reconciled Depreciation": 217290.0,
        "Reconciled Cost Of Revenue": 1508131.0,
        "EBITDA": -3189200.0,
        "EBIT": -3455134.0,
        "Net Interest Income": -1946482.0,
        "Interest Expense": 90922.0,
        "Interest Income": 4775.0,
        "Normalized Income": -4350321.053982,
        "Net Income From Continuing And Discontinued Operation": -3652623.0,
        "Total Expenses": 5692935.0,
        "Diluted Average Shares": NaN,
        "Basic Average Shares": NaN,
        "Diluted EPS": NaN,
        "Basic EPS": NaN,
        "Diluted NI Availto Com Stockholders": -3652623.0,
        "Net Income Common Stockholders": -3652623.0,
        "Net Income": -3652623.0,
        "Net Income Including Noncontrolling Interests": -3652623.0,
        "Net Income Discontinuous Operations": NaN,
        "Net Income Continuous Operations": -3361380.0,
        "Tax Provision": -184676.0,
        "Pretax Income": -3546056.0,
        "Other Income Expense": 1190463.0,
        "Other Non Operating Income Expenses": 147189.0,
        "Special Income Charges": -2569847.0,
        "Gain On Sale Of Business": 0.0,
        "Other Special Charges": NaN,
        "Impairment Of Capital Assets": 4430182.0,
        "Restructuring And Mergern Acquisition": NaN,
        "Gain On Sale Of Security": 3613121.0,
        "Net Non Operating Interest Income Expense": -1946482.0,
        "Interest Expense Non Operating": 90922.0,
        "Interest Income Non Operating": 4775.0,
        "Operating Income": -2790037.0,
        "Operating Expense": 4233448.0,
        "Depreciation Amortization Depletion Income Statement": 265934.0,
        "Depreciation And Amortization In Income Statement": 265934.0,
        "Depreciation Income Statement": NaN,
        "Research And Development": 791207.0,
        "Selling General And Administration": 3176307.0,
        "Selling And Marketing Expense": 567456.0,
        "General And Administrative Expense": 2608851.0,
        "Other Gand A": 1969936.0,
        "Salaries And Wages": 638915.0,
        "Gross Profit": 1443411.0,
        "Cost Of Revenue": 1459487.0,
        "Total Revenue": 2902898.0,
        "Operating Revenue": 2902898.0
    },
    "2024-11-30": {
        "Tax Effect Of Unusual Items": 301439.46,
        "Tax Rate For Calcs": 0.21,
        "Normalized EBITDA": -2839977.0,
        "Total Unusual Items": 1435426.0,
        "Total Unusual Items Excluding Goodwill": 1435426.0,
        "Net Income From Continuing Operation Net Minority Interest": -1594519.0,
        "Reconciled Depreciation": 136122.0,
        "Reconciled Cost Of Revenue": 180738.0,
        "EBITDA": -1404551.0,
        "EBIT": -1540673.0,
        "Net Interest Income": -31479.0,
        "Interest Expense": 31557.0,
        "Interest Income": 78.0,
        "Normalized Income": -2728505.54,
        "Net Income From Continuing And Discontinued Operation": -1594519.0,
        "Total Expenses": 3118588.0,
        "Diluted Average Shares": 80749.0,
        "Basic Average Shares": 80749.0,
        "Diluted EPS": -19.7,
        "Basic EPS": -19.7,
        "Diluted NI Availto Com Stockholders": -1594519.0,
        "Net Income Common Stockholders": -1594519.0,
        "Net Income": -1594519.0,
        "Net Income Including Noncontrolling Interests": -1594519.0,
        "Net Income Discontinuous Operations": NaN,
        "Net Income Continuous Operations": -1594519.0,
        "Tax Provision": 22289.0,
        "Pretax Income": -1572230.0,
        "Other Income Expense": 1435426.0,
        "Other Non Operating Income Expenses": NaN,
        "Special Income Charges": -194747.0,
        "Gain On Sale Of Business": NaN,
        "Other Special Charges": NaN,
        "Impairment Of Capital Assets": NaN,
        "Restructuring And Mergern Acquisition": 194747.0,
        "Gain On Sale Of Security": 1630173.0,
        "Net Non Operating Interest Income Expense": -31479.0,
        "Interest Expense Non Operating": 31557.0,
        "Interest Income Non Operating": 78.0,
        "Operating Income": -2976177.0,
        "Operating Expense": 2925737.0,
        "Depreciation Amortization Depletion Income Statement": 124009.0,
        "Depreciation And Amortization In Income Statement": 124009.0,
        "Depreciation Income Statement": 124009.0,
        "Research And Development": 254010.0,
        "Selling General And Administration": 2547718.0,
        "Selling And Marketing Expense": 547041.0,
        "General And Administrative Expense": 2000677.0,
        "Other Gand A": 1492395.0,
        "Salaries And Wages": 508282.0,
        "Gross Profit": -50440.0,
        "Cost Of Revenue": 192851.0,
        "Total Revenue": 142411.0,
        "Operating Revenue": 142411.0
    },
    "2025-02-28": {
        "Tax Effect Of Unusual Items": 1707.407364,
        "Tax Rate For Calcs": 0.002504,
        "Normalized EBITDA": -4120403.0,
        "Total Unusual Items": 681827.0,
        "Total Unusual Items Excluding Goodwill": 681827.0,
        "Net Income From Continuing Operation Net Minority Interest": -3606124.0,
        "Reconciled Depreciation": 129953.0,
        "Reconciled Cost Of Revenue": 95431.0,
        "EBITDA": -3438576.0,
        "EBIT": -3568529.0,
        "Net Interest Income": -6638.0,
        "Interest Expense": 46648.0,
        "Interest Income": 40010.0,
        "Normalized Income": -4286243.592636,
        "Net Income From Continuing And Discontinued Operation": -3606124.0,
        "Total Expenses": 4397351.0,
        "Diluted Average Shares": 64774.0,
        "Basic Average Shares": 64774.0,
        "Diluted EPS": -55.7,
        "Basic EPS": -55.7,
        "Diluted NI Availto Com Stockholders": -3606124.0,
        "Net Income Common Stockholders": -3606124.0,
        "Net Income": -3606124.0,
        "Net Income Including Noncontrolling Interests": -3606124.0,
        "Net Income Discontinuous Operations": NaN,
        "Net Income Continuous Operations": -3606124.0,
        "Tax Provision": -9053.0,
        "Pretax Income": -3615177.0,
        "Other Income Expense": 683530.0,
        "Other Non Operating Income Expenses": 1703.0,
        "Special Income Charges": -845995.0,
        "Gain On Sale Of Business": NaN,
        "Other Special Charges": NaN,
        "Impairment Of Capital Assets": 0.0,
        "Restructuring And Mergern Acquisition": 845995.0,
        "Gain On Sale Of Security": 1527822.0,
        "Net Non Operating Interest Income Expense": -6638.0,
        "Interest Expense Non Operating": 46648.0,
        "Interest Income Non Operating": 40010.0,
        "Operating Income": -4292069.0,
        "Operating Expense": 4286367.0,
        "Depreciation Amortization Depletion Income Statement": 114400.0,
        "Depreciation And Amortization In Income Statement": 114400.0,
        "Depreciation Income Statement": NaN,
        "Research And Development": 789975.0,
        "Selling General And Administration": 3381992.0,
        "Selling And Marketing Expense": 1060705.0,
        "General And Administrative Expense": 2321287.0,
        "Other Gand A": 1362271.0,
        "Salaries And Wages": 959016.0,
        "Gross Profit": -5702.0,
        "Cost Of Revenue": 110984.0,
        "Total Revenue": 105282.0,
        "Operating Revenue": 105282.0
    },
    "2025-05-31": {
        "Tax Effect Of Unusual Items": -1314.836957,
        "Tax Rate For Calcs": 0.000379,
        "Normalized EBITDA": -3459696.0,
        "Total Unusual Items": -3472705.0,
        "Total Unusual Items Excluding Goodwill": -3472705.0,
        "Net Income From Continuing Operation Net Minority Interest": -7144294.0,
        "Reconciled Depreciation": 143906.0,
        "Reconciled Cost Of Revenue": 239847.0,
        "EBITDA": -6932401.0,
        "EBIT": -7076307.0,
        "Net Interest Income": 72619.0,
        "Interest Expense": 70693.0,
        "Interest Income": 143312.0,
        "Normalized Income": -3672903.836957,
        "Net Income From Continuing And Discontinued Operation": -7144294.0,
        "Total Expenses": 4032467.0,
        "Diluted Average Shares": 1093319.0,
        "Basic Average Shares": 1093319.0,
        "Diluted EPS": -6.53,
        "Basic EPS": -6.53,
        "Diluted NI Availto Com Stockholders": -7144294.0,
        "Net Income Common Stockholders": -7144294.0,
        "Net Income": -7144294.0,
        "Net Income Including Noncontrolling Interests": -7144294.0,
        "Net Income Discontinuous Operations": NaN,
        "Net Income Continuous Operations": -7144294.0,
        "Tax Provision": -2706.0,
        "Pretax Income": -7147000.0,
        "Other Income Expense": -3472705.0,
        "Other Non Operating Income Expenses": NaN,
        "Special Income Charges": -2813511.0,
        "Gain On Sale Of Business": 0.0,
        "Other Special Charges": 2813511.0,
        "Impairment Of Capital Assets": 0.0,
        "Restructuring And Mergern Acquisition": 0.0,
        "Gain On Sale Of Security": -659194.0,
        "Net Non Operating Interest Income Expense": 72619.0,
        "Interest Expense Non Operating": 70693.0,
        "Interest Income Non Operating": 143312.0,
        "Operating Income": -3746914.0,
        "Operating Expense": 3779850.0,
        "Depreciation Amortization Depletion Income Statement": 131136.0,
        "Depreciation And Amortization In Income Statement": 131136.0,
        "Depreciation Income Statement": NaN,
        "Research And Development": 738522.0,
        "Selling General And Administration": 2910192.0,
        "Selling And Marketing Expense": 1033713.0,
        "General And Administrative Expense": 1876479.0,
        "Other Gand A": 1147904.0,
        "Salaries And Wages": 728575.0,
        "Gross Profit": 32936.0,
        "Cost Of Revenue": 252617.0,
        "Total Revenue": 285553.0,
        "Operating Revenue": 285553.0
    },
    "2025-08-31": {
        "Tax Effect Of Unusual Items": -2373.204236,
        "Tax Rate For Calcs": 0.000284,
        "Normalized EBITDA": 49687.0,
        "Total Unusual Items": -8343591.0,
        "Total Unusual Items Excluding Goodwill": -8343591.0,
        "Net Income From Continuing Operation Net Minority Interest": -9307056.0,
        "Reconciled Depreciation": 353984.0,
        "Reconciled Cost Of Revenue": 8499615.0,
        "EBITDA": -8293904.0,
        "EBIT": -8647888.0,
        "Net Interest Income": -1667442.0,
        "Interest Expense": 661816.0,
        "Interest Income": -26738.0,
        "Normalized Income": -965838.204236,
        "Net Income From Continuing And Discontinued Operation": -9307056.0,
        "Total Expenses": 12597497.0,
        "Diluted Average Shares": NaN,
        "Basic Average Shares": NaN,
        "Diluted EPS": NaN,
        "Basic EPS": NaN,
        "Diluted NI Availto Com Stockholders": -9307056.0,
        "Net Income Common Stockholders": -9307056.0,
        "Net Income": -9307056.0,
        "Net Income Including Noncontrolling Interests": -9307056.0,
        "Net Income Discontinuous Operations": NaN,
        "Net Income Continuous Operations": -9307056.0,
        "Tax Provision": -2648.0,
        "Pretax Income": -9309704.0,
        "Other Income Expense": -8344075.0,
        "Other Non Operating Income Expenses": -484.0,
        "Special Income Charges": -12388425.0,
        "Gain On Sale Of Business": 0.0,
        "Other Special Charges": -1981011.0,
        "Impairment Of Capital Assets": 15462483.0,
        "Restructuring And Mergern Acquisition": -1093047.0,
        "Gain On Sale Of Security": 4044834.0,
        "Net Non Operating Interest Income Expense": -1667442.0,
        "Interest Expense Non Operating": 661816.0,
        "Interest Income Non Operating": -26738.0,
        "Operating Income": 701813.0,
        "Operating Expense": 4087887.0,
        "Depreciation Amortization Depletion Income Statement": 343989.0,
        "Depreciation And Amortization In Income Statement": 343989.0,
        "Depreciation Income Statement": NaN,
        "Research And Development": -598544.0,
        "Selling General And Administration": 4342442.0,
        "Selling And Marketing Expense": 1172396.0,
        "General And Administrative Expense": 3170046.0,
        "Other Gand A": 1621965.0,
        "Salaries And Wages": 1548081.0,
        "Gross Profit": 4789700.0,
        "Cost Of Revenue": 8509610.0,
        "Total Revenue": 13299310.0,
        "Operating Revenue": 13299310.0
    }
}