{
    "2023-03-31": {
        "Tax Effect Of Unusual Items": 0.0,
        "Tax Rate For Calcs": 0.21,
        "Net Income From Continuing Operation Net Minority Interest": 83000000.0,
        "EBIT": 189000000.0,
        "Net Interest Income": -48000000.0,
        "Interest Expense": 48000000.0,
        "Normalized Income": 83000000.0,
        "Net Income From Continuing And Discontinued Operation": 83000000.0,
        "Total Expenses": 1672000000.0,
        "Diluted Average Shares": 109600000.0,
        "Basic Average Shares": 97700000.0,
        "Diluted EPS": 0.63,
        "Basic EPS": 0.7,
        "Diluted NI Availto Com Stockholders": 69000000.0,
        "Net Income Common Stockholders": 69000000.0,
        "Preferred Stock Dividends": 14000000.0,
        "Net Income": 83000000.0,
        "Minority Interests": -46000000.0,
        "Net Income Including Noncontrolling Interests": 129000000.0,
        "Net Income Discontinuous Operations": NaN,
        "Net Income Continuous Operations": 129000000.0,
        "Tax Provision": 12000000.0,
        "Pretax Income": 141000000.0,
        "Other Income Expense": 78000000.0,
        "Net Non Operating Interest Income Expense": -48000000.0,
        "Interest Expense Non Operating": 48000000.0,
        "Other Operating Expenses": 836000000.0,
        "Total Revenue": 1813000000.0,
        "Operating Revenue": 1813000000.0,
        "Loss Adjustment Expense": 510000000.0,
        "Net Policyholder Benefits And Claims": 510000000.0,
        "Policyholder Benefits Gross": 510000000.0
    },
    "2022-12-31": {
        "Tax Effect Of Unusual Items": NaN,
        "Tax Rate For Calcs": NaN,
        "Net Income From Continuing Operation Net Minority Interest": NaN,
        "EBIT": NaN,
        "Net Interest Income": NaN,
        "Interest Expense": NaN,
        "Normalized Income": NaN,
        "Net Income From Continuing And Discontinued Operation": NaN,
        "Total Expenses": NaN,
        "Diluted Average Shares": NaN,
        "Basic Average Shares": NaN,
        "Diluted EPS": NaN,
        "Basic EPS": NaN,
        "Diluted NI Availto Com Stockholders": NaN,
        "Net Income Common Stockholders": NaN,
        "Preferred Stock Dividends": NaN,
        "Net Income": NaN,
        "Minority Interests": NaN,
        "Net Income Including Noncontrolling Interests": NaN,
        "Net Income Discontinuous Operations": 0.0,
        "Net Income Continuous Operations": NaN,
        "Tax Provision": NaN,
        "Pretax Income": NaN,
        "Other Income Expense": NaN,
        "Net Non Operating Interest Income Expense": NaN,
        "Interest Expense Non Operating": NaN,
        "Other Operating Expenses": NaN,
        "Total Revenue": NaN,
        "Operating Revenue": NaN,
        "Loss Adjustment Expense": NaN,
        "Net Policyholder Benefits And Claims": NaN,
        "Policyholder Benefits Gross": NaN
    },
    "2022-09-30": {
        "Tax Effect Of Unusual Items": NaN,
        "Tax Rate For Calcs": NaN,
        "Net Income From Continuing Operation Net Minority Interest": NaN,
        "EBIT": NaN,
        "Net Interest Income": NaN,
        "Interest Expense": NaN,
        "Normalized Income": NaN,
        "Net Income From Continuing And Discontinued Operation": NaN,
        "Total Expenses": NaN,
        "Diluted Average Shares": NaN,
        "Basic Average Shares": NaN,
        "Diluted EPS": NaN,
        "Basic EPS": NaN,
        "Diluted NI Availto Com Stockholders": NaN,
        "Net Income Common Stockholders": NaN,
        "Preferred Stock Dividends": NaN,
        "Net Income": NaN,
        "Minority Interests": NaN,
        "Net Income Including Noncontrolling Interests": NaN,
        "Net Income Discontinuous Operations": 0.0,
        "Net Income Continuous Operations": NaN,
        "Tax Provision": NaN,
        "Pretax Income": NaN,
        "Other Income Expense": NaN,
        "Net Non Operating Interest Income Expense": NaN,
        "Interest Expense Non Operating": NaN,
        "Other Operating Expenses": NaN,
        "Total Revenue": NaN,
        "Operating Revenue": NaN
    },
    "2022-06-30": {
        "Tax Effect Of Unusual Items": 0.0,
        "Tax Rate For Calcs": 0.171,
        "Net Income From Continuing Operation Net Minority Interest": 68000000.0,
        "EBIT": 186000000.0,
        "Net Interest Income": -33000000.0,
        "Interest Expense": 33000000.0,
        "Normalized Income": 68000000.0,
        "Net Income From Continuing And Discontinued Operation": 68000000.0,
        "Total Expenses": 1251000000.0,
        "Diluted Average Shares": 110800000.0,
        "Basic Average Shares": 101700000.0,
        "Diluted EPS": 0.57,
        "Basic EPS": 0.62,
        "Diluted NI Availto Com Stockholders": 64000000.0,
        "Net Income Common Stockholders": 64000000.0,
        "Preferred Stock Dividends": 4000000.0,
        "Net Income": 68000000.0,
        "Minority Interests": -75000000.0,
        "Net Income Including Noncontrolling Interests": 143000000.0,
        "Net Income Discontinuous Operations": 0.0,
        "Net Income Continuous Operations": 143000000.0,
        "Tax Provision": 10000000.0,
        "Pretax Income": 153000000.0,
        "Other Income Expense": 44000000.0,
        "Net Non Operating Interest Income Expense": -33000000.0,
        "Interest Expense Non Operating": 33000000.0,
        "Other Operating Expenses": 623000000.0,
        "Total Revenue": 1404000000.0,
        "Operating Revenue": 1404000000.0
    },
    "2023-06-30": {
        "Tax Effect Of Unusual Items": 0.0,
        "Tax Rate For Calcs": 0.106,
        "Net Income From Continuing Operation Net Minority Interest": 158000000.0,
        "EBIT": 357000000.0,
        "Net Interest Income": -94000000.0,
        "Interest Expense": 94000000.0,
        "Normalized Income": 158000000.0,
        "Net Income From Continuing And Discontinued Operation": 158000000.0,
        "Total Expenses": 1568000000.0,
        "Diluted Average Shares": 110000000.0,
        "Basic Average Shares": 103000000.0,
        "Diluted EPS": 1.41,
        "Basic EPS": 1.5,
        "Diluted NI Availto Com Stockholders": 154000000.0,
        "Net Income Common Stockholders": 154000000.0,
        "Preferred Stock Dividends": 4000000.0,
        "Net Income": 158000000.0,
        "Minority Interests": -77000000.0,
        "Net Income Including Noncontrolling Interests": 235000000.0,
        "Net Income Continuous Operations": 235000000.0,
        "Tax Provision": 28000000.0,
        "Pretax Income": 263000000.0,
        "Other Income Expense": 86000000.0,
        "Net Non Operating Interest Income Expense": -94000000.0,
        "Interest Expense Non Operating": 94000000.0,
        "Other Operating Expenses": 775000000.0,
        "Total Revenue": 1831000000.0,
        "Operating Revenue": 1831000000.0,
        "Loss Adjustment Expense": 438000000.0,
        "Net Policyholder Benefits And Claims": 438000000.0,
        "Policyholder Benefits Gross": 438000000.0
    },
    "2022-03-31": {
        "Diluted EPS": 0.46,
        "Total Revenue": NaN,
        "Gross Profit": 862,
        "Operating Income": 122,
        "EBIT": 168,
        "Net Income": 54
    },
    "2021-12-31": {
        "Diluted EPS": 3.64,
        "Total Revenue": NaN,
        "Gross Profit": NaN,
        "Operating Income": 300,
        "EBIT": 369,
        "Net Income": 403
    },
    "2021-09-30": {
        "Diluted EPS": 1.15,
        "Total Revenue": NaN,
        "Gross Profit": NaN,
        "Operating Income": 411,
        "EBIT": 461,
        "Net Income": 142
    },
    "2021-06-30": {
        "Diluted EPS": 3.53,
        "Total Revenue": NaN,
        "Gross Profit": NaN,
        "Operating Income": NaN,
        "EBIT": NaN,
        "Net Income": 459
    },
    "2021-03-31": {
        "Diluted EPS": 8.29,
        "Total Revenue": NaN,
        "Gross Profit": NaN,
        "Operating Income": NaN,
        "EBIT": NaN,
        "Net Income": NaN
    },
    "2020-12-31": {
        "Diluted EPS": 2.04,
        "Total Revenue": NaN,
        "Gross Profit": NaN,
        "Operating Income": 495,
        "EBIT": 543,
        "Net Income": 257
    },
    "2020-09-30": {
        "Diluted EPS": -2.64,
        "Total Revenue": NaN,
        "Gross Profit": 772,
        "Operating Income": -145,
        "EBIT": -100,
        "Net Income": -333
    },
    "2020-06-30": {
        "Diluted EPS": -0.51,
        "Total Revenue": NaN,
        "Gross Profit": 672,
        "Operating Income": -42,
        "EBIT": 8,
        "Net Income": -66
    },
    "2020-03-31": {
        "Diluted EPS": -0.73,
        "Total Revenue": NaN,
        "Gross Profit": 803,
        "Operating Income": 44,
        "EBIT": 87,
        "Net Income": -100
    },
    "2019-12-31": {
        "Diluted EPS": -5.31,
        "Total Revenue": NaN,
        "Gross Profit": 950,
        "Operating Income": 80,
        "EBIT": 128,
        "Net Income": -785
    },
    "2019-09-30": {
        "Diluted EPS": 0.74,
        "Total Revenue": NaN,
        "Gross Profit": 872,
        "Operating Income": 149,
        "EBIT": 208,
        "Net Income": 107
    },
    "2019-06-30": {
        "Diluted EPS": 1.51,
        "Total Revenue": NaN,
        "Gross Profit": NaN,
        "Operating Income": 243,
        "EBIT": 301,
        "Net Income": 226
    },
    "2019-03-31": {
        "Diluted EPS": 0.42,
        "Total Revenue": NaN,
        "Gross Profit": 888,
        "Operating Income": 102,
        "EBIT": 149,
        "Net Income": 64
    },
    "2018-12-31": {
        "Diluted EPS": 0.2,
        "Total Revenue": 829,
        "Gross Profit": 738,
        "Operating Income": 73,
        "EBIT": 165,
        "Net Income": 8
    },
    "2018-09-30": {
        "Diluted EPS": 0.87,
        "Total Revenue": NaN,
        "Gross Profit": 984,
        "Operating Income": 186,
        "EBIT": 241,
        "Net Income": 142
    },
    "2018-06-30": {
        "Diluted EPS": 0.96,
        "Total Revenue": NaN,
        "Gross Profit": NaN,
        "Operating Income": 241,
        "EBIT": 303,
        "Net Income": 166
    },
    "2018-03-31": {
        "Diluted EPS": 2.5,
        "Total Revenue": NaN,
        "Gross Profit": 877,
        "Operating Income": 21,
        "EBIT": 76,
        "Net Income": 446
    },
    "2017-12-31": {
        "Diluted EPS": -17.21,
        "Total Revenue": 797,
        "Gross Profit": 616,
        "Operating Income": 77,
        "EBIT": 139,
        "Net Income": NaN
    },
    "2017-09-30": {
        "Diluted EPS": 0.81,
        "Total Revenue": NaN,
        "Gross Profit": 992,
        "Operating Income": 40,
        "EBIT": 107,
        "Net Income": 149
    },
    "2017-06-30": {
        "Diluted EPS": 0.89,
        "Total Revenue": NaN,
        "Gross Profit": NaN,
        "Operating Income": 155,
        "EBIT": 227,
        "Net Income": 167
    },
    "2017-03-31": {
        "Diluted EPS": -0.74,
        "Total Revenue": NaN,
        "Gross Profit": 908,
        "Operating Income": 113,
        "EBIT": 176,
        "Net Income": -143
    },
    "2016-12-31": {
        "Diluted EPS": -2.08,
        "Total Revenue": 554,
        "Gross Profit": 573,
        "Operating Income": -29,
        "EBIT": 43,
        "Net Income": -432
    },
    "2016-09-30": {
        "Diluted EPS": -1.24,
        "Total Revenue": NaN,
        "Gross Profit": 622,
        "Operating Income": -356,
        "EBIT": -284,
        "Net Income": -248
    },
    "2016-06-30": {
        "Diluted EPS": 0.79,
        "Total Revenue": NaN,
        "Gross Profit": NaN,
        "Operating Income": 153,
        "EBIT": 331,
        "Net Income": 162
    },
    "2016-03-31": {
        "Diluted EPS": 0.92,
        "Total Revenue": NaN,
        "Gross Profit": NaN,
        "Operating Income": 241,
        "EBIT": 310,
        "Net Income": 192
    },
    "2015-12-31": {
        "Diluted EPS": -0.41,
        "Total Revenue": -553,
        "Gross Profit": 25,
        "Operating Income": -352,
        "EBIT": -237,
        "Net Income": -107
    },
    "2015-09-30": {
        "Diluted EPS": 0.18,
        "Total Revenue": NaN,
        "Gross Profit": NaN,
        "Operating Income": 80,
        "EBIT": 193,
        "Net Income": 40
    },
    "2015-06-30": {
        "Diluted EPS": 1.24,
        "Total Revenue": NaN,
        "Gross Profit": NaN,
        "Operating Income": 486,
        "EBIT": 618,
        "Net Income": 285
    },
    "2015-03-31": {
        "Diluted EPS": 0.79,
        "Total Revenue": NaN,
        "Gross Profit": NaN,
        "Operating Income": 261,
        "EBIT": 371,
        "Net Income": 190
    },
    "2014-12-31": {
        "Diluted EPS": 5.46,
        "Total Revenue": NaN,
        "Gross Profit": 879,
        "Operating Income": -482,
        "EBIT": -377,
        "Net Income": NaN
    },
    "2014-09-30": {
        "Diluted EPS": 1.59,
        "Total Revenue": NaN,
        "Gross Profit": NaN,
        "Operating Income": 560,
        "EBIT": 664,
        "Net Income": 406
    },
    "2014-06-30": {
        "Diluted EPS": 0.97,
        "Total Revenue": NaN,
        "Gross Profit": NaN,
        "Operating Income": 421,
        "EBIT": 518,
        "Net Income": 248
    },
    "2014-03-31": {
        "Diluted EPS": 0.98,
        "Total Revenue": NaN,
        "Gross Profit": NaN,
        "Operating Income": 302,
        "EBIT": 396,
        "Net Income": 258
    },
    "2013-12-31": {
        "Diluted EPS": 2.31,
        "Total Revenue": NaN,
        "Gross Profit": NaN,
        "Operating Income": 626,
        "EBIT": 724,
        "Net Income": 546
    },
    "2013-09-30": {
        "Diluted EPS": 1.32,
        "Total Revenue": NaN,
        "Gross Profit": NaN,
        "Operating Income": 420,
        "EBIT": 519,
        "Net Income": 347
    },
    "2013-06-30": {
        "Diluted EPS": -0.33,
        "Total Revenue": NaN,
        "Gross Profit": 911,
        "Operating Income": -75,
        "EBIT": 12,
        "Net Income": -82
    },
    "2013-03-31": {
        "Diluted EPS": -0.92,
        "Total Revenue": NaN,
        "Gross Profit": 757,
        "Operating Income": -214,
        "EBIT": -133,
        "Net Income": -212
    },
    "2012-12-31": {
        "Diluted EPS": -0.1,
        "Total Revenue": NaN,
        "Gross Profit": 420,
        "Operating Income": -31,
        "EBIT": 46,
        "Net Income": -23
    },
    "2012-09-30": {
        "Diluted EPS": 1.59,
        "Total Revenue": NaN,
        "Gross Profit": NaN,
        "Operating Income": 374,
        "EBIT": 447,
        "Net Income": 367
    },
    "2012-06-30": {
        "Diluted EPS": 2.76,
        "Total Revenue": NaN,
        "Gross Profit": NaN,
        "Operating Income": 853,
        "EBIT": 917,
        "Net Income": 634
    },
    "2012-03-31": {
        "Diluted EPS": -2.2,
        "Total Revenue": NaN,
        "Gross Profit": 467,
        "Operating Income": -513,
        "EBIT": -466,
        "Net Income": -505
    },
    "2011-12-31": {
        "Diluted EPS": 0.0,
        "Total Revenue": NaN,
        "Gross Profit": NaN,
        "Operating Income": NaN,
        "EBIT": NaN,
        "Net Income": NaN
    },
    "2010-12-31": {
        "Diluted EPS": 0.0,
        "Total Revenue": NaN,
        "Gross Profit": NaN,
        "Operating Income": NaN,
        "EBIT": NaN,
        "Net Income": NaN
    },
    "2023-09-30": {
        "Tax Effect Of Unusual Items": NaN,
        "Tax Rate For Calcs": NaN,
        "Net Income From Continuing Operation Net Minority Interest": NaN,
        "EBIT": NaN,
        "Net Interest Income": NaN,
        "Interest Expense": NaN,
        "Normalized Income": NaN,
        "Net Income From Continuing And Discontinued Operation": NaN,
        "Total Expenses": NaN,
        "Diluted Average Shares": 108000000.0,
        "Basic Average Shares": 106000000.0,
        "Diluted EPS": 2.29,
        "Basic EPS": 2.35,
        "Diluted NI Availto Com Stockholders": NaN,
        "Net Income Common Stockholders": NaN,
        "Preferred Stock Dividends": NaN,
        "Net Income": NaN,
        "Minority Interests": NaN,
        "Net Income Including Noncontrolling Interests": NaN,
        "Net Income Continuous Operations": NaN,
        "Tax Provision": NaN,
        "Pretax Income": NaN,
        "Other Income Expense": NaN,
        "Net Non Operating Interest Income Expense": NaN,
        "Interest Expense Non Operating": NaN,
        "Other Operating Expenses": NaN,
        "Total Revenue": NaN,
        "Operating Revenue": NaN,
        "Loss Adjustment Expense": NaN,
        "Net Policyholder Benefits And Claims": NaN,
        "Policyholder Benefits Gross": NaN
    },
    "2023-12-31": {
        "Tax Effect Of Unusual Items": 0.0,
        "Tax Rate For Calcs": 0.21,
        "Net Income From Continuing Operation Net Minority Interest": 122000000.0,
        "EBIT": 182000000.0,
        "Net Interest Income": -80000000.0,
        "Interest Expense": 80000000.0,
        "Normalized Income": 122000000.0,
        "Net Income From Continuing And Discontinued Operation": 122000000.0,
        "Total Expenses": 1688000000.0,
        "Diluted Average Shares": 107000000.0,
        "Basic Average Shares": 104000000.0,
        "Diluted EPS": 1.1,
        "Basic EPS": 1.13,
        "Diluted NI Availto Com Stockholders": 118000000.0,
        "Net Income Common Stockholders": 118000000.0,
        "Preferred Stock Dividends": 4000000.0,
        "Net Income": 122000000.0,
        "Minority Interests": 3000000.0,
        "Net Income Including Noncontrolling Interests": 119000000.0,
        "Net Income Continuous Operations": 119000000.0,
        "Tax Provision": -17000000.0,
        "Pretax Income": 102000000.0,
        "Other Income Expense": 82000000.0,
        "Net Non Operating Interest Income Expense": -80000000.0,
        "Interest Expense Non Operating": 80000000.0,
        "Other Operating Expenses": 776000000.0,
        "Total Revenue": 1790000000.0,
        "Operating Revenue": 1790000000.0,
        "Loss Adjustment Expense": 541000000.0,
        "Net Policyholder Benefits And Claims": 541000000.0,
        "Policyholder Benefits Gross": 541000000.0
    },
    "2024-03-31": {
        "Tax Effect Of Unusual Items": 0.0,
        "Tax Rate For Calcs": 0.21,
        "Net Income From Continuing Operation Net Minority Interest": 251000000.0,
        "EBIT": 344000000.0,
        "Net Interest Income": -57000000.0,
        "Interest Expense": 57000000.0,
        "Normalized Income": 251000000.0,
        "Net Income From Continuing And Discontinued Operation": 251000000.0,
        "Total Expenses": 1716000000.0,
        "Diluted Average Shares": 104464286.0,
        "Basic Average Shares": 102183406.0,
        "Diluted EPS": 2.24,
        "Basic EPS": 2.29,
        "Diluted NI Availto Com Stockholders": 234000000.0,
        "Net Income Common Stockholders": 234000000.0,
        "Preferred Stock Dividends": 17000000.0,
        "Net Income": 251000000.0,
        "Minority Interests": -37000000.0,
        "Net Income Including Noncontrolling Interests": 288000000.0,
        "Net Income Continuous Operations": 288000000.0,
        "Tax Provision": -1000000.0,
        "Pretax Income": 287000000.0,
        "Other Income Expense": 88000000.0,
        "Net Non Operating Interest Income Expense": -57000000.0,
        "Interest Expense Non Operating": 57000000.0,
        "Other Operating Expenses": 800000000.0,
        "Total Revenue": 2003000000.0,
        "Operating Revenue": 2003000000.0,
        "Loss Adjustment Expense": 605000000.0,
        "Net Policyholder Benefits And Claims": 605000000.0,
        "Policyholder Benefits Gross": 605000000.0
    },
    "2024-06-30": {
        "Tax Effect Of Unusual Items": 0.0,
        "Tax Rate For Calcs": 0.15,
        "Net Income From Continuing Operation Net Minority Interest": 205000000.0,
        "EBIT": 374000000.0,
        "Net Interest Income": -98000000.0,
        "Interest Expense": 98000000.0,
        "Normalized Income": 205000000.0,
        "Net Income From Continuing And Discontinued Operation": 205000000.0,
        "Total Expenses": 1715000000.0,
        "Diluted Average Shares": 102551020.0,
        "Basic Average Shares": 100500000.0,
        "Diluted EPS": 1.96,
        "Basic EPS": 2.0,
        "Diluted NI Availto Com Stockholders": 201000000.0,
        "Net Income Common Stockholders": 201000000.0,
        "Preferred Stock Dividends": 4000000.0,
        "Net Income": 205000000.0,
        "Minority Interests": -30000000.0,
        "Net Income Including Noncontrolling Interests": 235000000.0,
        "Net Income Continuous Operations": 235000000.0,
        "Tax Provision": 41000000.0,
        "Pretax Income": 276000000.0,
        "Other Income Expense": 98000000.0,
        "Net Non Operating Interest Income Expense": -98000000.0,
        "Interest Expense Non Operating": 98000000.0,
        "Other Operating Expenses": 760000000.0,
        "Total Revenue": 1991000000.0,
        "Operating Revenue": 1991000000.0,
        "Loss Adjustment Expense": 598000000.0,
        "Net Policyholder Benefits And Claims": 598000000.0,
        "Policyholder Benefits Gross": 598000000.0
    },
    "2024-09-30": {
        "Tax Effect Of Unusual Items": 0.0,
        "Tax Rate For Calcs": 0.155,
        "Net Income From Continuing Operation Net Minority Interest": 114000000.0,
        "EBIT": 185000000.0,
        "Net Interest Income": -69000000.0,
        "Interest Expense": 69000000.0,
        "Normalized Income": 114000000.0,
        "Net Income From Continuing And Discontinued Operation": 114000000.0,
        "Total Expenses": 1814000000.0,
        "Diluted Average Shares": 100000000.0,
        "Basic Average Shares": 98000000.0,
        "Diluted EPS": 0.98,
        "Basic EPS": 1.0,
        "Diluted NI Availto Com Stockholders": 98000000.0,
        "Net Income Common Stockholders": 98000000.0,
        "Preferred Stock Dividends": 16000000.0,
        "Net Income": 114000000.0,
        "Minority Interests": 16000000.0,
        "Net Income Including Noncontrolling Interests": 98000000.0,
        "Net Income Continuous Operations": 98000000.0,
        "Tax Provision": 18000000.0,
        "Pretax Income": 116000000.0,
        "Other Income Expense": 103000000.0,
        "Net Non Operating Interest Income Expense": -69000000.0,
        "Interest Expense Non Operating": 69000000.0,
        "Other Operating Expenses": 778000000.0,
        "Total Revenue": 1930000000.0,
        "Operating Revenue": 1930000000.0,
        "Loss Adjustment Expense": 681000000.0,
        "Net Policyholder Benefits And Claims": 681000000.0,
        "Policyholder Benefits Gross": 681000000.0
    },
    "2024-12-31": {
        "Tax Effect Of Unusual Items": 0.0,
        "Tax Rate For Calcs": 0.21,
        "Net Income From Continuing Operation Net Minority Interest": 97000000.0,
        "EBIT": 195000000.0,
        "Net Interest Income": -75000000.0,
        "Interest Expense": 75000000.0,
        "Normalized Income": 97000000.0,
        "Net Income From Continuing And Discontinued Operation": 97000000.0,
        "Total Expenses": 1847000000.0,
        "Diluted Average Shares": 98936170.0,
        "Basic Average Shares": 95876289.0,
        "Diluted EPS": 0.94,
        "Basic EPS": 0.97,
        "Diluted NI Availto Com Stockholders": 93000000.0,
        "Net Income Common Stockholders": 93000000.0,
        "Preferred Stock Dividends": 4000000.0,
        "Net Income": 97000000.0,
        "Minority Interests": -24000000.0,
        "Net Income Including Noncontrolling Interests": 121000000.0,
        "Net Income Continuous Operations": 121000000.0,
        "Tax Provision": -1000000.0,
        "Pretax Income": 120000000.0,
        "Other Income Expense": 134000000.0,
        "Net Non Operating Interest Income Expense": -75000000.0,
        "Interest Expense Non Operating": 75000000.0,
        "Other Operating Expenses": 772000000.0,
        "Total Revenue": 1967000000.0,
        "Operating Revenue": 1967000000.0,
        "Loss Adjustment Expense": 743000000.0,
        "Net Policyholder Benefits And Claims": 743000000.0,
        "Policyholder Benefits Gross": 743000000.0
    },
    "2025-03-31": {
        "Tax Effect Of Unusual Items": 0.0,
        "Tax Rate For Calcs": 0.127,
        "Net Income From Continuing Operation Net Minority Interest": 156000000.0,
        "EBIT": 240000000.0,
        "Net Interest Income": -67000000.0,
        "Interest Expense": 67000000.0,
        "Normalized Income": 156000000.0,
        "Net Income From Continuing And Discontinued Operation": 156000000.0,
        "Total Expenses": 1764000000.0,
        "Diluted Average Shares": 97887324.0,
        "Basic Average Shares": 95862069.0,
        "Diluted EPS": 1.42,
        "Basic EPS": 1.45,
        "Diluted NI Availto Com Stockholders": 139000000.0,
        "Net Income Common Stockholders": 139000000.0,
        "Preferred Stock Dividends": 17000000.0,
        "Net Income": 156000000.0,
        "Minority Interests": 5000000.0,
        "Net Income Including Noncontrolling Interests": 151000000.0,
        "Net Income Continuous Operations": 151000000.0,
        "Tax Provision": 22000000.0,
        "Pretax Income": 173000000.0,
        "Other Income Expense": 104000000.0,
        "Net Non Operating Interest Income Expense": -67000000.0,
        "Interest Expense Non Operating": 67000000.0,
        "Other Operating Expenses": 832000000.0,
        "Total Revenue": 1937000000.0,
        "Operating Revenue": 1937000000.0,
        "Loss Adjustment Expense": 579000000.0,
        "Net Policyholder Benefits And Claims": 579000000.0,
        "Policyholder Benefits Gross": 579000000.0
    },
    "2025-06-30": {
        "Tax Effect Of Unusual Items": 0.0,
        "Tax Rate For Calcs": 0.144,
        "Net Income From Continuing Operation Net Minority Interest": 166000000.0,
        "EBIT": 251000000.0,
        "Net Interest Income": -63000000.0,
        "Interest Expense": 63000000.0,
        "Normalized Income": 166000000.0,
        "Net Income From Continuing And Discontinued Operation": 166000000.0,
        "Total Expenses": 1738000000.0,
        "Diluted Average Shares": 97590361.0,
        "Basic Average Shares": 95857988.0,
        "Diluted EPS": 1.66,
        "Basic EPS": 1.69,
        "Diluted NI Availto Com Stockholders": 162000000.0,
        "Net Income Common Stockholders": 162000000.0,
        "Preferred Stock Dividends": 4000000.0,
        "Net Income": 166000000.0,
        "Minority Interests": 5000000.0,
        "Net Income Including Noncontrolling Interests": 161000000.0,
        "Net Income Continuous Operations": 161000000.0,
        "Tax Provision": 27000000.0,
        "Pretax Income": 188000000.0,
        "Other Income Expense": 100000000.0,
        "Net Non Operating Interest Income Expense": -63000000.0,
        "Interest Expense Non Operating": 63000000.0,
        "Other Operating Expenses": 871000000.0,
        "Total Revenue": 1926000000.0,
        "Operating Revenue": 1926000000.0,
        "Loss Adjustment Expense": 541000000.0,
        "Net Policyholder Benefits And Claims": 541000000.0,
        "Policyholder Benefits Gross": 541000000.0
    },
    "2025-09-30": {
        "Tax Effect Of Unusual Items": 0.0,
        "Tax Rate For Calcs": 0.114007,
        "Net Income From Continuing Operation Net Minority Interest": 192000000.0,
        "EBIT": 367000000.0,
        "Net Interest Income": -60000000.0,
        "Interest Expense": 60000000.0,
        "Normalized Income": 192000000.0,
        "Net Income From Continuing And Discontinued Operation": 192000000.0,
        "Total Expenses": 1767000000.0,
        "Diluted Average Shares": 97400000.0,
        "Basic Average Shares": 95900000.0,
        "Diluted EPS": 1.8,
        "Basic EPS": 1.82,
        "Diluted NI Availto Com Stockholders": 176000000.0,
        "Net Income Common Stockholders": 176000000.0,
        "Preferred Stock Dividends": 16000000.0,
        "Net Income": 192000000.0,
        "Minority Interests": -80000000.0,
        "Net Income Including Noncontrolling Interests": 272000000.0,
        "Net Income Continuous Operations": 272000000.0,
        "Tax Provision": 35000000.0,
        "Pretax Income": 307000000.0,
        "Other Income Expense": 100000000.0,
        "Net Non Operating Interest Income Expense": -60000000.0,
        "Interest Expense Non Operating": 60000000.0,
        "Other Operating Expenses": 846000000.0,
        "Total Revenue": 2074000000.0,
        "Operating Revenue": 2074000000.0,
        "Loss Adjustment Expense": 561000000.0,
        "Net Policyholder Benefits And Claims": 561000000.0,
        "Policyholder Benefits Gross": 561000000.0
    }
}