{
    "2023-03-31": {
        "Tax Effect Of Unusual Items": NaN,
        "Tax Rate For Calcs": NaN,
        "Normalized EBITDA": NaN,
        "Total Unusual Items": NaN,
        "Total Unusual Items Excluding Goodwill": NaN,
        "Net Income From Continuing Operation Net Minority Interest": NaN,
        "Reconciled Depreciation": NaN,
        "Reconciled Cost Of Revenue": NaN,
        "EBITDA": NaN,
        "EBIT": NaN,
        "Net Interest Income": NaN,
        "Interest Income": NaN,
        "Normalized Income": NaN,
        "Net Income From Continuing And Discontinued Operation": NaN,
        "Total Expenses": NaN,
        "Total Operating Income As Reported": NaN,
        "Diluted Average Shares": 13783241.0,
        "Basic Average Shares": 13783241.0,
        "Diluted EPS": -0.38,
        "Basic EPS": -0.38,
        "Diluted NI Availto Com Stockholders": NaN,
        "Net Income Common Stockholders": NaN,
        "Net Income": NaN,
        "Net Income Including Noncontrolling Interests": NaN,
        "Net Income Continuous Operations": NaN,
        "Pretax Income": NaN,
        "Other Income Expense": NaN,
        "Special Income Charges": NaN,
        "Impairment Of Capital Assets": NaN,
        "Restructuring And Mergern Acquisition": NaN,
        "Net Non Operating Interest Income Expense": NaN,
        "Interest Income Non Operating": NaN,
        "Operating Income": NaN,
        "Operating Expense": NaN,
        "Depreciation Amortization Depletion Income Statement": NaN,
        "Depreciation And Amortization In Income Statement": NaN,
        "Amortization": NaN,
        "Amortization Of Intangibles Income Statement": NaN,
        "Research And Development": NaN,
        "Selling General And Administration": NaN,
        "Selling And Marketing Expense": NaN,
        "General And Administrative Expense": NaN,
        "Other Gand A": NaN,
        "Gross Profit": NaN,
        "Cost Of Revenue": NaN,
        "Total Revenue": NaN,
        "Operating Revenue": NaN
    },
    "2022-12-31": {
        "Tax Effect Of Unusual Items": NaN,
        "Tax Rate For Calcs": NaN,
        "Normalized EBITDA": NaN,
        "Total Unusual Items": NaN,
        "Total Unusual Items Excluding Goodwill": NaN,
        "Net Income From Continuing Operation Net Minority Interest": NaN,
        "Reconciled Depreciation": NaN,
        "Reconciled Cost Of Revenue": NaN,
        "EBITDA": NaN,
        "EBIT": NaN,
        "Net Interest Income": NaN,
        "Interest Income": NaN,
        "Normalized Income": NaN,
        "Net Income From Continuing And Discontinued Operation": NaN,
        "Total Expenses": NaN,
        "Total Operating Income As Reported": NaN,
        "Diluted Average Shares": 19264307.0,
        "Basic Average Shares": 13779958.0,
        "Diluted EPS": 0.07,
        "Basic EPS": 0.09,
        "Diluted NI Availto Com Stockholders": NaN,
        "Net Income Common Stockholders": NaN,
        "Net Income": NaN,
        "Net Income Including Noncontrolling Interests": NaN,
        "Net Income Continuous Operations": NaN,
        "Pretax Income": NaN,
        "Other Income Expense": NaN,
        "Special Income Charges": NaN,
        "Impairment Of Capital Assets": NaN,
        "Restructuring And Mergern Acquisition": NaN,
        "Net Non Operating Interest Income Expense": NaN,
        "Interest Income Non Operating": NaN,
        "Operating Income": NaN,
        "Operating Expense": NaN,
        "Depreciation Amortization Depletion Income Statement": NaN,
        "Depreciation And Amortization In Income Statement": NaN,
        "Amortization": NaN,
        "Amortization Of Intangibles Income Statement": NaN,
        "Research And Development": NaN,
        "Selling General And Administration": NaN,
        "Selling And Marketing Expense": NaN,
        "General And Administrative Expense": NaN,
        "Other Gand A": NaN,
        "Gross Profit": NaN,
        "Cost Of Revenue": NaN,
        "Total Revenue": NaN,
        "Operating Revenue": NaN
    },
    "2022-09-30": {
        "Tax Effect Of Unusual Items": 0.0,
        "Tax Rate For Calcs": 0.0,
        "Normalized EBITDA": 250931.0,
        "Total Unusual Items": -2603398.0,
        "Total Unusual Items Excluding Goodwill": -2603398.0,
        "Net Income From Continuing Operation Net Minority Interest": -5382727.0,
        "Reconciled Depreciation": 477016.0,
        "Reconciled Cost Of Revenue": 1214597.0,
        "EBITDA": -2352467.0,
        "EBIT": -2829483.0,
        "Net Interest Income": 50154.0,
        "Interest Income": 50154.0,
        "Normalized Income": -2779329.0,
        "Net Income From Continuing And Discontinued Operation": -5382727.0,
        "Total Expenses": 6780507.0,
        "Total Operating Income As Reported": -5432881.0,
        "Diluted Average Shares": 13317188.0,
        "Basic Average Shares": 13317188.0,
        "Diluted EPS": -0.4,
        "Basic EPS": -0.4,
        "Diluted NI Availto Com Stockholders": -5382727.0,
        "Net Income Common Stockholders": -5382727.0,
        "Net Income": -5382727.0,
        "Net Income Including Noncontrolling Interests": -5382727.0,
        "Net Income Continuous Operations": -5382727.0,
        "Pretax Income": -5382727.0,
        "Other Income Expense": -2603398.0,
        "Special Income Charges": -2603398.0,
        "Impairment Of Capital Assets": NaN,
        "Restructuring And Mergern Acquisition": 2603398.0,
        "Net Non Operating Interest Income Expense": 50154.0,
        "Interest Income Non Operating": 50154.0,
        "Operating Income": -2829483.0,
        "Operating Expense": 5565910.0,
        "Depreciation Amortization Depletion Income Statement": NaN,
        "Depreciation And Amortization In Income Statement": NaN,
        "Amortization": NaN,
        "Amortization Of Intangibles Income Statement": NaN,
        "Research And Development": 2002379.0,
        "Selling General And Administration": 3563531.0,
        "Selling And Marketing Expense": 1744239.0,
        "General And Administrative Expense": 1819292.0,
        "Other Gand A": 1819292.0,
        "Gross Profit": 2736427.0,
        "Cost Of Revenue": 1214597.0,
        "Total Revenue": 3951024.0,
        "Operating Revenue": 3951024.0
    },
    "2022-06-30": {
        "Tax Effect Of Unusual Items": 0.0,
        "Tax Rate For Calcs": 0.0,
        "Normalized EBITDA": -2586193.0,
        "Total Unusual Items": 1862229.0,
        "Total Unusual Items Excluding Goodwill": 1862229.0,
        "Net Income From Continuing Operation Net Minority Interest": -982519.0,
        "Reconciled Depreciation": 258555.0,
        "Reconciled Cost Of Revenue": 513009.0,
        "EBITDA": -723964.0,
        "EBIT": -982519.0,
        "Net Interest Income": 11409.0,
        "Interest Expense": 0.0,
        "Interest Income": 11409.0,
        "Normalized Income": -2844748.0,
        "Net Income From Continuing And Discontinued Operation": -982519.0,
        "Total Expenses": 5358907.0,
        "Total Operating Income As Reported": -993928.0,
        "Diluted Average Shares": 12765495.0,
        "Basic Average Shares": 12765495.0,
        "Diluted EPS": -0.07,
        "Basic EPS": -0.07,
        "Diluted NI Availto Com Stockholders": -982519.0,
        "Net Income Common Stockholders": -982519.0,
        "Net Income": -982519.0,
        "Net Income Including Noncontrolling Interests": -982519.0,
        "Net Income Continuous Operations": -982519.0,
        "Pretax Income": -982519.0,
        "Other Income Expense": 1862229.0,
        "Special Income Charges": 1862229.0,
        "Other Special Charges": 0.0,
        "Impairment Of Capital Assets": NaN,
        "Restructuring And Mergern Acquisition": NaN,
        "Net Non Operating Interest Income Expense": 11409.0,
        "Interest Expense Non Operating": 0.0,
        "Interest Income Non Operating": 11409.0,
        "Operating Income": -2856157.0,
        "Operating Expense": 4845898.0,
        "Depreciation Amortization Depletion Income Statement": NaN,
        "Depreciation And Amortization In Income Statement": NaN,
        "Amortization": NaN,
        "Amortization Of Intangibles Income Statement": NaN,
        "Research And Development": 2066192.0,
        "Selling General And Administration": 2779706.0,
        "Selling And Marketing Expense": 1116571.0,
        "General And Administrative Expense": 1663135.0,
        "Other Gand A": 1663135.0,
        "Gross Profit": 1989741.0,
        "Cost Of Revenue": 513009.0,
        "Total Revenue": 2502750.0,
        "Operating Revenue": 2502750.0
    },
    "2022-03-31": {
        "Diluted EPS": -0.14,
        "Total Revenue": 2,
        "Gross Profit": 2,
        "Operating Income": -2,
        "EBIT": -2,
        "Net Income": -2
    },
    "2021-12-31": {
        "Diluted EPS": -0.14,
        "Total Revenue": 2,
        "Gross Profit": 1,
        "Operating Income": -2,
        "EBIT": -2,
        "Net Income": -2
    },
    "2021-09-30": {
        "Diluted EPS": -0.17,
        "Total Revenue": 1,
        "Gross Profit": 1,
        "Operating Income": -1,
        "EBIT": -1,
        "Net Income": -2
    },
    "2021-06-30": {
        "Diluted EPS": -0.38,
        "Total Revenue": 1,
        "Gross Profit": 1,
        "Operating Income": -3,
        "EBIT": -3,
        "Net Income": -3
    },
    "2021-03-31": {
        "Diluted EPS": -0.17,
        "Total Revenue": 1,
        "Gross Profit": 0,
        "Operating Income": -1,
        "EBIT": -1,
        "Net Income": -1
    },
    "2020-12-31": {
        "Diluted EPS": -0.11,
        "Total Revenue": 1,
        "Gross Profit": 1,
        "Operating Income": -1,
        "EBIT": -1,
        "Net Income": -1
    },
    "2020-09-30": {
        "Diluted EPS": -0.18,
        "Total Revenue": 0,
        "Gross Profit": 0,
        "Operating Income": -1,
        "EBIT": -1,
        "Net Income": -1
    },
    "2020-06-30": {
        "Diluted EPS": 0.0,
        "Total Revenue": NaN,
        "Gross Profit": NaN,
        "Operating Income": NaN,
        "EBIT": NaN,
        "Net Income": NaN
    },
    "2020-03-31": {
        "Diluted EPS": -0.52,
        "Total Revenue": 1,
        "Gross Profit": 1,
        "Operating Income": -4,
        "EBIT": -4,
        "Net Income": -4
    },
    "2023-06-30": {
        "Tax Effect Of Unusual Items": 0.0,
        "Tax Rate For Calcs": 0.0,
        "Normalized EBITDA": 10891298.0,
        "Total Unusual Items": -14853051.0,
        "Total Unusual Items Excluding Goodwill": -14853051.0,
        "Net Income From Continuing Operation Net Minority Interest": -19266323.0,
        "Reconciled Depreciation": 204851.0,
        "Reconciled Cost Of Revenue": 1256873.0,
        "EBITDA": -3961753.0,
        "EBIT": -4470873.0,
        "Net Interest Income": 57601.0,
        "Interest Income": 57601.0,
        "Normalized Income": -4413272.0,
        "Net Income From Continuing And Discontinued Operation": -19266323.0,
        "Total Expenses": 7379276.0,
        "Total Operating Income As Reported": -19323924.0,
        "Diluted Average Shares": NaN,
        "Basic Average Shares": NaN,
        "Diluted EPS": NaN,
        "Basic EPS": NaN,
        "Diluted NI Availto Com Stockholders": -19266323.0,
        "Net Income Common Stockholders": -19266323.0,
        "Net Income": -19266323.0,
        "Net Income Including Noncontrolling Interests": -19266323.0,
        "Net Income Continuous Operations": -19266323.0,
        "Pretax Income": -19266323.0,
        "Other Income Expense": -14853051.0,
        "Special Income Charges": -14853051.0,
        "Impairment Of Capital Assets": 14872660.0,
        "Restructuring And Mergern Acquisition": -19609.0,
        "Net Non Operating Interest Income Expense": 57601.0,
        "Interest Income Non Operating": 57601.0,
        "Operating Income": -4470873.0,
        "Operating Expense": 6426672.0,
        "Depreciation Amortization Depletion Income Statement": 509120.0,
        "Depreciation And Amortization In Income Statement": 509120.0,
        "Amortization": 509120.0,
        "Amortization Of Intangibles Income Statement": 509120.0,
        "Research And Development": 2101659.0,
        "Selling General And Administration": 3815893.0,
        "Selling And Marketing Expense": 2551765.0,
        "General And Administrative Expense": 1264128.0,
        "Other Gand A": 1264128.0,
        "Gross Profit": 1955799.0,
        "Cost Of Revenue": 952604.0,
        "Total Revenue": 2908403.0,
        "Operating Revenue": 2908403.0
    },
    "2023-09-30": {
        "Tax Effect Of Unusual Items": NaN,
        "Tax Rate For Calcs": NaN,
        "Normalized EBITDA": NaN,
        "Total Unusual Items": NaN,
        "Total Unusual Items Excluding Goodwill": NaN,
        "Net Income From Continuing Operation Net Minority Interest": NaN,
        "Reconciled Depreciation": NaN,
        "Reconciled Cost Of Revenue": NaN,
        "EBITDA": NaN,
        "EBIT": NaN,
        "Net Interest Income": NaN,
        "Interest Income": NaN,
        "Normalized Income": NaN,
        "Net Income From Continuing And Discontinued Operation": NaN,
        "Total Expenses": NaN,
        "Total Operating Income As Reported": NaN,
        "Diluted Average Shares": 14730386.0,
        "Basic Average Shares": 14730386.0,
        "Diluted EPS": -0.01,
        "Basic EPS": -0.01,
        "Diluted NI Availto Com Stockholders": NaN,
        "Net Income Common Stockholders": NaN,
        "Net Income": NaN,
        "Net Income Including Noncontrolling Interests": NaN,
        "Net Income Continuous Operations": NaN,
        "Pretax Income": NaN,
        "Other Income Expense": NaN,
        "Special Income Charges": NaN,
        "Impairment Of Capital Assets": NaN,
        "Restructuring And Mergern Acquisition": NaN,
        "Net Non Operating Interest Income Expense": NaN,
        "Interest Income Non Operating": NaN,
        "Operating Income": NaN,
        "Operating Expense": NaN,
        "Depreciation Amortization Depletion Income Statement": NaN,
        "Depreciation And Amortization In Income Statement": NaN,
        "Amortization": NaN,
        "Amortization Of Intangibles Income Statement": NaN,
        "Research And Development": NaN,
        "Selling General And Administration": NaN,
        "Selling And Marketing Expense": NaN,
        "General And Administrative Expense": NaN,
        "Other Gand A": NaN,
        "Gross Profit": NaN,
        "Cost Of Revenue": NaN,
        "Total Revenue": NaN,
        "Operating Revenue": NaN
    },
    "2023-12-31": {
        "Tax Effect Of Unusual Items": NaN,
        "Tax Rate For Calcs": NaN,
        "Normalized EBITDA": NaN,
        "Total Unusual Items": NaN,
        "Total Unusual Items Excluding Goodwill": NaN,
        "Net Income From Continuing Operation Net Minority Interest": NaN,
        "Reconciled Depreciation": NaN,
        "Reconciled Cost Of Revenue": NaN,
        "EBITDA": NaN,
        "EBIT": NaN,
        "Net Interest Income": NaN,
        "Interest Income": NaN,
        "Normalized Income": NaN,
        "Net Income From Continuing And Discontinued Operation": NaN,
        "Total Expenses": NaN,
        "Total Operating Income As Reported": NaN,
        "Diluted Average Shares": 16668740.0,
        "Basic Average Shares": 16668740.0,
        "Diluted EPS": -0.04,
        "Basic EPS": -0.04,
        "Diluted NI Availto Com Stockholders": NaN,
        "Net Income Common Stockholders": NaN,
        "Net Income": NaN,
        "Net Income Including Noncontrolling Interests": NaN,
        "Net Income Continuous Operations": NaN,
        "Pretax Income": NaN,
        "Other Income Expense": NaN,
        "Special Income Charges": NaN,
        "Impairment Of Capital Assets": NaN,
        "Restructuring And Mergern Acquisition": NaN,
        "Net Non Operating Interest Income Expense": NaN,
        "Interest Income Non Operating": NaN,
        "Operating Income": NaN,
        "Operating Expense": NaN,
        "Depreciation Amortization Depletion Income Statement": NaN,
        "Depreciation And Amortization In Income Statement": NaN,
        "Amortization": NaN,
        "Amortization Of Intangibles Income Statement": NaN,
        "Research And Development": NaN,
        "Selling General And Administration": NaN,
        "Selling And Marketing Expense": NaN,
        "General And Administrative Expense": NaN,
        "Other Gand A": NaN,
        "Gross Profit": NaN,
        "Cost Of Revenue": NaN,
        "Total Revenue": NaN,
        "Operating Revenue": NaN
    },
    "2024-03-31": {
        "Tax Effect Of Unusual Items": 0.0,
        "Tax Rate For Calcs": 0.0,
        "Normalized EBITDA": -1866966.0,
        "Total Unusual Items": 291980.0,
        "Total Unusual Items Excluding Goodwill": 291980.0,
        "Net Income From Continuing Operation Net Minority Interest": -1542256.0,
        "Reconciled Depreciation": 320301.0,
        "Reconciled Cost Of Revenue": 540196.0,
        "EBITDA": -1574986.0,
        "EBIT": -1895287.0,
        "Net Interest Income": 61051.0,
        "Interest Income": 61051.0,
        "Normalized Income": -1834236.0,
        "Net Income From Continuing And Discontinued Operation": -1542256.0,
        "Total Expenses": 3790930.0,
        "Total Operating Income As Reported": -1603307.0,
        "Diluted Average Shares": 17195322.0,
        "Basic Average Shares": 17195322.0,
        "Diluted EPS": -0.09,
        "Basic EPS": -0.09,
        "Diluted NI Availto Com Stockholders": -1542256.0,
        "Net Income Common Stockholders": -1542256.0,
        "Net Income": -1542256.0,
        "Net Income Including Noncontrolling Interests": -1542256.0,
        "Net Income Continuous Operations": -1542256.0,
        "Pretax Income": -1542256.0,
        "Other Income Expense": 291980.0,
        "Special Income Charges": 291980.0,
        "Impairment Of Capital Assets": 0.0,
        "Restructuring And Mergern Acquisition": -291980.0,
        "Net Non Operating Interest Income Expense": 61051.0,
        "Interest Income Non Operating": 61051.0,
        "Operating Income": -1895287.0,
        "Operating Expense": 3221469.0,
        "Depreciation Amortization Depletion Income Statement": 291036.0,
        "Depreciation And Amortization In Income Statement": 291036.0,
        "Amortization": 291036.0,
        "Amortization Of Intangibles Income Statement": 291036.0,
        "Research And Development": 1136848.0,
        "Selling General And Administration": 1793585.0,
        "Selling And Marketing Expense": 559681.0,
        "General And Administrative Expense": 1233904.0,
        "Other Gand A": 1233904.0,
        "Gross Profit": 1326182.0,
        "Cost Of Revenue": 569461.0,
        "Total Revenue": 1895643.0,
        "Operating Revenue": 1895643.0
    },
    "2024-06-30": {
        "Tax Effect Of Unusual Items": 0.0,
        "Tax Rate For Calcs": 0.0,
        "Normalized EBITDA": 464628.0,
        "Total Unusual Items": -2086609.0,
        "Total Unusual Items Excluding Goodwill": -2086609.0,
        "Net Income From Continuing Operation Net Minority Interest": -3994229.0,
        "Reconciled Depreciation": 320869.0,
        "Reconciled Cost Of Revenue": 505148.0,
        "EBITDA": -1621981.0,
        "EBIT": -1942850.0,
        "Net Interest Income": 35230.0,
        "Interest Income": 35230.0,
        "Normalized Income": -1907620.0,
        "Net Income From Continuing And Discontinued Operation": -3994229.0,
        "Total Expenses": 3670101.0,
        "Total Operating Income As Reported": -4029459.0,
        "Diluted Average Shares": NaN,
        "Basic Average Shares": NaN,
        "Diluted EPS": NaN,
        "Basic EPS": NaN,
        "Diluted NI Availto Com Stockholders": -3994229.0,
        "Net Income Common Stockholders": -3994229.0,
        "Net Income": -3994229.0,
        "Net Income Including Noncontrolling Interests": -3994229.0,
        "Net Income Continuous Operations": -3994229.0,
        "Pretax Income": -3994229.0,
        "Other Income Expense": -2086609.0,
        "Special Income Charges": -2086609.0,
        "Impairment Of Capital Assets": 2041165.0,
        "Restructuring And Mergern Acquisition": 45444.0,
        "Net Non Operating Interest Income Expense": 35230.0,
        "Interest Income Non Operating": 35230.0,
        "Operating Income": -1942850.0,
        "Operating Expense": 3135120.0,
        "Depreciation Amortization Depletion Income Statement": 291036.0,
        "Depreciation And Amortization In Income Statement": 291036.0,
        "Amortization": 291036.0,
        "Amortization Of Intangibles Income Statement": 291036.0,
        "Research And Development": 1246094.0,
        "Selling General And Administration": 1597990.0,
        "Selling And Marketing Expense": 681129.0,
        "General And Administrative Expense": 916861.0,
        "Other Gand A": 916861.0,
        "Gross Profit": 1192270.0,
        "Cost Of Revenue": 534981.0,
        "Total Revenue": 1727251.0,
        "Operating Revenue": 1727251.0
    },
    "2024-09-30": {
        "Tax Effect Of Unusual Items": 0.0,
        "Tax Rate For Calcs": 0.0,
        "Normalized EBITDA": -717282.0,
        "Total Unusual Items": -33319.0,
        "Total Unusual Items Excluding Goodwill": -33319.0,
        "Net Income From Continuing Operation Net Minority Interest": -1014192.0,
        "Reconciled Depreciation": 250983.0,
        "Reconciled Cost Of Revenue": 389861.0,
        "EBITDA": -750601.0,
        "EBIT": -1001584.0,
        "Net Interest Income": 20711.0,
        "Interest Income": 20711.0,
        "Normalized Income": -980873.0,
        "Net Income From Continuing And Discontinued Operation": -1014192.0,
        "Total Expenses": 3439953.0,
        "Total Operating Income As Reported": -1034903.0,
        "Diluted Average Shares": 18164217.0,
        "Basic Average Shares": 18164217.0,
        "Diluted EPS": -0.06,
        "Basic EPS": -0.06,
        "Diluted NI Availto Com Stockholders": -1014192.0,
        "Net Income Common Stockholders": -1014192.0,
        "Net Income": -1014192.0,
        "Net Income Including Noncontrolling Interests": -1014192.0,
        "Net Income Continuous Operations": -1014192.0,
        "Pretax Income": -1014192.0,
        "Other Income Expense": -33319.0,
        "Special Income Charges": -33319.0,
        "Impairment Of Capital Assets": 0.0,
        "Restructuring And Mergern Acquisition": 33319.0,
        "Net Non Operating Interest Income Expense": 20711.0,
        "Interest Income Non Operating": 20711.0,
        "Operating Income": -1001584.0,
        "Operating Expense": 2924650.0,
        "Depreciation Amortization Depletion Income Statement": 125541.0,
        "Depreciation And Amortization In Income Statement": 125541.0,
        "Amortization": 125541.0,
        "Amortization Of Intangibles Income Statement": 125541.0,
        "Research And Development": 1120522.0,
        "Selling General And Administration": 1678587.0,
        "Selling And Marketing Expense": 738875.0,
        "General And Administrative Expense": 939712.0,
        "Other Gand A": 939712.0,
        "Gross Profit": 1923066.0,
        "Cost Of Revenue": 515303.0,
        "Total Revenue": 2438369.0,
        "Operating Revenue": 2438369.0
    },
    "2024-12-31": {
        "Tax Effect Of Unusual Items": -5913.81,
        "Tax Rate For Calcs": 0.21,
        "Normalized EBITDA": 163785.0,
        "Total Unusual Items": -28161.0,
        "Total Unusual Items Excluding Goodwill": -28161.0,
        "Net Income From Continuing Operation Net Minority Interest": 25872.0,
        "Reconciled Depreciation": 21632.0,
        "Reconciled Cost Of Revenue": 1222911.0,
        "EBITDA": 135624.0,
        "EBIT": 35088.0,
        "Net Interest Income": 18945.0,
        "Interest Income": 18945.0,
        "Normalized Income": 48119.19,
        "Net Income From Continuing And Discontinued Operation": 25872.0,
        "Total Expenses": 3133846.0,
        "Total Operating Income As Reported": 6927.0,
        "Diluted Average Shares": 24521976.0,
        "Basic Average Shares": 18361274.0,
        "Diluted EPS": 0.0,
        "Basic EPS": 0.0,
        "Diluted NI Availto Com Stockholders": 25872.0,
        "Net Income Common Stockholders": 25872.0,
        "Net Income": 25872.0,
        "Net Income Including Noncontrolling Interests": 25872.0,
        "Net Income Continuous Operations": 25872.0,
        "Pretax Income": 25872.0,
        "Other Income Expense": -28161.0,
        "Special Income Charges": -28161.0,
        "Impairment Of Capital Assets": 0.0,
        "Restructuring And Mergern Acquisition": 28161.0,
        "Net Non Operating Interest Income Expense": 18945.0,
        "Interest Income Non Operating": 18945.0,
        "Operating Income": 35088.0,
        "Operating Expense": 1989839.0,
        "Depreciation Amortization Depletion Income Statement": 100536.0,
        "Depreciation And Amortization In Income Statement": 100536.0,
        "Amortization": 100536.0,
        "Amortization Of Intangibles Income Statement": 100536.0,
        "Research And Development": 659699.0,
        "Selling General And Administration": 1229604.0,
        "Selling And Marketing Expense": 384223.0,
        "General And Administrative Expense": 845381.0,
        "Other Gand A": 845381.0,
        "Gross Profit": 2024927.0,
        "Cost Of Revenue": 1144007.0,
        "Total Revenue": 3168934.0,
        "Operating Revenue": 3168934.0
    },
    "2025-03-31": {
        "Tax Effect Of Unusual Items": 0.0,
        "Tax Rate For Calcs": 0.0,
        "Normalized EBITDA": -1414787.0,
        "Total Unusual Items": -26012.0,
        "Total Unusual Items Excluding Goodwill": -26012.0,
        "Net Income From Continuing Operation Net Minority Interest": -1502202.0,
        "Reconciled Depreciation": 117852.0,
        "Reconciled Cost Of Revenue": 384894.0,
        "EBITDA": -1440799.0,
        "EBIT": -1558651.0,
        "Net Interest Income": 82461.0,
        "Interest Income": 82461.0,
        "Normalized Income": -1476190.0,
        "Net Income From Continuing And Discontinued Operation": -1502202.0,
        "Total Expenses": 2980886.0,
        "Total Operating Income As Reported": -1584663.0,
        "Diluted Average Shares": 20999445.0,
        "Basic Average Shares": 20999445.0,
        "Diluted EPS": -0.07,
        "Basic EPS": -0.07,
        "Diluted NI Availto Com Stockholders": -1502202.0,
        "Net Income Common Stockholders": -1502202.0,
        "Net Income": -1502202.0,
        "Net Income Including Noncontrolling Interests": -1502202.0,
        "Net Income Continuous Operations": -1502202.0,
        "Pretax Income": -1502202.0,
        "Other Income Expense": -26012.0,
        "Special Income Charges": -26012.0,
        "Impairment Of Capital Assets": 0.0,
        "Restructuring And Mergern Acquisition": 26012.0,
        "Net Non Operating Interest Income Expense": 82461.0,
        "Interest Income Non Operating": 82461.0,
        "Operating Income": -1558651.0,
        "Operating Expense": 2578677.0,
        "Depreciation Amortization Depletion Income Statement": 100537.0,
        "Depreciation And Amortization In Income Statement": 100537.0,
        "Amortization": 100537.0,
        "Amortization Of Intangibles Income Statement": 100537.0,
        "Research And Development": 829815.0,
        "Selling General And Administration": 1648325.0,
        "Selling And Marketing Expense": 483138.0,
        "General And Administrative Expense": 1165187.0,
        "Other Gand A": 1165187.0,
        "Gross Profit": 1020026.0,
        "Cost Of Revenue": 402209.0,
        "Total Revenue": 1422235.0,
        "Operating Revenue": 1422235.0
    }
}