{
    "2023-03-31": {
        "Tax Effect Of Unusual Items": NaN,
        "Tax Rate For Calcs": NaN,
        "Normalized EBITDA": NaN,
        "Total Unusual Items": NaN,
        "Total Unusual Items Excluding Goodwill": NaN,
        "Net Income From Continuing Operation Net Minority Interest": NaN,
        "Reconciled Depreciation": NaN,
        "Reconciled Cost Of Revenue": NaN,
        "EBITDA": NaN,
        "EBIT": NaN,
        "Net Interest Income": NaN,
        "Interest Expense": 42000.0,
        "Normalized Income": NaN,
        "Net Income From Continuing And Discontinued Operation": NaN,
        "Total Expenses": NaN,
        "Diluted Average Shares": NaN,
        "Basic Average Shares": NaN,
        "Diluted EPS": NaN,
        "Basic EPS": NaN,
        "Diluted NI Availto Com Stockholders": NaN,
        "Net Income Common Stockholders": NaN,
        "Net Income": NaN,
        "Net Income Including Noncontrolling Interests": NaN,
        "Net Income Continuous Operations": NaN,
        "Pretax Income": NaN,
        "Other Income Expense": NaN,
        "Other Non Operating Income Expenses": -2000.0,
        "Special Income Charges": NaN,
        "Impairment Of Capital Assets": NaN,
        "Restructuring And Mergern Acquisition": NaN,
        "Earnings From Equity Interest": NaN,
        "Gain On Sale Of Security": -32000.0,
        "Net Non Operating Interest Income Expense": NaN,
        "Total Other Finance Cost": 42000.0,
        "Interest Expense Non Operating": 42000.0,
        "Operating Income": NaN,
        "Operating Expense": NaN,
        "Other Operating Expenses": NaN,
        "Research And Development": NaN,
        "Selling General And Administration": NaN,
        "Selling And Marketing Expense": NaN,
        "General And Administrative Expense": NaN,
        "Other Gand A": NaN,
        "Gross Profit": NaN,
        "Cost Of Revenue": NaN,
        "Total Revenue": NaN,
        "Operating Revenue": NaN
    },
    "2022-12-31": {
        "Tax Effect Of Unusual Items": NaN,
        "Tax Rate For Calcs": NaN,
        "Normalized EBITDA": NaN,
        "Total Unusual Items": NaN,
        "Total Unusual Items Excluding Goodwill": NaN,
        "Net Income From Continuing Operation Net Minority Interest": NaN,
        "Reconciled Depreciation": NaN,
        "Reconciled Cost Of Revenue": NaN,
        "EBITDA": NaN,
        "EBIT": NaN,
        "Net Interest Income": NaN,
        "Interest Expense": NaN,
        "Normalized Income": NaN,
        "Net Income From Continuing And Discontinued Operation": NaN,
        "Total Expenses": NaN,
        "Diluted Average Shares": NaN,
        "Basic Average Shares": NaN,
        "Diluted EPS": NaN,
        "Basic EPS": NaN,
        "Diluted NI Availto Com Stockholders": NaN,
        "Net Income Common Stockholders": NaN,
        "Net Income": NaN,
        "Net Income Including Noncontrolling Interests": NaN,
        "Net Income Continuous Operations": NaN,
        "Pretax Income": NaN,
        "Other Income Expense": NaN,
        "Other Non Operating Income Expenses": 3000.0,
        "Special Income Charges": NaN,
        "Other Special Charges": 0.0,
        "Restructuring And Mergern Acquisition": NaN,
        "Earnings From Equity Interest": 27000.0,
        "Gain On Sale Of Security": NaN,
        "Net Non Operating Interest Income Expense": NaN,
        "Total Other Finance Cost": 34000.0,
        "Interest Expense Non Operating": NaN,
        "Operating Income": NaN,
        "Operating Expense": NaN,
        "Other Operating Expenses": NaN,
        "Research And Development": NaN,
        "Selling General And Administration": NaN,
        "Selling And Marketing Expense": NaN,
        "General And Administrative Expense": NaN,
        "Other Gand A": NaN,
        "Gross Profit": NaN,
        "Cost Of Revenue": NaN,
        "Total Revenue": NaN,
        "Operating Revenue": NaN
    },
    "2022-09-30": {
        "Tax Effect Of Unusual Items": NaN,
        "Tax Rate For Calcs": NaN,
        "Normalized EBITDA": NaN,
        "Total Unusual Items": NaN,
        "Total Unusual Items Excluding Goodwill": NaN,
        "Net Income From Continuing Operation Net Minority Interest": NaN,
        "Reconciled Depreciation": NaN,
        "Reconciled Cost Of Revenue": NaN,
        "EBITDA": NaN,
        "EBIT": NaN,
        "Net Interest Income": NaN,
        "Interest Expense": NaN,
        "Normalized Income": NaN,
        "Net Income From Continuing And Discontinued Operation": NaN,
        "Total Expenses": NaN,
        "Diluted Average Shares": NaN,
        "Basic Average Shares": NaN,
        "Diluted EPS": NaN,
        "Basic EPS": NaN,
        "Diluted NI Availto Com Stockholders": NaN,
        "Net Income Common Stockholders": NaN,
        "Net Income": NaN,
        "Net Income Including Noncontrolling Interests": NaN,
        "Net Income Continuous Operations": NaN,
        "Pretax Income": NaN,
        "Other Income Expense": NaN,
        "Other Non Operating Income Expenses": 25000.0,
        "Special Income Charges": NaN,
        "Other Special Charges": -326000.0,
        "Restructuring And Mergern Acquisition": 0.0,
        "Earnings From Equity Interest": -1000.0,
        "Gain On Sale Of Security": -1000.0,
        "Net Non Operating Interest Income Expense": NaN,
        "Total Other Finance Cost": 32000.0,
        "Interest Expense Non Operating": NaN,
        "Operating Income": NaN,
        "Operating Expense": NaN,
        "Other Operating Expenses": NaN,
        "Research And Development": NaN,
        "Selling General And Administration": NaN,
        "Selling And Marketing Expense": NaN,
        "General And Administrative Expense": NaN,
        "Other Gand A": NaN,
        "Gross Profit": NaN,
        "Cost Of Revenue": NaN,
        "Total Revenue": NaN,
        "Operating Revenue": NaN
    },
    "2022-06-30": {
        "Tax Effect Of Unusual Items": 0.0,
        "Tax Rate For Calcs": 0.0,
        "Normalized EBITDA": -1114000.0,
        "Total Unusual Items": 0.0,
        "Total Unusual Items Excluding Goodwill": 0.0,
        "Net Income From Continuing Operation Net Minority Interest": -12555000.0,
        "Reconciled Depreciation": 208000.0,
        "Reconciled Cost Of Revenue": 2812000.0,
        "EBITDA": -1114000.0,
        "EBIT": -1322000.0,
        "Net Interest Income": -23000.0,
        "Normalized Income": -12555000.0,
        "Net Income From Continuing And Discontinued Operation": -12555000.0,
        "Total Expenses": 5819000.0,
        "Diluted Average Shares": 8387662.0,
        "Basic Average Shares": 8387662.0,
        "Diluted EPS": -1.5,
        "Basic EPS": -1.5,
        "Diluted NI Availto Com Stockholders": -12555000.0,
        "Net Income Common Stockholders": -12555000.0,
        "Net Income": -12555000.0,
        "Net Income Including Noncontrolling Interests": -12555000.0,
        "Net Income Continuous Operations": -12555000.0,
        "Pretax Income": -12555000.0,
        "Other Income Expense": -11210000.0,
        "Other Non Operating Income Expenses": NaN,
        "Special Income Charges": 0.0,
        "Other Special Charges": NaN,
        "Restructuring And Mergern Acquisition": NaN,
        "Earnings From Equity Interest": -11210000.0,
        "Gain On Sale Of Security": NaN,
        "Net Non Operating Interest Income Expense": -23000.0,
        "Total Other Finance Cost": 23000.0,
        "Operating Income": -1322000.0,
        "Operating Expense": 3007000.0,
        "Research And Development": 25000.0,
        "Selling General And Administration": 2982000.0,
        "Selling And Marketing Expense": 447000.0,
        "General And Administrative Expense": 2535000.0,
        "Other Gand A": 2535000.0,
        "Gross Profit": 1685000.0,
        "Cost Of Revenue": 2812000.0,
        "Total Revenue": 4497000.0,
        "Operating Revenue": 4497000.0
    },
    "2022-03-31": {
        "Diluted EPS": -0.19,
        "Total Revenue": 0,
        "Gross Profit": 0,
        "Operating Income": -2,
        "EBIT": -2,
        "Net Income": -1
    },
    "2021-12-31": {
        "Diluted EPS": -0.09,
        "Total Revenue": 0,
        "Gross Profit": 0,
        "Operating Income": -1,
        "EBIT": -1,
        "Net Income": -1
    },
    "2021-09-30": {
        "Diluted EPS": 0.95,
        "Total Revenue": 0,
        "Gross Profit": 0,
        "Operating Income": -1,
        "EBIT": -1,
        "Net Income": 7
    },
    "2021-06-30": {
        "Diluted EPS": -0.18,
        "Total Revenue": 0,
        "Gross Profit": 0,
        "Operating Income": -1,
        "EBIT": -1,
        "Net Income": -1
    },
    "2021-03-31": {
        "Diluted EPS": -0.19,
        "Total Revenue": 0,
        "Gross Profit": 0,
        "Operating Income": -1,
        "EBIT": -1,
        "Net Income": -1
    },
    "2020-12-31": {
        "Diluted EPS": 0.23,
        "Total Revenue": 0,
        "Gross Profit": 0,
        "Operating Income": -1,
        "EBIT": -1,
        "Net Income": -1
    },
    "2020-09-30": {
        "Diluted EPS": -0.18,
        "Total Revenue": 0,
        "Gross Profit": 0,
        "Operating Income": -1,
        "EBIT": -1,
        "Net Income": -1
    },
    "2020-06-30": {
        "Diluted EPS": -1.04,
        "Total Revenue": 0,
        "Gross Profit": 0,
        "Operating Income": -1,
        "EBIT": 1,
        "Net Income": -3
    },
    "2020-03-31": {
        "Diluted EPS": -0.49,
        "Total Revenue": 0,
        "Gross Profit": 0,
        "Operating Income": -1,
        "EBIT": -1,
        "Net Income": -1
    },
    "2019-12-31": {
        "Diluted EPS": 0.0,
        "Total Revenue": 0,
        "Gross Profit": 0,
        "Operating Income": -1,
        "EBIT": 0,
        "Net Income": -1
    },
    "2019-09-30": {
        "Diluted EPS": -0.36,
        "Total Revenue": 0,
        "Gross Profit": 0,
        "Operating Income": -1,
        "EBIT": -1,
        "Net Income": -1
    },
    "2019-06-30": {
        "Diluted EPS": -0.34,
        "Total Revenue": 0,
        "Gross Profit": 0,
        "Operating Income": -1,
        "EBIT": -1,
        "Net Income": -1
    },
    "2019-03-31": {
        "Diluted EPS": -0.01,
        "Total Revenue": 0,
        "Gross Profit": 0,
        "Operating Income": -1,
        "EBIT": -1,
        "Net Income": -1
    },
    "2018-12-31": {
        "Diluted EPS": 0.0,
        "Total Revenue": NaN,
        "Gross Profit": NaN,
        "Operating Income": NaN,
        "EBIT": NaN,
        "Net Income": NaN
    },
    "2023-06-30": {
        "Tax Effect Of Unusual Items": NaN,
        "Tax Rate For Calcs": NaN,
        "Normalized EBITDA": NaN,
        "Total Unusual Items": NaN,
        "Total Unusual Items Excluding Goodwill": NaN,
        "Net Income From Continuing Operation Net Minority Interest": NaN,
        "Reconciled Depreciation": NaN,
        "Reconciled Cost Of Revenue": NaN,
        "EBITDA": NaN,
        "EBIT": NaN,
        "Net Interest Income": NaN,
        "Interest Expense": NaN,
        "Normalized Income": NaN,
        "Net Income From Continuing And Discontinued Operation": NaN,
        "Total Expenses": NaN,
        "Diluted Average Shares": NaN,
        "Basic Average Shares": NaN,
        "Diluted EPS": NaN,
        "Basic EPS": NaN,
        "Diluted NI Availto Com Stockholders": NaN,
        "Net Income Common Stockholders": NaN,
        "Net Income": NaN,
        "Net Income Including Noncontrolling Interests": NaN,
        "Net Income Continuous Operations": NaN,
        "Pretax Income": NaN,
        "Other Income Expense": NaN,
        "Special Income Charges": NaN,
        "Impairment Of Capital Assets": NaN,
        "Restructuring And Mergern Acquisition": NaN,
        "Earnings From Equity Interest": 0.0,
        "Gain On Sale Of Security": 30000.0,
        "Net Non Operating Interest Income Expense": NaN,
        "Total Other Finance Cost": 46000.0,
        "Interest Expense Non Operating": NaN,
        "Operating Income": NaN,
        "Operating Expense": NaN,
        "Other Operating Expenses": NaN,
        "Research And Development": NaN,
        "Selling General And Administration": NaN,
        "Selling And Marketing Expense": NaN,
        "General And Administrative Expense": NaN,
        "Other Gand A": NaN,
        "Gross Profit": NaN,
        "Cost Of Revenue": NaN,
        "Total Revenue": NaN,
        "Operating Revenue": NaN
    },
    "2023-09-30": {
        "Tax Effect Of Unusual Items": NaN,
        "Tax Rate For Calcs": NaN,
        "Normalized EBITDA": NaN,
        "Total Unusual Items": NaN,
        "Total Unusual Items Excluding Goodwill": NaN,
        "Net Income From Continuing Operation Net Minority Interest": NaN,
        "Reconciled Depreciation": NaN,
        "Reconciled Cost Of Revenue": NaN,
        "EBITDA": NaN,
        "EBIT": NaN,
        "Net Interest Income": NaN,
        "Interest Expense": 39000.0,
        "Normalized Income": NaN,
        "Net Income From Continuing And Discontinued Operation": NaN,
        "Total Expenses": NaN,
        "Diluted Average Shares": NaN,
        "Basic Average Shares": NaN,
        "Diluted EPS": NaN,
        "Basic EPS": NaN,
        "Diluted NI Availto Com Stockholders": NaN,
        "Net Income Common Stockholders": NaN,
        "Net Income": NaN,
        "Net Income Including Noncontrolling Interests": NaN,
        "Net Income Continuous Operations": NaN,
        "Pretax Income": NaN,
        "Other Income Expense": -36000.0,
        "Special Income Charges": NaN,
        "Impairment Of Capital Assets": 0.0,
        "Restructuring And Mergern Acquisition": NaN,
        "Net Non Operating Interest Income Expense": NaN,
        "Total Other Finance Cost": 39000.0,
        "Interest Expense Non Operating": 39000.0,
        "Operating Income": NaN,
        "Operating Expense": NaN,
        "Other Operating Expenses": NaN,
        "Research And Development": NaN,
        "Selling General And Administration": NaN,
        "Selling And Marketing Expense": NaN,
        "General And Administrative Expense": NaN,
        "Other Gand A": NaN,
        "Gross Profit": NaN,
        "Cost Of Revenue": NaN,
        "Total Revenue": NaN,
        "Operating Revenue": NaN
    },
    "2023-12-31": {
        "Tax Effect Of Unusual Items": NaN,
        "Tax Rate For Calcs": NaN,
        "Normalized EBITDA": NaN,
        "Total Unusual Items": NaN,
        "Total Unusual Items Excluding Goodwill": NaN,
        "Net Income From Continuing Operation Net Minority Interest": NaN,
        "Reconciled Depreciation": NaN,
        "Reconciled Cost Of Revenue": NaN,
        "EBITDA": NaN,
        "EBIT": NaN,
        "Net Interest Income": NaN,
        "Interest Expense": NaN,
        "Normalized Income": NaN,
        "Net Income From Continuing And Discontinued Operation": NaN,
        "Total Expenses": NaN,
        "Diluted Average Shares": NaN,
        "Basic Average Shares": NaN,
        "Diluted EPS": NaN,
        "Basic EPS": NaN,
        "Diluted NI Availto Com Stockholders": NaN,
        "Net Income Common Stockholders": NaN,
        "Net Income": NaN,
        "Net Income Including Noncontrolling Interests": NaN,
        "Net Income Continuous Operations": NaN,
        "Pretax Income": NaN,
        "Other Income Expense": -33000.0,
        "Other Non Operating Income Expenses": 0.0,
        "Special Income Charges": NaN,
        "Impairment Of Capital Assets": NaN,
        "Restructuring And Mergern Acquisition": NaN,
        "Net Non Operating Interest Income Expense": NaN,
        "Total Other Finance Cost": NaN,
        "Interest Expense Non Operating": NaN,
        "Operating Income": NaN,
        "Operating Expense": NaN,
        "Other Operating Expenses": NaN,
        "Research And Development": NaN,
        "Selling General And Administration": NaN,
        "Selling And Marketing Expense": NaN,
        "General And Administrative Expense": NaN,
        "Other Gand A": NaN,
        "Gross Profit": NaN,
        "Cost Of Revenue": NaN,
        "Total Revenue": NaN,
        "Operating Revenue": NaN
    },
    "2024-03-31": {
        "Tax Effect Of Unusual Items": 0.0,
        "Tax Rate For Calcs": 0.0,
        "Normalized EBITDA": -480000.0,
        "Total Unusual Items": 132000.0,
        "Total Unusual Items Excluding Goodwill": 132000.0,
        "Net Income From Continuing Operation Net Minority Interest": -553000.0,
        "Reconciled Depreciation": 299000.0,
        "Reconciled Cost Of Revenue": 3499000.0,
        "EBITDA": -348000.0,
        "EBIT": -647000.0,
        "Net Interest Income": -38000.0,
        "Interest Expense": 38000.0,
        "Normalized Income": -685000.0,
        "Net Income From Continuing And Discontinued Operation": -553000.0,
        "Total Expenses": 6406000.0,
        "Diluted Average Shares": 10073445.0,
        "Basic Average Shares": 10073445.0,
        "Diluted EPS": -0.05,
        "Basic EPS": -0.05,
        "Diluted NI Availto Com Stockholders": -553000.0,
        "Net Income Common Stockholders": -553000.0,
        "Net Income": -553000.0,
        "Net Income Including Noncontrolling Interests": -553000.0,
        "Net Income Continuous Operations": -553000.0,
        "Pretax Income": -553000.0,
        "Other Income Expense": 132000.0,
        "Special Income Charges": 132000.0,
        "Impairment Of Capital Assets": NaN,
        "Restructuring And Mergern Acquisition": -132000.0,
        "Net Non Operating Interest Income Expense": -38000.0,
        "Total Other Finance Cost": 38000.0,
        "Interest Expense Non Operating": 38000.0,
        "Operating Income": -647000.0,
        "Operating Expense": 2907000.0,
        "Other Operating Expenses": 1381000.0,
        "Research And Development": 55000.0,
        "Selling General And Administration": 1471000.0,
        "Selling And Marketing Expense": 350000.0,
        "General And Administrative Expense": 1121000.0,
        "Other Gand A": 1121000.0,
        "Gross Profit": 2260000.0,
        "Cost Of Revenue": 3499000.0,
        "Total Revenue": 5759000.0,
        "Operating Revenue": 5759000.0
    },
    "2024-06-30": {
        "Tax Effect Of Unusual Items": 0.0,
        "Tax Rate For Calcs": 0.0,
        "Normalized EBITDA": -468000.0,
        "Total Unusual Items": 232000.0,
        "Total Unusual Items Excluding Goodwill": 232000.0,
        "Net Income From Continuing Operation Net Minority Interest": -346000.0,
        "Reconciled Depreciation": 300000.0,
        "Reconciled Cost Of Revenue": 3262000.0,
        "EBITDA": -236000.0,
        "EBIT": -536000.0,
        "Net Interest Income": -42000.0,
        "Interest Expense": NaN,
        "Normalized Income": -578000.0,
        "Net Income From Continuing And Discontinued Operation": -346000.0,
        "Total Expenses": 5888000.0,
        "Diluted Average Shares": 10238717.0,
        "Basic Average Shares": 10238717.0,
        "Diluted EPS": -0.03,
        "Basic EPS": -0.03,
        "Diluted NI Availto Com Stockholders": -346000.0,
        "Net Income Common Stockholders": -346000.0,
        "Net Income": -346000.0,
        "Net Income Including Noncontrolling Interests": -346000.0,
        "Net Income Continuous Operations": -346000.0,
        "Pretax Income": -346000.0,
        "Other Income Expense": 232000.0,
        "Special Income Charges": 232000.0,
        "Impairment Of Capital Assets": NaN,
        "Restructuring And Mergern Acquisition": -232000.0,
        "Net Non Operating Interest Income Expense": -42000.0,
        "Total Other Finance Cost": 42000.0,
        "Interest Expense Non Operating": NaN,
        "Operating Income": -536000.0,
        "Operating Expense": 2626000.0,
        "Other Operating Expenses": 1517000.0,
        "Research And Development": 5000.0,
        "Selling General And Administration": 1104000.0,
        "Selling And Marketing Expense": 210000.0,
        "General And Administrative Expense": 894000.0,
        "Other Gand A": 894000.0,
        "Gross Profit": 2090000.0,
        "Cost Of Revenue": 3262000.0,
        "Total Revenue": 5352000.0,
        "Operating Revenue": 5352000.0
    },
    "2024-09-30": {
        "Tax Effect Of Unusual Items": 0.0,
        "Tax Rate For Calcs": 0.0,
        "Normalized EBITDA": -312000.0,
        "Total Unusual Items": -1777000.0,
        "Total Unusual Items Excluding Goodwill": -1777000.0,
        "Net Income From Continuing Operation Net Minority Interest": -2424000.0,
        "Reconciled Depreciation": 306000.0,
        "Reconciled Cost Of Revenue": 3540000.0,
        "EBITDA": -2089000.0,
        "EBIT": -2395000.0,
        "Net Interest Income": -29000.0,
        "Interest Expense": 29000.0,
        "Normalized Income": -647000.0,
        "Net Income From Continuing And Discontinued Operation": -2424000.0,
        "Total Expenses": 6053000.0,
        "Diluted Average Shares": 10603747.0,
        "Basic Average Shares": 10603747.0,
        "Diluted EPS": -0.23,
        "Basic EPS": -0.23,
        "Diluted NI Availto Com Stockholders": -2424000.0,
        "Net Income Common Stockholders": -2424000.0,
        "Net Income": -2424000.0,
        "Net Income Including Noncontrolling Interests": -2424000.0,
        "Net Income Continuous Operations": -2424000.0,
        "Pretax Income": -2424000.0,
        "Other Income Expense": -1777000.0,
        "Special Income Charges": -1777000.0,
        "Impairment Of Capital Assets": 2252000.0,
        "Restructuring And Mergern Acquisition": -475000.0,
        "Net Non Operating Interest Income Expense": -29000.0,
        "Total Other Finance Cost": NaN,
        "Interest Expense Non Operating": 29000.0,
        "Operating Income": -618000.0,
        "Operating Expense": 2513000.0,
        "Other Operating Expenses": 1329000.0,
        "Research And Development": 5000.0,
        "Selling General And Administration": 1179000.0,
        "Selling And Marketing Expense": 401000.0,
        "General And Administrative Expense": 778000.0,
        "Other Gand A": 778000.0,
        "Gross Profit": 1895000.0,
        "Cost Of Revenue": 3540000.0,
        "Total Revenue": 5435000.0,
        "Operating Revenue": 5435000.0
    },
    "2024-12-31": {
        "Tax Effect Of Unusual Items": 0.0,
        "Tax Rate For Calcs": 0.0,
        "Normalized EBITDA": 18000.0,
        "Total Unusual Items": -191000.0,
        "Total Unusual Items Excluding Goodwill": -191000.0,
        "Net Income From Continuing Operation Net Minority Interest": -501000.0,
        "Reconciled Depreciation": 307000.0,
        "Reconciled Cost Of Revenue": 5244000.0,
        "EBITDA": -173000.0,
        "EBIT": -480000.0,
        "Net Interest Income": -21000.0,
        "Interest Expense": 21000.0,
        "Normalized Income": -310000.0,
        "Net Income From Continuing And Discontinued Operation": -501000.0,
        "Total Expenses": 7948000.0,
        "Diluted Average Shares": 10471185.0,
        "Basic Average Shares": 10471185.0,
        "Diluted EPS": -0.05,
        "Basic EPS": -0.05,
        "Diluted NI Availto Com Stockholders": -501000.0,
        "Net Income Common Stockholders": -501000.0,
        "Net Income": -501000.0,
        "Net Income Including Noncontrolling Interests": -501000.0,
        "Net Income Continuous Operations": -501000.0,
        "Pretax Income": -501000.0,
        "Other Income Expense": -193000.0,
        "Special Income Charges": -191000.0,
        "Impairment Of Capital Assets": 50000.0,
        "Restructuring And Mergern Acquisition": -5000.0,
        "Net Non Operating Interest Income Expense": -21000.0,
        "Total Other Finance Cost": NaN,
        "Interest Expense Non Operating": 21000.0,
        "Operating Income": -287000.0,
        "Operating Expense": 2704000.0,
        "Other Operating Expenses": 1265000.0,
        "Research And Development": 5000.0,
        "Selling General And Administration": 1434000.0,
        "Selling And Marketing Expense": 362000.0,
        "General And Administrative Expense": 1072000.0,
        "Other Gand A": 1072000.0,
        "Gross Profit": 2417000.0,
        "Cost Of Revenue": 5244000.0,
        "Total Revenue": 7661000.0,
        "Operating Revenue": 7661000.0
    },
    "2025-03-31": {
        "Tax Effect Of Unusual Items": 0.0,
        "Tax Rate For Calcs": 0.0,
        "Normalized EBITDA": -307000.0,
        "Total Unusual Items": 0.0,
        "Total Unusual Items Excluding Goodwill": 0.0,
        "Net Income From Continuing Operation Net Minority Interest": -571000.0,
        "Reconciled Depreciation": 286000.0,
        "Reconciled Cost Of Revenue": 2965000.0,
        "EBITDA": -307000.0,
        "EBIT": -593000.0,
        "Net Interest Income": 22000.0,
        "Interest Expense": NaN,
        "Normalized Income": -571000.0,
        "Net Income From Continuing And Discontinued Operation": -571000.0,
        "Total Expenses": 5048000.0,
        "Diluted Average Shares": 12292150.0,
        "Basic Average Shares": 12292150.0,
        "Diluted EPS": -0.05,
        "Basic EPS": -0.05,
        "Diluted NI Availto Com Stockholders": -571000.0,
        "Net Income Common Stockholders": -571000.0,
        "Net Income": -571000.0,
        "Net Income Including Noncontrolling Interests": -571000.0,
        "Net Income Continuous Operations": -571000.0,
        "Pretax Income": -571000.0,
        "Other Income Expense": NaN,
        "Special Income Charges": 0.0,
        "Impairment Of Capital Assets": NaN,
        "Restructuring And Mergern Acquisition": 0.0,
        "Net Non Operating Interest Income Expense": 22000.0,
        "Total Other Finance Cost": -22000.0,
        "Interest Expense Non Operating": NaN,
        "Operating Income": -593000.0,
        "Operating Expense": 2083000.0,
        "Other Operating Expenses": 926000.0,
        "Research And Development": 5000.0,
        "Selling General And Administration": 1152000.0,
        "Selling And Marketing Expense": 296000.0,
        "General And Administrative Expense": 856000.0,
        "Other Gand A": 856000.0,
        "Gross Profit": 1490000.0,
        "Cost Of Revenue": 2965000.0,
        "Total Revenue": 4455000.0,
        "Operating Revenue": 4455000.0
    }
}