{
    "2024-03-31": {
        "Tax Effect Of Unusual Items": -163167268.491555,
        "Tax Rate For Calcs": 0.225587,
        "Normalized EBITDA": 613600000.0,
        "Total Unusual Items": -723300000.0,
        "Total Unusual Items Excluding Goodwill": -723300000.0,
        "Net Income From Continuing Operation Net Minority Interest": -398900000.0,
        "Reconciled Depreciation": 344100000.0,
        "Reconciled Cost Of Revenue": 487800000.0,
        "EBITDA": -109700000.0,
        "EBIT": -453800000.0,
        "Net Interest Income": -61300000.0,
        "Interest Expense": 61300000.0,
        "Normalized Income": 161232731.508445,
        "Net Income From Continuing And Discontinued Operation": -411700000.0,
        "Total Expenses": 868200000.0,
        "Diluted Average Shares": 619935208.0,
        "Basic Average Shares": 619935208.0,
        "Diluted EPS": -0.66,
        "Basic EPS": -0.66,
        "Diluted NI Availto Com Stockholders": -411700000.0,
        "Net Income Common Stockholders": -411700000.0,
        "Net Income": -411700000.0,
        "Net Income Including Noncontrolling Interests": -411700000.0,
        "Net Income Discontinuous Operations": -12800000.0,
        "Net Income Continuous Operations": -398900000.0,
        "Tax Provision": -116200000.0,
        "Pretax Income": -515100000.0,
        "Other Income Expense": -721800000.0,
        "Other Non Operating Income Expenses": 1500000.0,
        "Special Income Charges": -512300000.0,
        "Impairment Of Capital Assets": 512300000.0,
        "Gain On Sale Of Security": -211000000.0,
        "Net Non Operating Interest Income Expense": -61300000.0,
        "Total Other Finance Cost": NaN,
        "Interest Expense Non Operating": 61300000.0,
        "Operating Income": 268000000.0,
        "Operating Expense": 380400000.0,
        "Other Operating Expenses": 339600000.0,
        "Selling General And Administration": 40800000.0,
        "General And Administrative Expense": 40800000.0,
        "Other Gand A": 28600000.0,
        "Salaries And Wages": 12200000.0,
        "Gross Profit": 648400000.0,
        "Cost Of Revenue": 487800000.0,
        "Total Revenue": 1136200000.0,
        "Operating Revenue": 1136200000.0
    },
    "2023-12-31": {
        "Tax Effect Of Unusual Items": 32155075.428279,
        "Tax Rate For Calcs": 0.226285,
        "Normalized EBITDA": 512900000.0,
        "Total Unusual Items": 142100000.0,
        "Total Unusual Items Excluding Goodwill": 142100000.0,
        "Net Income From Continuing Operation Net Minority Interest": 302600000.0,
        "Reconciled Depreciation": 247900000.0,
        "Reconciled Cost Of Revenue": 374700000.0,
        "EBITDA": 655000000.0,
        "EBIT": 407100000.0,
        "Net Interest Income": -16000000.0,
        "Interest Expense": 16000000.0,
        "Normalized Income": 192655075.428279,
        "Net Income From Continuing And Discontinued Operation": 951200000.0,
        "Total Expenses": 698500000.0,
        "Diluted Average Shares": NaN,
        "Basic Average Shares": NaN,
        "Diluted EPS": NaN,
        "Basic EPS": NaN,
        "Diluted NI Availto Com Stockholders": 951200000.0,
        "Net Income Common Stockholders": 951200000.0,
        "Net Income": 951200000.0,
        "Net Income Including Noncontrolling Interests": 951200000.0,
        "Net Income Discontinuous Operations": 648600000.0,
        "Net Income Continuous Operations": 302600000.0,
        "Tax Provision": 88500000.0,
        "Pretax Income": 391100000.0,
        "Other Income Expense": 138300000.0,
        "Other Non Operating Income Expenses": -3800000.0,
        "Special Income Charges": -49100000.0,
        "Impairment Of Capital Assets": 48400000.0,
        "Gain On Sale Of Security": 191200000.0,
        "Net Non Operating Interest Income Expense": -16000000.0,
        "Total Other Finance Cost": NaN,
        "Interest Expense Non Operating": 16000000.0,
        "Operating Income": 268800000.0,
        "Operating Expense": 323800000.0,
        "Other Operating Expenses": 282600000.0,
        "Selling General And Administration": 41200000.0,
        "General And Administrative Expense": 41200000.0,
        "Other Gand A": 49300000.0,
        "Salaries And Wages": -8100000.0,
        "Gross Profit": 592600000.0,
        "Cost Of Revenue": 374700000.0,
        "Total Revenue": 967300000.0,
        "Operating Revenue": 967300000.0
    },
    "2023-09-30": {
        "Tax Effect Of Unusual Items": -31170378.619154,
        "Tax Rate For Calcs": 0.256125,
        "Normalized EBITDA": 672900000.0,
        "Total Unusual Items": -121700000.0,
        "Total Unusual Items Excluding Goodwill": -121700000.0,
        "Net Income From Continuing Operation Net Minority Interest": 133600000.0,
        "Reconciled Depreciation": 320900000.0,
        "Reconciled Cost Of Revenue": 358100000.0,
        "EBITDA": 551200000.0,
        "EBIT": 230300000.0,
        "Net Interest Income": -50700000.0,
        "Interest Expense": 50700000.0,
        "Normalized Income": 224129621.380846,
        "Net Income From Continuing And Discontinued Operation": -809900000.0,
        "Total Expenses": 657400000.0,
        "Diluted Average Shares": 536907203.0,
        "Basic Average Shares": 534259825.0,
        "Diluted EPS": -1.52,
        "Basic EPS": -1.52,
        "Diluted NI Availto Com Stockholders": -809900000.0,
        "Net Income Common Stockholders": -809900000.0,
        "Net Income": -809900000.0,
        "Net Income Including Noncontrolling Interests": -809900000.0,
        "Net Income Discontinuous Operations": -943500000.0,
        "Net Income Continuous Operations": 133600000.0,
        "Tax Provision": 46000000.0,
        "Pretax Income": 179600000.0,
        "Other Income Expense": -120600000.0,
        "Other Non Operating Income Expenses": 1100000.0,
        "Special Income Charges": -45400000.0,
        "Impairment Of Capital Assets": 45400000.0,
        "Gain On Sale Of Security": -76300000.0,
        "Net Non Operating Interest Income Expense": -50700000.0,
        "Total Other Finance Cost": 6900000.0,
        "Interest Expense Non Operating": 50700000.0,
        "Operating Income": 350900000.0,
        "Operating Expense": 299300000.0,
        "Other Operating Expenses": 260000000.0,
        "Selling General And Administration": 39300000.0,
        "General And Administrative Expense": 39300000.0,
        "Other Gand A": 16500000.0,
        "Salaries And Wages": 22800000.0,
        "Gross Profit": 650200000.0,
        "Cost Of Revenue": 358100000.0,
        "Total Revenue": 1008300000.0,
        "Operating Revenue": 1008300000.0
    },
    "2023-06-30": {
        "Tax Effect Of Unusual Items": NaN,
        "Tax Rate For Calcs": NaN,
        "Normalized EBITDA": NaN,
        "Total Unusual Items": NaN,
        "Total Unusual Items Excluding Goodwill": NaN,
        "Net Income From Continuing Operation Net Minority Interest": NaN,
        "Reconciled Depreciation": NaN,
        "Reconciled Cost Of Revenue": NaN,
        "EBITDA": NaN,
        "EBIT": NaN,
        "Net Interest Income": NaN,
        "Interest Expense": NaN,
        "Normalized Income": NaN,
        "Net Income From Continuing And Discontinued Operation": NaN,
        "Total Expenses": NaN,
        "Diluted Average Shares": 545347087.0,
        "Basic Average Shares": 542951203.0,
        "Diluted EPS": 0.39,
        "Basic EPS": 0.39,
        "Diluted NI Availto Com Stockholders": NaN,
        "Net Income Common Stockholders": NaN,
        "Net Income": NaN,
        "Net Income Including Noncontrolling Interests": NaN,
        "Net Income Discontinuous Operations": NaN,
        "Net Income Continuous Operations": NaN,
        "Tax Provision": NaN,
        "Pretax Income": NaN,
        "Other Income Expense": NaN,
        "Other Non Operating Income Expenses": NaN,
        "Special Income Charges": NaN,
        "Impairment Of Capital Assets": NaN,
        "Gain On Sale Of Security": NaN,
        "Net Non Operating Interest Income Expense": NaN,
        "Total Other Finance Cost": 6600000.0,
        "Interest Expense Non Operating": NaN,
        "Operating Income": NaN,
        "Operating Expense": NaN,
        "Other Operating Expenses": NaN,
        "Selling General And Administration": NaN,
        "General And Administrative Expense": NaN,
        "Other Gand A": NaN,
        "Salaries And Wages": NaN,
        "Gross Profit": NaN,
        "Cost Of Revenue": NaN,
        "Total Revenue": NaN,
        "Operating Revenue": NaN
    },
    "2023-03-31": {
        "Tax Effect Of Unusual Items": NaN,
        "Tax Rate For Calcs": NaN,
        "Normalized EBITDA": NaN,
        "Total Unusual Items": NaN,
        "Total Unusual Items Excluding Goodwill": NaN,
        "Net Income From Continuing Operation Net Minority Interest": NaN,
        "Reconciled Depreciation": NaN,
        "Reconciled Cost Of Revenue": NaN,
        "EBITDA": NaN,
        "EBIT": NaN,
        "Net Interest Income": NaN,
        "Interest Expense": NaN,
        "Normalized Income": NaN,
        "Net Income From Continuing And Discontinued Operation": NaN,
        "Total Expenses": NaN,
        "Diluted Average Shares": NaN,
        "Basic Average Shares": NaN,
        "Diluted EPS": NaN,
        "Basic EPS": NaN,
        "Diluted NI Availto Com Stockholders": NaN,
        "Net Income Common Stockholders": NaN,
        "Net Income": NaN,
        "Net Income Including Noncontrolling Interests": NaN,
        "Net Income Discontinuous Operations": NaN,
        "Net Income Continuous Operations": NaN,
        "Tax Provision": NaN,
        "Pretax Income": NaN,
        "Other Income Expense": NaN,
        "Other Non Operating Income Expenses": NaN,
        "Special Income Charges": NaN,
        "Impairment Of Capital Assets": NaN,
        "Gain On Sale Of Security": NaN,
        "Net Non Operating Interest Income Expense": NaN,
        "Total Other Finance Cost": 1300000.0,
        "Interest Expense Non Operating": NaN,
        "Operating Income": NaN,
        "Operating Expense": NaN,
        "Other Operating Expenses": NaN,
        "Selling General And Administration": NaN,
        "General And Administrative Expense": NaN,
        "Other Gand A": NaN,
        "Salaries And Wages": NaN,
        "Gross Profit": NaN,
        "Cost Of Revenue": NaN,
        "Total Revenue": NaN,
        "Operating Revenue": NaN
    },
    "2022-09-30": {
        "Tax Effect Of Unusual Items": NaN,
        "Tax Rate For Calcs": NaN,
        "Normalized EBITDA": NaN,
        "Total Unusual Items": NaN,
        "Total Unusual Items Excluding Goodwill": NaN,
        "Net Income From Continuing Operation Net Minority Interest": NaN,
        "Reconciled Depreciation": NaN,
        "Reconciled Cost Of Revenue": NaN,
        "EBITDA": NaN,
        "EBIT": NaN,
        "Net Interest Income": NaN,
        "Interest Expense": NaN,
        "Normalized Income": NaN,
        "Net Income From Continuing And Discontinued Operation": NaN,
        "Total Expenses": NaN,
        "Diluted Average Shares": 567435208.0,
        "Basic Average Shares": 563555121.0,
        "Diluted EPS": 0.82,
        "Basic EPS": 0.83,
        "Diluted NI Availto Com Stockholders": NaN,
        "Net Income Common Stockholders": NaN,
        "Net Income": NaN,
        "Net Income Including Noncontrolling Interests": NaN,
        "Net Income Discontinuous Operations": 51300000.0,
        "Net Income Continuous Operations": NaN,
        "Tax Provision": NaN,
        "Pretax Income": NaN,
        "Other Income Expense": NaN,
        "Other Non Operating Income Expenses": NaN,
        "Special Income Charges": NaN,
        "Impairment Of Capital Assets": NaN,
        "Restructuring And Mergern Acquisition": -23300000.0,
        "Gain On Sale Of Security": NaN,
        "Net Non Operating Interest Income Expense": NaN,
        "Total Other Finance Cost": 6500000.0,
        "Interest Expense Non Operating": NaN,
        "Operating Income": NaN,
        "Operating Expense": NaN,
        "Other Operating Expenses": NaN,
        "Selling General And Administration": NaN,
        "General And Administrative Expense": NaN,
        "Other Gand A": NaN,
        "Salaries And Wages": NaN,
        "Gross Profit": NaN,
        "Cost Of Revenue": NaN,
        "Total Revenue": NaN,
        "Operating Revenue": NaN
    },
    "2024-06-30": {
        "Tax Effect Of Unusual Items": 13363636.363636,
        "Tax Rate For Calcs": 0.219797,
        "Normalized EBITDA": 657800000.0,
        "Total Unusual Items": 60800000.0,
        "Total Unusual Items Excluding Goodwill": 60800000.0,
        "Net Income From Continuing Operation Net Minority Interest": 260900000.0,
        "Reconciled Depreciation": 322100000.0,
        "Reconciled Cost Of Revenue": 465300000.0,
        "EBITDA": 718600000.0,
        "EBIT": 396500000.0,
        "Net Interest Income": -62100000.0,
        "Interest Expense": 62100000.0,
        "Normalized Income": 213463636.363636,
        "Net Income From Continuing And Discontinued Operation": 261000000.0,
        "Total Expenses": 830800000.0,
        "Diluted Average Shares": 620295770.0,
        "Basic Average Shares": 618656186.0,
        "Diluted EPS": 0.42,
        "Basic EPS": 0.42,
        "Diluted NI Availto Com Stockholders": 261000000.0,
        "Net Income Common Stockholders": 261000000.0,
        "Net Income": 261000000.0,
        "Net Income Including Noncontrolling Interests": 261000000.0,
        "Net Income Discontinuous Operations": 100000.0,
        "Net Income Continuous Operations": 260900000.0,
        "Tax Provision": 73500000.0,
        "Pretax Income": 334400000.0,
        "Other Income Expense": 63200000.0,
        "Other Non Operating Income Expenses": 2400000.0,
        "Special Income Charges": 0.0,
        "Impairment Of Capital Assets": 0.0,
        "Gain On Sale Of Security": 60800000.0,
        "Net Non Operating Interest Income Expense": -62100000.0,
        "Total Other Finance Cost": NaN,
        "Interest Expense Non Operating": 62100000.0,
        "Operating Income": 333300000.0,
        "Operating Expense": 365500000.0,
        "Other Operating Expenses": 319200000.0,
        "Selling General And Administration": 46300000.0,
        "General And Administrative Expense": 46300000.0,
        "Other Gand A": 37900000.0,
        "Salaries And Wages": 8400000.0,
        "Gross Profit": 698800000.0,
        "Cost Of Revenue": 465300000.0,
        "Total Revenue": 1164100000.0,
        "Operating Revenue": 1164100000.0
    },
    "2024-09-30": {
        "Tax Effect Of Unusual Items": 48078964.667214,
        "Tax Rate For Calcs": 0.240756,
        "Normalized EBITDA": 551800000.0,
        "Total Unusual Items": 199700000.0,
        "Total Unusual Items Excluding Goodwill": 199700000.0,
        "Net Income From Continuing Operation Net Minority Interest": 277200000.0,
        "Reconciled Depreciation": 338100000.0,
        "Reconciled Cost Of Revenue": 481400000.0,
        "EBITDA": 751500000.0,
        "EBIT": 413400000.0,
        "Net Interest Income": -48300000.0,
        "Interest Expense": 48300000.0,
        "Normalized Income": 125578964.667214,
        "Net Income From Continuing And Discontinued Operation": 277200000.0,
        "Total Expenses": 805600000.0,
        "Diluted Average Shares": 617471282.0,
        "Basic Average Shares": 616584965.0,
        "Diluted EPS": 0.45,
        "Basic EPS": 0.45,
        "Diluted NI Availto Com Stockholders": 277200000.0,
        "Net Income Common Stockholders": 277200000.0,
        "Net Income": 277200000.0,
        "Net Income Including Noncontrolling Interests": 277200000.0,
        "Net Income Discontinuous Operations": 0.0,
        "Net Income Continuous Operations": 277200000.0,
        "Tax Provision": 87900000.0,
        "Pretax Income": 365100000.0,
        "Other Income Expense": 190900000.0,
        "Other Non Operating Income Expenses": -8800000.0,
        "Special Income Charges": 0.0,
        "Impairment Of Capital Assets": 0.0,
        "Gain On Sale Of Security": 199700000.0,
        "Net Non Operating Interest Income Expense": -48300000.0,
        "Total Other Finance Cost": NaN,
        "Interest Expense Non Operating": 48300000.0,
        "Operating Income": 222500000.0,
        "Operating Expense": 324200000.0,
        "Other Operating Expenses": 305200000.0,
        "Selling General And Administration": 19000000.0,
        "General And Administrative Expense": 19000000.0,
        "Other Gand A": 20900000.0,
        "Salaries And Wages": -1900000.0,
        "Gross Profit": 546700000.0,
        "Cost Of Revenue": 481400000.0,
        "Total Revenue": 1028100000.0,
        "Operating Revenue": 1028100000.0
    }
}