{
    "2023-03-31": {
        "Tax Effect Of Unusual Items": NaN,
        "Tax Rate For Calcs": NaN,
        "Normalized EBITDA": NaN,
        "Total Unusual Items": NaN,
        "Total Unusual Items Excluding Goodwill": NaN,
        "Net Income From Continuing Operation Net Minority Interest": NaN,
        "Reconciled Depreciation": NaN,
        "Reconciled Cost Of Revenue": NaN,
        "EBITDA": NaN,
        "EBIT": NaN,
        "Net Interest Income": NaN,
        "Interest Expense": NaN,
        "Normalized Income": NaN,
        "Net Income From Continuing And Discontinued Operation": NaN,
        "Total Expenses": NaN,
        "Total Operating Income As Reported": NaN,
        "Diluted Average Shares": NaN,
        "Basic Average Shares": NaN,
        "Diluted EPS": NaN,
        "Basic EPS": NaN,
        "Diluted NI Availto Com Stockholders": NaN,
        "Average Dilution Earnings": -4200000.0,
        "Net Income Common Stockholders": NaN,
        "Net Income": NaN,
        "Net Income Including Noncontrolling Interests": NaN,
        "Net Income Continuous Operations": NaN,
        "Tax Provision": NaN,
        "Pretax Income": NaN,
        "Other Income Expense": NaN,
        "Special Income Charges": NaN,
        "Other Special Charges": NaN,
        "Restructuring And Mergern Acquisition": NaN,
        "Gain On Sale Of Security": NaN,
        "Net Non Operating Interest Income Expense": NaN,
        "Interest Expense Non Operating": NaN,
        "Operating Income": NaN,
        "Operating Expense": NaN,
        "Other Operating Expenses": NaN,
        "Depreciation Amortization Depletion Income Statement": NaN,
        "Depreciation And Amortization In Income Statement": NaN,
        "Amortization": NaN,
        "Amortization Of Intangibles Income Statement": NaN,
        "Selling General And Administration": NaN,
        "Gross Profit": NaN,
        "Cost Of Revenue": NaN,
        "Total Revenue": NaN,
        "Operating Revenue": NaN
    },
    "2022-12-31": {
        "Tax Effect Of Unusual Items": NaN,
        "Tax Rate For Calcs": NaN,
        "Normalized EBITDA": NaN,
        "Total Unusual Items": NaN,
        "Total Unusual Items Excluding Goodwill": NaN,
        "Net Income From Continuing Operation Net Minority Interest": NaN,
        "Reconciled Depreciation": NaN,
        "Reconciled Cost Of Revenue": NaN,
        "EBITDA": NaN,
        "EBIT": NaN,
        "Net Interest Income": NaN,
        "Interest Expense": NaN,
        "Normalized Income": NaN,
        "Net Income From Continuing And Discontinued Operation": NaN,
        "Total Expenses": NaN,
        "Total Operating Income As Reported": NaN,
        "Diluted Average Shares": NaN,
        "Basic Average Shares": NaN,
        "Diluted EPS": NaN,
        "Basic EPS": NaN,
        "Diluted NI Availto Com Stockholders": NaN,
        "Average Dilution Earnings": NaN,
        "Net Income Common Stockholders": NaN,
        "Net Income": NaN,
        "Net Income Including Noncontrolling Interests": NaN,
        "Net Income Continuous Operations": NaN,
        "Tax Provision": NaN,
        "Pretax Income": NaN,
        "Other Income Expense": NaN,
        "Special Income Charges": NaN,
        "Restructuring And Mergern Acquisition": NaN,
        "Gain On Sale Of Security": NaN,
        "Net Non Operating Interest Income Expense": NaN,
        "Interest Expense Non Operating": NaN,
        "Operating Income": NaN,
        "Operating Expense": NaN,
        "Other Operating Expenses": -4600000.0,
        "Depreciation Amortization Depletion Income Statement": NaN,
        "Depreciation And Amortization In Income Statement": NaN,
        "Amortization": NaN,
        "Amortization Of Intangibles Income Statement": NaN,
        "Selling General And Administration": NaN,
        "Gross Profit": NaN,
        "Cost Of Revenue": NaN,
        "Total Revenue": NaN,
        "Operating Revenue": NaN
    },
    "2022-09-30": {
        "Tax Effect Of Unusual Items": NaN,
        "Tax Rate For Calcs": NaN,
        "Normalized EBITDA": NaN,
        "Total Unusual Items": NaN,
        "Total Unusual Items Excluding Goodwill": NaN,
        "Net Income From Continuing Operation Net Minority Interest": NaN,
        "Reconciled Depreciation": NaN,
        "Reconciled Cost Of Revenue": NaN,
        "EBITDA": NaN,
        "EBIT": NaN,
        "Net Interest Income": NaN,
        "Interest Expense": NaN,
        "Normalized Income": NaN,
        "Net Income From Continuing And Discontinued Operation": NaN,
        "Total Expenses": NaN,
        "Total Operating Income As Reported": NaN,
        "Diluted Average Shares": NaN,
        "Basic Average Shares": NaN,
        "Diluted EPS": NaN,
        "Basic EPS": NaN,
        "Diluted NI Availto Com Stockholders": NaN,
        "Average Dilution Earnings": NaN,
        "Net Income Common Stockholders": NaN,
        "Net Income": NaN,
        "Net Income Including Noncontrolling Interests": NaN,
        "Net Income Continuous Operations": NaN,
        "Tax Provision": NaN,
        "Pretax Income": NaN,
        "Other Income Expense": NaN,
        "Special Income Charges": NaN,
        "Write Off": 0.0,
        "Restructuring And Mergern Acquisition": NaN,
        "Gain On Sale Of Security": NaN,
        "Net Non Operating Interest Income Expense": NaN,
        "Interest Expense Non Operating": NaN,
        "Operating Income": NaN,
        "Operating Expense": NaN,
        "Other Operating Expenses": NaN,
        "Depreciation Amortization Depletion Income Statement": NaN,
        "Depreciation And Amortization In Income Statement": NaN,
        "Amortization": NaN,
        "Amortization Of Intangibles Income Statement": NaN,
        "Selling General And Administration": NaN,
        "Gross Profit": NaN,
        "Cost Of Revenue": NaN,
        "Total Revenue": NaN,
        "Operating Revenue": NaN
    },
    "2022-06-30": {
        "Tax Effect Of Unusual Items": 12672000.0,
        "Tax Rate For Calcs": 0.36,
        "Normalized EBITDA": 106900000.0,
        "Total Unusual Items": 35200000.0,
        "Total Unusual Items Excluding Goodwill": 35200000.0,
        "Net Income From Continuing Operation Net Minority Interest": 20300000.0,
        "Reconciled Depreciation": 77000000.0,
        "Reconciled Cost Of Revenue": 1006700000.0,
        "EBITDA": 142100000.0,
        "EBIT": 65100000.0,
        "Net Interest Income": -33400000.0,
        "Interest Expense": 33400000.0,
        "Normalized Income": -2228000.0,
        "Net Income From Continuing And Discontinued Operation": 20300000.0,
        "Total Expenses": 1369500000.0,
        "Total Operating Income As Reported": 26200000.0,
        "Diluted Average Shares": 377257854.0,
        "Basic Average Shares": 376594660.0,
        "Diluted EPS": 0.05,
        "Basic EPS": 0.05,
        "Diluted NI Availto Com Stockholders": 20300000.0,
        "Average Dilution Earnings": 0.0,
        "Net Income Common Stockholders": 20300000.0,
        "Net Income": 20300000.0,
        "Net Income Including Noncontrolling Interests": 20300000.0,
        "Net Income Continuous Operations": 20300000.0,
        "Tax Provision": 11400000.0,
        "Pretax Income": 31700000.0,
        "Other Income Expense": 35200000.0,
        "Special Income Charges": -800000.0,
        "Write Off": NaN,
        "Impairment Of Capital Assets": NaN,
        "Restructuring And Mergern Acquisition": 800000.0,
        "Gain On Sale Of Security": 36000000.0,
        "Net Non Operating Interest Income Expense": -33400000.0,
        "Interest Expense Non Operating": 33400000.0,
        "Operating Income": 29900000.0,
        "Operating Expense": 341600000.0,
        "Other Operating Expenses": -1800000.0,
        "Depreciation Amortization Depletion Income Statement": 55800000.0,
        "Depreciation And Amortization In Income Statement": 55800000.0,
        "Amortization": 55800000.0,
        "Amortization Of Intangibles Income Statement": 55800000.0,
        "Selling General And Administration": 287600000.0,
        "Gross Profit": 371500000.0,
        "Cost Of Revenue": 1027900000.0,
        "Total Revenue": 1399400000.0,
        "Operating Revenue": 1399400000.0
    },
    "2023-06-30": {
        "Tax Effect Of Unusual Items": NaN,
        "Tax Rate For Calcs": NaN,
        "Normalized EBITDA": NaN,
        "Total Unusual Items": NaN,
        "Total Unusual Items Excluding Goodwill": NaN,
        "Net Income From Continuing Operation Net Minority Interest": NaN,
        "Reconciled Depreciation": NaN,
        "Reconciled Cost Of Revenue": NaN,
        "EBITDA": NaN,
        "EBIT": NaN,
        "Net Interest Income": NaN,
        "Interest Expense": NaN,
        "Normalized Income": NaN,
        "Net Income From Continuing And Discontinued Operation": NaN,
        "Total Expenses": NaN,
        "Total Operating Income As Reported": NaN,
        "Diluted Average Shares": NaN,
        "Basic Average Shares": NaN,
        "Diluted EPS": NaN,
        "Basic EPS": NaN,
        "Diluted NI Availto Com Stockholders": NaN,
        "Average Dilution Earnings": 0.0,
        "Net Income Common Stockholders": NaN,
        "Net Income": NaN,
        "Net Income Including Noncontrolling Interests": NaN,
        "Net Income Continuous Operations": NaN,
        "Tax Provision": NaN,
        "Pretax Income": NaN,
        "Other Income Expense": NaN,
        "Special Income Charges": NaN,
        "Other Special Charges": NaN,
        "Restructuring And Mergern Acquisition": NaN,
        "Gain On Sale Of Security": NaN,
        "Net Non Operating Interest Income Expense": NaN,
        "Interest Expense Non Operating": NaN,
        "Operating Income": NaN,
        "Operating Expense": NaN,
        "Other Operating Expenses": NaN,
        "Depreciation Amortization Depletion Income Statement": NaN,
        "Depreciation And Amortization In Income Statement": NaN,
        "Amortization": NaN,
        "Amortization Of Intangibles Income Statement": NaN,
        "Selling General And Administration": NaN,
        "Gross Profit": NaN,
        "Cost Of Revenue": NaN,
        "Total Revenue": NaN,
        "Operating Revenue": NaN
    },
    "2022-03-31": {
        "Diluted EPS": -0.23,
        "Total Revenue": NaN,
        "Gross Profit": 304,
        "Operating Income": -45,
        "EBIT": 36,
        "Net Income": 9
    },
    "2021-12-31": {
        "Diluted EPS": 0.06,
        "Total Revenue": NaN,
        "Gross Profit": 374,
        "Operating Income": -4,
        "EBIT": 68,
        "Net Income": 22
    },
    "2021-09-30": {
        "Diluted EPS": 0.15,
        "Total Revenue": NaN,
        "Gross Profit": 382,
        "Operating Income": 82,
        "EBIT": 135,
        "Net Income": 56
    },
    "2021-06-30": {
        "Diluted EPS": 0.03,
        "Total Revenue": NaN,
        "Gross Profit": 409,
        "Operating Income": 102,
        "EBIT": 157,
        "Net Income": 10
    },
    "2021-03-31": {
        "Diluted EPS": 0.09,
        "Total Revenue": NaN,
        "Gross Profit": 358,
        "Operating Income": 80,
        "EBIT": 134,
        "Net Income": 32
    },
    "2020-12-31": {
        "Diluted EPS": 0.29,
        "Total Revenue": NaN,
        "Gross Profit": 427,
        "Operating Income": 120,
        "EBIT": 174,
        "Net Income": 41
    },
    "2020-09-30": {
        "Diluted EPS": -0.32,
        "Total Revenue": NaN,
        "Gross Profit": 413,
        "Operating Income": 35,
        "EBIT": 87,
        "Net Income": -104
    },
    "2020-06-30": {
        "Diluted EPS": -0.17,
        "Total Revenue": NaN,
        "Gross Profit": 346,
        "Operating Income": 71,
        "EBIT": 122,
        "Net Income": -56
    },
    "2020-03-31": {
        "Diluted EPS": -0.87,
        "Total Revenue": 897,
        "Gross Profit": 287,
        "Operating Income": -12,
        "EBIT": 44,
        "Net Income": -208
    },
    "2019-12-31": {
        "Diluted EPS": -0.28,
        "Total Revenue": NaN,
        "Gross Profit": 387,
        "Operating Income": -51,
        "EBIT": 7,
        "Net Income": -34
    },
    "2019-09-30": {
        "Diluted EPS": -0.12,
        "Total Revenue": NaN,
        "Gross Profit": 351,
        "Operating Income": 92,
        "EBIT": 150,
        "Net Income": -14
    },
    "2019-06-30": {
        "Diluted EPS": -0.16,
        "Total Revenue": NaN,
        "Gross Profit": 367,
        "Operating Income": 104,
        "EBIT": 162,
        "Net Income": -19
    },
    "2019-03-31": {
        "Diluted EPS": -0.63,
        "Total Revenue": NaN,
        "Gross Profit": 347,
        "Operating Income": 61,
        "EBIT": 118,
        "Net Income": -74
    },
    "2018-12-31": {
        "Diluted EPS": -2.68,
        "Total Revenue": NaN,
        "Gross Profit": NaN,
        "Operating Income": NaN,
        "EBIT": NaN,
        "Net Income": -317
    },
    "2018-09-30": {
        "Diluted EPS": 0.03,
        "Total Revenue": NaN,
        "Gross Profit": NaN,
        "Operating Income": 3,
        "EBIT": 3,
        "Net Income": 2
    },
    "2018-06-30": {
        "Diluted EPS": 0.0,
        "Total Revenue": NaN,
        "Gross Profit": NaN,
        "Operating Income": 0,
        "EBIT": 0,
        "Net Income": 0
    },
    "2018-03-31": {
        "Diluted EPS": 0.0,
        "Total Revenue": NaN,
        "Gross Profit": NaN,
        "Operating Income": 0,
        "EBIT": 0,
        "Net Income": 0
    },
    "2017-12-31": {
        "Diluted EPS": 0.0,
        "Total Revenue": NaN,
        "Gross Profit": NaN,
        "Operating Income": NaN,
        "EBIT": NaN,
        "Net Income": NaN
    },
    "2017-09-30": {
        "Diluted EPS": 0.0,
        "Total Revenue": NaN,
        "Gross Profit": NaN,
        "Operating Income": NaN,
        "EBIT": NaN,
        "Net Income": NaN
    },
    "2017-06-30": {
        "Diluted EPS": 0.0,
        "Total Revenue": NaN,
        "Gross Profit": NaN,
        "Operating Income": NaN,
        "EBIT": NaN,
        "Net Income": NaN
    },
    "2016-12-31": {
        "Diluted EPS": 0.0,
        "Total Revenue": NaN,
        "Gross Profit": NaN,
        "Operating Income": NaN,
        "EBIT": NaN,
        "Net Income": NaN
    },
    "2023-09-30": {
        "Tax Effect Of Unusual Items": NaN,
        "Tax Rate For Calcs": NaN,
        "Normalized EBITDA": NaN,
        "Total Unusual Items": NaN,
        "Total Unusual Items Excluding Goodwill": NaN,
        "Net Income From Continuing Operation Net Minority Interest": NaN,
        "Reconciled Depreciation": NaN,
        "Reconciled Cost Of Revenue": NaN,
        "EBITDA": NaN,
        "EBIT": NaN,
        "Net Interest Income": NaN,
        "Interest Expense": NaN,
        "Normalized Income": NaN,
        "Net Income From Continuing And Discontinued Operation": NaN,
        "Total Expenses": NaN,
        "Total Operating Income As Reported": NaN,
        "Diluted Average Shares": NaN,
        "Basic Average Shares": NaN,
        "Diluted EPS": NaN,
        "Basic EPS": NaN,
        "Diluted NI Availto Com Stockholders": NaN,
        "Average Dilution Earnings": 0.0,
        "Net Income Common Stockholders": NaN,
        "Net Income": NaN,
        "Net Income Including Noncontrolling Interests": NaN,
        "Net Income Continuous Operations": NaN,
        "Tax Provision": NaN,
        "Pretax Income": NaN,
        "Other Income Expense": NaN,
        "Special Income Charges": NaN,
        "Other Special Charges": NaN,
        "Restructuring And Mergern Acquisition": NaN,
        "Gain On Sale Of Security": NaN,
        "Net Non Operating Interest Income Expense": NaN,
        "Interest Expense Non Operating": NaN,
        "Operating Income": NaN,
        "Operating Expense": NaN,
        "Other Operating Expenses": NaN,
        "Depreciation Amortization Depletion Income Statement": NaN,
        "Depreciation And Amortization In Income Statement": NaN,
        "Amortization": NaN,
        "Amortization Of Intangibles Income Statement": NaN,
        "Selling General And Administration": NaN,
        "Gross Profit": NaN,
        "Cost Of Revenue": NaN,
        "Total Revenue": NaN,
        "Operating Revenue": NaN
    },
    "2023-12-31": {
        "Tax Effect Of Unusual Items": NaN,
        "Tax Rate For Calcs": NaN,
        "Normalized EBITDA": NaN,
        "Total Unusual Items": NaN,
        "Total Unusual Items Excluding Goodwill": NaN,
        "Net Income From Continuing Operation Net Minority Interest": NaN,
        "Reconciled Depreciation": NaN,
        "Reconciled Cost Of Revenue": NaN,
        "EBITDA": NaN,
        "EBIT": NaN,
        "Net Interest Income": NaN,
        "Interest Expense": NaN,
        "Normalized Income": NaN,
        "Net Income From Continuing And Discontinued Operation": NaN,
        "Total Expenses": NaN,
        "Total Operating Income As Reported": NaN,
        "Diluted Average Shares": NaN,
        "Basic Average Shares": NaN,
        "Diluted EPS": NaN,
        "Basic EPS": NaN,
        "Diluted NI Availto Com Stockholders": NaN,
        "Average Dilution Earnings": 0.0,
        "Net Income Common Stockholders": NaN,
        "Net Income": NaN,
        "Net Income Including Noncontrolling Interests": NaN,
        "Net Income Continuous Operations": NaN,
        "Tax Provision": NaN,
        "Pretax Income": NaN,
        "Other Income Expense": NaN,
        "Special Income Charges": NaN,
        "Other Special Charges": NaN,
        "Restructuring And Mergern Acquisition": NaN,
        "Gain On Sale Of Security": NaN,
        "Net Non Operating Interest Income Expense": NaN,
        "Interest Expense Non Operating": NaN,
        "Operating Income": NaN,
        "Operating Expense": NaN,
        "Other Operating Expenses": NaN,
        "Depreciation Amortization Depletion Income Statement": NaN,
        "Depreciation And Amortization In Income Statement": NaN,
        "Amortization": NaN,
        "Amortization Of Intangibles Income Statement": NaN,
        "Selling General And Administration": NaN,
        "Gross Profit": NaN,
        "Cost Of Revenue": NaN,
        "Total Revenue": NaN,
        "Operating Revenue": NaN
    },
    "2024-03-31": {
        "Tax Effect Of Unusual Items": -37821000.0,
        "Tax Rate For Calcs": 0.21,
        "Normalized EBITDA": 274800000.0,
        "Total Unusual Items": -180100000.0,
        "Total Unusual Items Excluding Goodwill": -180100000.0,
        "Net Income From Continuing Operation Net Minority Interest": -5900000.0,
        "Reconciled Depreciation": 68700000.0,
        "Reconciled Cost Of Revenue": 1050000000.0,
        "EBITDA": 94700000.0,
        "EBIT": 26000000.0,
        "Net Interest Income": -39000000.0,
        "Interest Expense": 39000000.0,
        "Normalized Income": 136379000.0,
        "Net Income From Continuing And Discontinued Operation": -5900000.0,
        "Total Expenses": 1433000000.0,
        "Total Operating Income As Reported": 202600000.0,
        "Diluted Average Shares": 379135184.0,
        "Basic Average Shares": 379135184.0,
        "Diluted EPS": -0.02,
        "Basic EPS": -0.02,
        "Diluted NI Availto Com Stockholders": -5900000.0,
        "Average Dilution Earnings": 0.0,
        "Net Income Common Stockholders": -5900000.0,
        "Net Income": -5900000.0,
        "Net Income Including Noncontrolling Interests": -5900000.0,
        "Net Income Continuous Operations": -5900000.0,
        "Tax Provision": -7100000.0,
        "Pretax Income": -13000000.0,
        "Other Income Expense": -180100000.0,
        "Special Income Charges": -300000.0,
        "Other Special Charges": NaN,
        "Restructuring And Mergern Acquisition": 300000.0,
        "Gain On Sale Of Security": -179800000.0,
        "Net Non Operating Interest Income Expense": -39000000.0,
        "Interest Expense Non Operating": 39000000.0,
        "Operating Income": 206100000.0,
        "Operating Expense": 360300000.0,
        "Other Operating Expenses": 300000.0,
        "Depreciation Amortization Depletion Income Statement": 46000000.0,
        "Depreciation And Amortization In Income Statement": 46000000.0,
        "Amortization": 46000000.0,
        "Amortization Of Intangibles Income Statement": 46000000.0,
        "Selling General And Administration": 314000000.0,
        "Gross Profit": 566400000.0,
        "Cost Of Revenue": 1072700000.0,
        "Total Revenue": 1639100000.0,
        "Operating Revenue": 1639100000.0
    },
    "2024-06-30": {
        "Tax Effect Of Unusual Items": -7913400.0,
        "Tax Rate For Calcs": 0.327,
        "Normalized EBITDA": 402100000.0,
        "Total Unusual Items": -24200000.0,
        "Total Unusual Items Excluding Goodwill": -24200000.0,
        "Net Income From Continuing Operation Net Minority Interest": 178100000.0,
        "Reconciled Depreciation": 68400000.0,
        "Reconciled Cost Of Revenue": 1189000000.0,
        "EBITDA": 377900000.0,
        "EBIT": 309500000.0,
        "Net Interest Income": -44800000.0,
        "Interest Expense": 44800000.0,
        "Normalized Income": 194386600.0,
        "Net Income From Continuing And Discontinued Operation": 178100000.0,
        "Total Expenses": 1619100000.0,
        "Total Operating Income As Reported": 336000000.0,
        "Diluted Average Shares": 384488069.0,
        "Basic Average Shares": 374734093.0,
        "Diluted EPS": 0.46,
        "Basic EPS": 0.48,
        "Diluted NI Availto Com Stockholders": 178100000.0,
        "Average Dilution Earnings": NaN,
        "Net Income Common Stockholders": 178100000.0,
        "Net Income": 178100000.0,
        "Net Income Including Noncontrolling Interests": 178100000.0,
        "Net Income Continuous Operations": 178100000.0,
        "Tax Provision": 86600000.0,
        "Pretax Income": 264700000.0,
        "Other Income Expense": -24200000.0,
        "Special Income Charges": 1400000.0,
        "Other Special Charges": 1100000.0,
        "Restructuring And Mergern Acquisition": -2500000.0,
        "Gain On Sale Of Security": -25600000.0,
        "Net Non Operating Interest Income Expense": -44800000.0,
        "Interest Expense Non Operating": 44800000.0,
        "Operating Income": 333700000.0,
        "Operating Expense": 407500000.0,
        "Other Operating Expenses": -2100000.0,
        "Depreciation Amortization Depletion Income Statement": 45800000.0,
        "Depreciation And Amortization In Income Statement": 45800000.0,
        "Amortization": 45800000.0,
        "Amortization Of Intangibles Income Statement": 45800000.0,
        "Selling General And Administration": 363800000.0,
        "Gross Profit": 741200000.0,
        "Cost Of Revenue": 1211600000.0,
        "Total Revenue": 1952800000.0,
        "Operating Revenue": 1952800000.0
    },
    "2024-09-30": {
        "Tax Effect Of Unusual Items": -26949600.0,
        "Tax Rate For Calcs": 0.342,
        "Normalized EBITDA": 452100000.0,
        "Total Unusual Items": -78800000.0,
        "Total Unusual Items Excluding Goodwill": -78800000.0,
        "Net Income From Continuing Operation Net Minority Interest": 176600000.0,
        "Reconciled Depreciation": 68900000.0,
        "Reconciled Cost Of Revenue": 1293500000.0,
        "EBITDA": 373300000.0,
        "EBIT": 304400000.0,
        "Net Interest Income": -35900000.0,
        "Interest Expense": 35900000.0,
        "Normalized Income": 228450400.0,
        "Net Income From Continuing And Discontinued Operation": 176600000.0,
        "Total Expenses": 1690300000.0,
        "Total Operating Income As Reported": 371600000.0,
        "Diluted Average Shares": 384316065.0,
        "Basic Average Shares": 375203364.0,
        "Diluted EPS": 0.46,
        "Basic EPS": 0.47,
        "Diluted NI Availto Com Stockholders": 176600000.0,
        "Average Dilution Earnings": NaN,
        "Net Income Common Stockholders": 176600000.0,
        "Net Income": 176600000.0,
        "Net Income Including Noncontrolling Interests": 176600000.0,
        "Net Income Continuous Operations": 176600000.0,
        "Tax Provision": 91900000.0,
        "Pretax Income": 268500000.0,
        "Other Income Expense": -78800000.0,
        "Special Income Charges": -6300000.0,
        "Other Special Charges": NaN,
        "Restructuring And Mergern Acquisition": 6300000.0,
        "Gain On Sale Of Security": -72500000.0,
        "Net Non Operating Interest Income Expense": -35900000.0,
        "Interest Expense Non Operating": 35900000.0,
        "Operating Income": 383200000.0,
        "Operating Expense": 373200000.0,
        "Other Operating Expenses": -6700000.0,
        "Depreciation Amortization Depletion Income Statement": 45300000.0,
        "Depreciation And Amortization In Income Statement": 45300000.0,
        "Amortization": 45300000.0,
        "Amortization Of Intangibles Income Statement": 45300000.0,
        "Selling General And Administration": 334600000.0,
        "Gross Profit": 756400000.0,
        "Cost Of Revenue": 1317100000.0,
        "Total Revenue": 2073500000.0,
        "Operating Revenue": 2073500000.0
    },
    "2024-12-31": {
        "Tax Effect Of Unusual Items": -73240000.0,
        "Tax Rate For Calcs": 0.4,
        "Normalized EBITDA": 530000000.0,
        "Total Unusual Items": -183100000.0,
        "Total Unusual Items Excluding Goodwill": -183100000.0,
        "Net Income From Continuing Operation Net Minority Interest": 147000000.0,
        "Reconciled Depreciation": 71000000.0,
        "Reconciled Cost Of Revenue": 1452300000.0,
        "EBITDA": 346900000.0,
        "EBIT": 275900000.0,
        "Net Interest Income": -30700000.0,
        "Interest Expense": 30700000.0,
        "Normalized Income": 256860000.0,
        "Net Income From Continuing And Discontinued Operation": 147000000.0,
        "Total Expenses": 1887400000.0,
        "Total Operating Income As Reported": 457200000.0,
        "Diluted Average Shares": 386473586.0,
        "Basic Average Shares": 376614304.0,
        "Diluted EPS": 0.38,
        "Basic EPS": 0.39,
        "Diluted NI Availto Com Stockholders": 147000000.0,
        "Average Dilution Earnings": NaN,
        "Net Income Common Stockholders": 147000000.0,
        "Net Income": 147000000.0,
        "Net Income Including Noncontrolling Interests": 147000000.0,
        "Net Income Continuous Operations": 147000000.0,
        "Tax Provision": 98200000.0,
        "Pretax Income": 245200000.0,
        "Other Income Expense": -183100000.0,
        "Special Income Charges": -2500000.0,
        "Other Special Charges": 1300000.0,
        "Restructuring And Mergern Acquisition": 1200000.0,
        "Gain On Sale Of Security": -180600000.0,
        "Net Non Operating Interest Income Expense": -30700000.0,
        "Interest Expense Non Operating": 30700000.0,
        "Operating Income": 459000000.0,
        "Operating Expense": 411200000.0,
        "Other Operating Expenses": 2500000.0,
        "Depreciation Amortization Depletion Income Statement": 47100000.0,
        "Depreciation And Amortization In Income Statement": 47100000.0,
        "Amortization": 47100000.0,
        "Amortization Of Intangibles Income Statement": 47100000.0,
        "Selling General And Administration": 361600000.0,
        "Gross Profit": 870200000.0,
        "Cost Of Revenue": 1476200000.0,
        "Total Revenue": 2346400000.0,
        "Operating Revenue": 2346400000.0
    },
    "2025-03-31": {
        "Tax Effect Of Unusual Items": -1406000.0,
        "Tax Rate For Calcs": 0.38,
        "Normalized EBITDA": 366000000.0,
        "Total Unusual Items": -3700000.0,
        "Total Unusual Items Excluding Goodwill": -3700000.0,
        "Net Income From Continuing Operation Net Minority Interest": 164500000.0,
        "Reconciled Depreciation": 71600000.0,
        "Reconciled Cost Of Revenue": 1323900000.0,
        "EBITDA": 362300000.0,
        "EBIT": 290700000.0,
        "Net Interest Income": -25300000.0,
        "Interest Expense": 25300000.0,
        "Normalized Income": 166794000.0,
        "Net Income From Continuing And Discontinued Operation": 164500000.0,
        "Total Expenses": 1741600000.0,
        "Total Operating Income As Reported": 290700000.0,
        "Diluted Average Shares": 390109650.0,
        "Basic Average Shares": 380845511.0,
        "Diluted EPS": 0.42,
        "Basic EPS": 0.43,
        "Diluted NI Availto Com Stockholders": 164500000.0,
        "Average Dilution Earnings": NaN,
        "Net Income Common Stockholders": 164500000.0,
        "Net Income": 164500000.0,
        "Net Income Including Noncontrolling Interests": 164500000.0,
        "Net Income Continuous Operations": 164500000.0,
        "Tax Provision": 100900000.0,
        "Pretax Income": 265400000.0,
        "Other Income Expense": -3700000.0,
        "Special Income Charges": -1100000.0,
        "Other Special Charges": NaN,
        "Restructuring And Mergern Acquisition": 1100000.0,
        "Gain On Sale Of Security": -2600000.0,
        "Net Non Operating Interest Income Expense": -25300000.0,
        "Interest Expense Non Operating": 25300000.0,
        "Operating Income": 294400000.0,
        "Operating Expense": 392100000.0,
        "Other Operating Expenses": -200000.0,
        "Depreciation Amortization Depletion Income Statement": 46000000.0,
        "Depreciation And Amortization In Income Statement": 46000000.0,
        "Amortization": 46000000.0,
        "Amortization Of Intangibles Income Statement": 46000000.0,
        "Selling General And Administration": 346300000.0,
        "Gross Profit": 686500000.0,
        "Cost Of Revenue": 1349500000.0,
        "Total Revenue": 2036000000.0,
        "Operating Revenue": 2036000000.0
    }
}