{
    "2023-03-31": {
        "Tax Effect Of Unusual Items": 0.0,
        "Tax Rate For Calcs": 0.229821,
        "Normalized EBITDA": 104000000.0,
        "Total Unusual Items": 0.0,
        "Total Unusual Items Excluding Goodwill": 0.0,
        "Net Income From Continuing Operation Net Minority Interest": 68700000.0,
        "Reconciled Depreciation": 10100000.0,
        "Reconciled Cost Of Revenue": 1144100000.0,
        "EBITDA": 104000000.0,
        "EBIT": 93900000.0,
        "Net Interest Income": -4700000.0,
        "Interest Expense": 4700000.0,
        "Normalized Income": 68700000.0,
        "Net Income From Continuing And Discontinued Operation": 68700000.0,
        "Total Expenses": 1415300000.0,
        "Total Operating Income As Reported": 94900000.0,
        "Diluted Average Shares": 13740000.0,
        "Basic Average Shares": 13530000.0,
        "Diluted EPS": 5.0,
        "Basic EPS": 5.08,
        "Diluted NI Availto Com Stockholders": 68700000.0,
        "Net Income Common Stockholders": 68700000.0,
        "Net Income": 68700000.0,
        "Net Income Including Noncontrolling Interests": 68700000.0,
        "Net Income Continuous Operations": 68700000.0,
        "Tax Provision": 20500000.0,
        "Pretax Income": 89200000.0,
        "Other Income Expense": -1000000.0,
        "Other Non Operating Income Expenses": -1000000.0,
        "Special Income Charges": 0.0,
        "Gain On Sale Of Business": NaN,
        "Restructuring And Mergern Acquisition": 0.0,
        "Net Non Operating Interest Income Expense": -4700000.0,
        "Interest Expense Non Operating": 4700000.0,
        "Operating Income": 94900000.0,
        "Operating Expense": 271200000.0,
        "Depreciation Amortization Depletion Income Statement": 10100000.0,
        "Depreciation And Amortization In Income Statement": 10100000.0,
        "Selling General And Administration": 261100000.0,
        "Selling And Marketing Expense": 89700000.0,
        "General And Administrative Expense": 171400000.0,
        "Other Gand A": 171400000.0,
        "Gross Profit": 366100000.0,
        "Cost Of Revenue": 1144100000.0,
        "Total Revenue": 1510200000.0,
        "Operating Revenue": 1510200000.0
    },
    "2022-12-31": {
        "Tax Effect Of Unusual Items": 1221948.717949,
        "Tax Rate For Calcs": 0.265641,
        "Normalized EBITDA": 109300000.0,
        "Total Unusual Items": 4600000.0,
        "Total Unusual Items Excluding Goodwill": 4600000.0,
        "Net Income From Continuing Operation Net Minority Interest": 71600000.0,
        "Reconciled Depreciation": 11000000.0,
        "Reconciled Cost Of Revenue": 1271400000.0,
        "EBITDA": 113900000.0,
        "EBIT": 102900000.0,
        "Net Interest Income": -5400000.0,
        "Interest Expense": 5400000.0,
        "Normalized Income": 68221948.717949,
        "Net Income From Continuing And Discontinued Operation": 71600000.0,
        "Total Expenses": 1566300000.0,
        "Total Operating Income As Reported": 101700000.0,
        "Diluted Average Shares": 13760000.0,
        "Basic Average Shares": 13480000.0,
        "Diluted EPS": 5.2,
        "Basic EPS": 5.31,
        "Diluted NI Availto Com Stockholders": 71600000.0,
        "Net Income Common Stockholders": 71600000.0,
        "Net Income": 71600000.0,
        "Net Income Including Noncontrolling Interests": 71600000.0,
        "Net Income Continuous Operations": 71600000.0,
        "Tax Provision": 25900000.0,
        "Pretax Income": 97500000.0,
        "Other Income Expense": 5800000.0,
        "Other Non Operating Income Expenses": 1200000.0,
        "Special Income Charges": 4600000.0,
        "Gain On Sale Of Business": 1100000.0,
        "Restructuring And Mergern Acquisition": -3500000.0,
        "Net Non Operating Interest Income Expense": -5400000.0,
        "Interest Expense Non Operating": 5400000.0,
        "Operating Income": 97100000.0,
        "Operating Expense": 294900000.0,
        "Depreciation Amortization Depletion Income Statement": 11000000.0,
        "Depreciation And Amortization In Income Statement": 11000000.0,
        "Selling General And Administration": 283900000.0,
        "Selling And Marketing Expense": 94700000.0,
        "General And Administrative Expense": 189200000.0,
        "Other Gand A": 189200000.0,
        "Gross Profit": 392000000.0,
        "Cost Of Revenue": 1271400000.0,
        "Total Revenue": 1663400000.0,
        "Operating Revenue": 1663400000.0
    },
    "2022-09-30": {
        "Tax Effect Of Unusual Items": 4317200.0,
        "Tax Rate For Calcs": 0.251,
        "Normalized EBITDA": 127500000.0,
        "Total Unusual Items": 17200000.0,
        "Total Unusual Items Excluding Goodwill": 17200000.0,
        "Net Income From Continuing Operation Net Minority Interest": 96700000.0,
        "Reconciled Depreciation": 10800000.0,
        "Reconciled Cost Of Revenue": 1388300000.0,
        "EBITDA": 144700000.0,
        "EBIT": 133900000.0,
        "Net Interest Income": -4800000.0,
        "Interest Expense": 4800000.0,
        "Normalized Income": 83817200.0,
        "Net Income From Continuing And Discontinued Operation": 96700000.0,
        "Total Expenses": 1687400000.0,
        "Total Operating Income As Reported": 133900000.0,
        "Diluted Average Shares": 14100000.0,
        "Basic Average Shares": 13850000.0,
        "Diluted EPS": 6.86,
        "Basic EPS": 6.98,
        "Diluted NI Availto Com Stockholders": 96700000.0,
        "Net Income Common Stockholders": 96700000.0,
        "Net Income": 96700000.0,
        "Net Income Including Noncontrolling Interests": 96700000.0,
        "Net Income Continuous Operations": 96700000.0,
        "Tax Provision": 32400000.0,
        "Pretax Income": 129100000.0,
        "Other Income Expense": 17200000.0,
        "Other Non Operating Income Expenses": NaN,
        "Special Income Charges": 17200000.0,
        "Gain On Sale Of Business": 18600000.0,
        "Restructuring And Mergern Acquisition": 1400000.0,
        "Net Non Operating Interest Income Expense": -4800000.0,
        "Interest Expense Non Operating": 4800000.0,
        "Operating Income": 116700000.0,
        "Operating Expense": 299100000.0,
        "Depreciation Amortization Depletion Income Statement": 10800000.0,
        "Depreciation And Amortization In Income Statement": 10800000.0,
        "Selling General And Administration": 288300000.0,
        "Selling And Marketing Expense": 93400000.0,
        "General And Administrative Expense": 194900000.0,
        "Other Gand A": 194900000.0,
        "Gross Profit": 415800000.0,
        "Cost Of Revenue": 1388300000.0,
        "Total Revenue": 1804100000.0,
        "Operating Revenue": 1804100000.0
    },
    "2022-06-30": {
        "Tax Effect Of Unusual Items": -345800.0,
        "Tax Rate For Calcs": 0.247,
        "Normalized EBITDA": 137500000.0,
        "Total Unusual Items": -1400000.0,
        "Total Unusual Items Excluding Goodwill": -1400000.0,
        "Net Income From Continuing Operation Net Minority Interest": 91100000.0,
        "Reconciled Depreciation": 11100000.0,
        "Reconciled Cost Of Revenue": 1410900000.0,
        "EBITDA": 136100000.0,
        "EBIT": 125000000.0,
        "Net Interest Income": -4000000.0,
        "Interest Expense": 4000000.0,
        "Normalized Income": 92154200.0,
        "Net Income From Continuing And Discontinued Operation": 91100000.0,
        "Total Expenses": 1700900000.0,
        "Total Operating Income As Reported": 118400000.0,
        "Diluted Average Shares": 14880000.0,
        "Basic Average Shares": 14610000.0,
        "Diluted EPS": 6.12,
        "Basic EPS": 6.24,
        "Diluted NI Availto Com Stockholders": 91100000.0,
        "Net Income Common Stockholders": 91100000.0,
        "Net Income": 91100000.0,
        "Net Income Including Noncontrolling Interests": 91100000.0,
        "Net Income Continuous Operations": 91100000.0,
        "Tax Provision": 29900000.0,
        "Pretax Income": 121000000.0,
        "Other Income Expense": 5200000.0,
        "Other Non Operating Income Expenses": 6600000.0,
        "Special Income Charges": -1400000.0,
        "Gain On Sale Of Business": NaN,
        "Restructuring And Mergern Acquisition": 1400000.0,
        "Net Non Operating Interest Income Expense": -4000000.0,
        "Interest Expense Non Operating": 4000000.0,
        "Operating Income": 119800000.0,
        "Operating Expense": 290000000.0,
        "Depreciation Amortization Depletion Income Statement": 11100000.0,
        "Depreciation And Amortization In Income Statement": 11100000.0,
        "Selling General And Administration": 278900000.0,
        "Selling And Marketing Expense": 98200000.0,
        "General And Administrative Expense": 180700000.0,
        "Other Gand A": 180700000.0,
        "Gross Profit": 409800000.0,
        "Cost Of Revenue": 1410900000.0,
        "Total Revenue": 1820700000.0,
        "Operating Revenue": 1820700000.0
    },
    "2022-03-31": {
        "Diluted EPS": 5.12,
        "Total Revenue": NaN,
        "Gross Profit": 403,
        "Operating Income": 87,
        "EBIT": 100,
        "Net Income": 79
    },
    "2021-12-31": {
        "Diluted EPS": 3.57,
        "Total Revenue": NaN,
        "Gross Profit": 406,
        "Operating Income": 80,
        "EBIT": 94,
        "Net Income": 57
    },
    "2021-09-30": {
        "Diluted EPS": 2.54,
        "Total Revenue": NaN,
        "Gross Profit": 366,
        "Operating Income": 57,
        "EBIT": 71,
        "Net Income": 40
    },
    "2021-06-30": {
        "Diluted EPS": 1.62,
        "Total Revenue": NaN,
        "Gross Profit": 340,
        "Operating Income": 38,
        "EBIT": 53,
        "Net Income": 26
    },
    "2021-03-31": {
        "Diluted EPS": 1.28,
        "Total Revenue": NaN,
        "Gross Profit": 321,
        "Operating Income": 35,
        "EBIT": 49,
        "Net Income": 21
    },
    "2020-12-31": {
        "Diluted EPS": 1.96,
        "Total Revenue": NaN,
        "Gross Profit": 331,
        "Operating Income": 26,
        "EBIT": 41,
        "Net Income": 32
    },
    "2020-09-30": {
        "Diluted EPS": 1.3,
        "Total Revenue": NaN,
        "Gross Profit": 329,
        "Operating Income": 28,
        "EBIT": 43,
        "Net Income": 21
    },
    "2020-06-30": {
        "Diluted EPS": -1.16,
        "Total Revenue": NaN,
        "Gross Profit": 298,
        "Operating Income": -13,
        "EBIT": 2,
        "Net Income": -19
    },
    "2020-03-31": {
        "Diluted EPS": -0.02,
        "Total Revenue": NaN,
        "Gross Profit": 348,
        "Operating Income": 7,
        "EBIT": 21,
        "Net Income": 0
    },
    "2019-12-31": {
        "Diluted EPS": 0.23,
        "Total Revenue": NaN,
        "Gross Profit": 356,
        "Operating Income": 12,
        "EBIT": 27,
        "Net Income": 3
    },
    "2019-09-30": {
        "Diluted EPS": 0.31,
        "Total Revenue": NaN,
        "Gross Profit": 374,
        "Operating Income": 19,
        "EBIT": 33,
        "Net Income": 5
    },
    "2019-06-30": {
        "Diluted EPS": -0.7,
        "Total Revenue": NaN,
        "Gross Profit": 374,
        "Operating Income": 6,
        "EBIT": 20,
        "Net Income": -11
    },
    "2019-03-31": {
        "Diluted EPS": -1.68,
        "Total Revenue": NaN,
        "Gross Profit": 350,
        "Operating Income": -16,
        "EBIT": -3,
        "Net Income": -27
    },
    "2018-12-31": {
        "Diluted EPS": 0.59,
        "Total Revenue": NaN,
        "Gross Profit": 399,
        "Operating Income": 25,
        "EBIT": 38,
        "Net Income": 9
    },
    "2018-09-30": {
        "Diluted EPS": 0.09,
        "Total Revenue": NaN,
        "Gross Profit": 387,
        "Operating Income": 16,
        "EBIT": 29,
        "Net Income": 1
    },
    "2018-06-30": {
        "Diluted EPS": -0.67,
        "Total Revenue": NaN,
        "Gross Profit": 383,
        "Operating Income": -6,
        "EBIT": 9,
        "Net Income": -11
    },
    "2018-03-31": {
        "Diluted EPS": -1.0,
        "Total Revenue": NaN,
        "Gross Profit": 372,
        "Operating Income": -19,
        "EBIT": -4,
        "Net Income": -16
    },
    "2017-12-31": {
        "Diluted EPS": 0.78,
        "Total Revenue": NaN,
        "Gross Profit": 404,
        "Operating Income": 36,
        "EBIT": 51,
        "Net Income": 12
    },
    "2017-09-30": {
        "Diluted EPS": -0.91,
        "Total Revenue": NaN,
        "Gross Profit": 380,
        "Operating Income": -11,
        "EBIT": 3,
        "Net Income": -14
    },
    "2017-06-30": {
        "Diluted EPS": -0.58,
        "Total Revenue": NaN,
        "Gross Profit": 368,
        "Operating Income": -10,
        "EBIT": 5,
        "Net Income": -9
    },
    "2017-03-31": {
        "Diluted EPS": -0.14,
        "Total Revenue": NaN,
        "Gross Profit": 365,
        "Operating Income": 3,
        "EBIT": 17,
        "Net Income": -2
    },
    "2016-12-31": {
        "Diluted EPS": 0.26,
        "Total Revenue": NaN,
        "Gross Profit": 379,
        "Operating Income": 12,
        "EBIT": 27,
        "Net Income": 4
    },
    "2016-09-30": {
        "Diluted EPS": 0.34,
        "Total Revenue": NaN,
        "Gross Profit": 383,
        "Operating Income": 23,
        "EBIT": 39,
        "Net Income": 6
    },
    "2016-06-30": {
        "Diluted EPS": 0.49,
        "Total Revenue": NaN,
        "Gross Profit": 373,
        "Operating Income": 24,
        "EBIT": 39,
        "Net Income": 8
    },
    "2016-03-31": {
        "Diluted EPS": 0.21,
        "Total Revenue": NaN,
        "Gross Profit": 365,
        "Operating Income": 16,
        "EBIT": 30,
        "Net Income": 3
    },
    "2015-12-31": {
        "Diluted EPS": 0.63,
        "Total Revenue": NaN,
        "Gross Profit": 396,
        "Operating Income": 23,
        "EBIT": 39,
        "Net Income": 10
    },
    "2015-09-30": {
        "Diluted EPS": 0.91,
        "Total Revenue": NaN,
        "Gross Profit": 394,
        "Operating Income": 32,
        "EBIT": 47,
        "Net Income": 15
    },
    "2015-06-30": {
        "Diluted EPS": 0.27,
        "Total Revenue": NaN,
        "Gross Profit": 391,
        "Operating Income": 16,
        "EBIT": 32,
        "Net Income": 4
    },
    "2015-03-31": {
        "Diluted EPS": -0.14,
        "Total Revenue": NaN,
        "Gross Profit": 376,
        "Operating Income": 8,
        "EBIT": 22,
        "Net Income": -2
    },
    "2014-12-31": {
        "Diluted EPS": -1.78,
        "Total Revenue": NaN,
        "Gross Profit": 391,
        "Operating Income": -3,
        "EBIT": 13,
        "Net Income": -14
    },
    "2014-09-30": {
        "Diluted EPS": -0.88,
        "Total Revenue": NaN,
        "Gross Profit": 403,
        "Operating Income": -17,
        "EBIT": -2,
        "Net Income": -14
    },
    "2014-06-30": {
        "Diluted EPS": 0.36,
        "Total Revenue": NaN,
        "Gross Profit": 212,
        "Operating Income": 5,
        "EBIT": 9,
        "Net Income": 3
    },
    "2014-03-31": {
        "Diluted EPS": 0.68,
        "Total Revenue": NaN,
        "Gross Profit": 219,
        "Operating Income": 9,
        "EBIT": 13,
        "Net Income": 6
    },
    "2013-12-31": {
        "Diluted EPS": 0.0,
        "Total Revenue": NaN,
        "Gross Profit": NaN,
        "Operating Income": NaN,
        "EBIT": NaN,
        "Net Income": NaN
    },
    "2013-09-30": {
        "Diluted EPS": 0.63,
        "Total Revenue": NaN,
        "Gross Profit": 229,
        "Operating Income": 9,
        "EBIT": 13,
        "Net Income": 5
    },
    "2013-06-30": {
        "Diluted EPS": 0.0,
        "Total Revenue": NaN,
        "Gross Profit": 231,
        "Operating Income": -4,
        "EBIT": -4,
        "Net Income": -2
    },
    "2012-12-31": {
        "Diluted EPS": 0.0,
        "Total Revenue": NaN,
        "Gross Profit": NaN,
        "Operating Income": NaN,
        "EBIT": NaN,
        "Net Income": NaN
    },
    "2011-12-31": {
        "Diluted EPS": 0.0,
        "Total Revenue": NaN,
        "Gross Profit": NaN,
        "Operating Income": NaN,
        "EBIT": NaN,
        "Net Income": NaN
    },
    "2023-06-30": {
        "Tax Effect Of Unusual Items": 0.0,
        "Tax Rate For Calcs": 0.267358,
        "Normalized EBITDA": 110400000.0,
        "Total Unusual Items": 0.0,
        "Total Unusual Items Excluding Goodwill": 0.0,
        "Net Income From Continuing Operation Net Minority Interest": 70700000.0,
        "Reconciled Depreciation": 9600000.0,
        "Reconciled Cost Of Revenue": 1096600000.0,
        "EBITDA": 110400000.0,
        "EBIT": 100800000.0,
        "Net Interest Income": -4300000.0,
        "Interest Expense": 4300000.0,
        "Normalized Income": 70700000.0,
        "Net Income From Continuing And Discontinued Operation": 70700000.0,
        "Total Expenses": 1358400000.0,
        "Total Operating Income As Reported": 98900000.0,
        "Diluted Average Shares": 13720000.0,
        "Basic Average Shares": 13550000.0,
        "Diluted EPS": 5.15,
        "Basic EPS": 5.22,
        "Diluted NI Availto Com Stockholders": 70700000.0,
        "Net Income Common Stockholders": 70700000.0,
        "Net Income": 70700000.0,
        "Net Income Including Noncontrolling Interests": 70700000.0,
        "Net Income Continuous Operations": 70700000.0,
        "Tax Provision": 25800000.0,
        "Pretax Income": 96500000.0,
        "Other Income Expense": 1900000.0,
        "Other Non Operating Income Expenses": 1900000.0,
        "Special Income Charges": 0.0,
        "Gain On Sale Of Business": 0.0,
        "Restructuring And Mergern Acquisition": 0.0,
        "Net Non Operating Interest Income Expense": -4300000.0,
        "Interest Expense Non Operating": 4300000.0,
        "Operating Income": 98900000.0,
        "Operating Expense": 261800000.0,
        "Depreciation Amortization Depletion Income Statement": 9600000.0,
        "Depreciation And Amortization In Income Statement": 9600000.0,
        "Selling General And Administration": 252200000.0,
        "Selling And Marketing Expense": 88700000.0,
        "General And Administrative Expense": 163500000.0,
        "Other Gand A": 163500000.0,
        "Gross Profit": 360700000.0,
        "Cost Of Revenue": 1096600000.0,
        "Total Revenue": 1457300000.0,
        "Operating Revenue": 1457300000.0
    },
    "2023-09-30": {
        "Tax Effect Of Unusual Items": 0.0,
        "Tax Rate For Calcs": 0.265,
        "Normalized EBITDA": 95500000.0,
        "Total Unusual Items": 0.0,
        "Total Unusual Items Excluding Goodwill": 0.0,
        "Net Income From Continuing Operation Net Minority Interest": 60800000.0,
        "Reconciled Depreciation": 9400000.0,
        "Reconciled Cost Of Revenue": 1098300000.0,
        "EBITDA": 95500000.0,
        "EBIT": 86100000.0,
        "Net Interest Income": -3400000.0,
        "Interest Expense": 3400000.0,
        "Normalized Income": 60800000.0,
        "Net Income From Continuing And Discontinued Operation": 60800000.0,
        "Total Expenses": 1376800000.0,
        "Total Operating Income As Reported": 84200000.0,
        "Diluted Average Shares": 13770000.0,
        "Basic Average Shares": 13550000.0,
        "Diluted EPS": 4.42,
        "Basic EPS": 4.49,
        "Diluted NI Availto Com Stockholders": 60800000.0,
        "Net Income Common Stockholders": 60800000.0,
        "Net Income": 60800000.0,
        "Net Income Including Noncontrolling Interests": 60800000.0,
        "Net Income Continuous Operations": 60800000.0,
        "Tax Provision": 21900000.0,
        "Pretax Income": 82700000.0,
        "Other Income Expense": 1900000.0,
        "Other Non Operating Income Expenses": 1900000.0,
        "Special Income Charges": 0.0,
        "Gain On Sale Of Business": 0.0,
        "Restructuring And Mergern Acquisition": 0.0,
        "Net Non Operating Interest Income Expense": -3400000.0,
        "Interest Expense Non Operating": 3400000.0,
        "Operating Income": 84200000.0,
        "Operating Expense": 278500000.0,
        "Depreciation Amortization Depletion Income Statement": 9400000.0,
        "Depreciation And Amortization In Income Statement": 9400000.0,
        "Selling General And Administration": 269100000.0,
        "Selling And Marketing Expense": 85200000.0,
        "General And Administrative Expense": 183900000.0,
        "Other Gand A": 183900000.0,
        "Gross Profit": 362700000.0,
        "Cost Of Revenue": 1098300000.0,
        "Total Revenue": 1461000000.0,
        "Operating Revenue": 1461000000.0
    }
}