{
    "2023-03-31": {
        "Tax Effect Of Unusual Items": NaN,
        "Tax Rate For Calcs": NaN,
        "Normalized EBITDA": NaN,
        "Total Unusual Items": -14352.0,
        "Total Unusual Items Excluding Goodwill": -14352.0,
        "Net Income From Continuing Operation Net Minority Interest": NaN,
        "Reconciled Depreciation": NaN,
        "Reconciled Cost Of Revenue": NaN,
        "EBITDA": NaN,
        "EBIT": NaN,
        "Net Interest Income": -24625.0,
        "Interest Expense": 24625.0,
        "Normalized Income": NaN,
        "Net Income From Continuing And Discontinued Operation": NaN,
        "Total Expenses": NaN,
        "Total Operating Income As Reported": NaN,
        "Diluted Average Shares": NaN,
        "Basic Average Shares": NaN,
        "Diluted EPS": NaN,
        "Basic EPS": NaN,
        "Diluted NI Availto Com Stockholders": NaN,
        "Net Income Common Stockholders": NaN,
        "Net Income": NaN,
        "Net Income Including Noncontrolling Interests": NaN,
        "Net Income Continuous Operations": NaN,
        "Tax Provision": NaN,
        "Pretax Income": NaN,
        "Other Income Expense": NaN,
        "Other Non Operating Income Expenses": NaN,
        "Gain On Sale Of Security": -14352.0,
        "Net Non Operating Interest Income Expense": -24625.0,
        "Interest Expense Non Operating": 24625.0,
        "Operating Income": NaN,
        "Operating Expense": NaN,
        "Depreciation Amortization Depletion Income Statement": 759954.0,
        "Depreciation And Amortization In Income Statement": 759954.0,
        "Amortization": 686353.0,
        "Amortization Of Intangibles Income Statement": 686353.0,
        "Depreciation Income Statement": 73601.0,
        "Research And Development": NaN,
        "Selling General And Administration": NaN,
        "Selling And Marketing Expense": 1385342.0,
        "General And Administrative Expense": 649418.0,
        "Other Gand A": 679078.0,
        "Salaries And Wages": -29660.0,
        "Gross Profit": NaN,
        "Cost Of Revenue": NaN,
        "Total Revenue": NaN,
        "Operating Revenue": NaN
    },
    "2022-12-31": {
        "Tax Effect Of Unusual Items": NaN,
        "Tax Rate For Calcs": NaN,
        "Normalized EBITDA": NaN,
        "Total Unusual Items": -8283115.0,
        "Total Unusual Items Excluding Goodwill": -8283115.0,
        "Net Income From Continuing Operation Net Minority Interest": NaN,
        "Reconciled Depreciation": NaN,
        "Reconciled Cost Of Revenue": NaN,
        "EBITDA": NaN,
        "EBIT": NaN,
        "Net Interest Income": -27277.0,
        "Interest Expense": 26787.0,
        "Normalized Income": NaN,
        "Net Income From Continuing And Discontinued Operation": NaN,
        "Total Expenses": NaN,
        "Total Operating Income As Reported": NaN,
        "Diluted Average Shares": NaN,
        "Basic Average Shares": NaN,
        "Diluted EPS": NaN,
        "Basic EPS": NaN,
        "Diluted NI Availto Com Stockholders": NaN,
        "Net Income Common Stockholders": NaN,
        "Net Income": NaN,
        "Net Income Including Noncontrolling Interests": NaN,
        "Net Income Continuous Operations": NaN,
        "Tax Provision": NaN,
        "Pretax Income": NaN,
        "Other Income Expense": NaN,
        "Other Non Operating Income Expenses": NaN,
        "Gain On Sale Of Security": -29115.0,
        "Net Non Operating Interest Income Expense": -27277.0,
        "Total Other Finance Cost": 490.0,
        "Interest Expense Non Operating": 26787.0,
        "Operating Income": NaN,
        "Operating Expense": NaN,
        "Depreciation Amortization Depletion Income Statement": 1098711.0,
        "Depreciation And Amortization In Income Statement": 1098711.0,
        "Amortization": 1040636.0,
        "Amortization Of Intangibles Income Statement": 1040636.0,
        "Depreciation Income Statement": 58075.0,
        "Research And Development": NaN,
        "Selling General And Administration": NaN,
        "Selling And Marketing Expense": NaN,
        "General And Administrative Expense": 1554362.0,
        "Other Gand A": -95216.0,
        "Salaries And Wages": 1649578.0,
        "Gross Profit": NaN,
        "Cost Of Revenue": NaN,
        "Total Revenue": NaN,
        "Operating Revenue": NaN
    },
    "2022-09-30": {
        "Tax Effect Of Unusual Items": NaN,
        "Tax Rate For Calcs": NaN,
        "Normalized EBITDA": NaN,
        "Total Unusual Items": NaN,
        "Total Unusual Items Excluding Goodwill": NaN,
        "Net Income From Continuing Operation Net Minority Interest": NaN,
        "Reconciled Depreciation": NaN,
        "Reconciled Cost Of Revenue": NaN,
        "EBITDA": NaN,
        "EBIT": NaN,
        "Net Interest Income": -45338.0,
        "Interest Expense": 29155.0,
        "Normalized Income": NaN,
        "Net Income From Continuing And Discontinued Operation": NaN,
        "Total Expenses": NaN,
        "Total Operating Income As Reported": NaN,
        "Diluted Average Shares": 99907.0,
        "Basic Average Shares": 99907.0,
        "Diluted EPS": -28.64,
        "Basic EPS": -28.64,
        "Diluted NI Availto Com Stockholders": NaN,
        "Net Income Common Stockholders": NaN,
        "Net Income": NaN,
        "Net Income Including Noncontrolling Interests": NaN,
        "Net Income Continuous Operations": NaN,
        "Tax Provision": NaN,
        "Pretax Income": NaN,
        "Other Income Expense": NaN,
        "Other Non Operating Income Expenses": -196118.0,
        "Gain On Sale Of Security": 28334.0,
        "Net Non Operating Interest Income Expense": -45338.0,
        "Total Other Finance Cost": 16183.0,
        "Interest Expense Non Operating": 29155.0,
        "Operating Income": NaN,
        "Operating Expense": NaN,
        "Depreciation Amortization Depletion Income Statement": 703978.0,
        "Depreciation And Amortization In Income Statement": 703978.0,
        "Amortization": 629108.0,
        "Amortization Of Intangibles Income Statement": 629108.0,
        "Depreciation Income Statement": 74870.0,
        "Research And Development": NaN,
        "Selling General And Administration": NaN,
        "Selling And Marketing Expense": NaN,
        "General And Administrative Expense": NaN,
        "Other Gand A": 986144.0,
        "Salaries And Wages": NaN,
        "Gross Profit": NaN,
        "Cost Of Revenue": NaN,
        "Total Revenue": NaN,
        "Operating Revenue": NaN
    },
    "2022-06-30": {
        "Tax Effect Of Unusual Items": 0.0,
        "Tax Rate For Calcs": 0.0,
        "Normalized EBITDA": -2788459.0,
        "Total Unusual Items": 288657.0,
        "Total Unusual Items Excluding Goodwill": 288657.0,
        "Net Income From Continuing Operation Net Minority Interest": -2740734.0,
        "Reconciled Depreciation": 695859.0,
        "EBITDA": -2499802.0,
        "EBIT": -3195661.0,
        "Net Interest Income": -50221.0,
        "Interest Expense": 30482.0,
        "Normalized Income": -3029391.0,
        "Net Income From Continuing And Discontinued Operation": -2740734.0,
        "Total Expenses": 3715240.0,
        "Total Operating Income As Reported": -3339456.0,
        "Diluted Average Shares": 1380724.0,
        "Basic Average Shares": 1380724.0,
        "Diluted EPS": -1.95,
        "Basic EPS": -1.95,
        "Diluted NI Availto Com Stockholders": -2740734.0,
        "Net Income Common Stockholders": -2740734.0,
        "Net Income": -2740734.0,
        "Minority Interests": 485409.0,
        "Net Income Including Noncontrolling Interests": -3226143.0,
        "Net Income Continuous Operations": -3226143.0,
        "Pretax Income": -3226143.0,
        "Other Income Expense": 288657.0,
        "Other Non Operating Income Expenses": NaN,
        "Special Income Charges": 0.0,
        "Gain On Sale Of Security": 288657.0,
        "Net Non Operating Interest Income Expense": -50221.0,
        "Total Other Finance Cost": 19739.0,
        "Interest Expense Non Operating": 30482.0,
        "Operating Income": -3464579.0,
        "Operating Expense": 3715240.0,
        "Depreciation Amortization Depletion Income Statement": 695859.0,
        "Depreciation And Amortization In Income Statement": 695859.0,
        "Amortization": 629989.0,
        "Amortization Of Intangibles Income Statement": 629989.0,
        "Depreciation Income Statement": 65870.0,
        "Selling General And Administration": 3019381.0,
        "Selling And Marketing Expense": 29406.0,
        "General And Administrative Expense": 2989975.0,
        "Other Gand A": 1013918.0,
        "Salaries And Wages": 1976057.0,
        "Total Revenue": 250661.0,
        "Operating Revenue": 250661.0
    },
    "2023-06-30": {
        "Tax Effect Of Unusual Items": NaN,
        "Tax Rate For Calcs": NaN,
        "Normalized EBITDA": NaN,
        "Total Unusual Items": -66596.0,
        "Total Unusual Items Excluding Goodwill": -66596.0,
        "Net Income From Continuing Operation Net Minority Interest": NaN,
        "Reconciled Depreciation": NaN,
        "Reconciled Cost Of Revenue": 23570.0,
        "EBITDA": NaN,
        "EBIT": NaN,
        "Net Interest Income": -20288.0,
        "Interest Expense": 20288.0,
        "Normalized Income": NaN,
        "Net Income From Continuing And Discontinued Operation": NaN,
        "Total Expenses": NaN,
        "Total Operating Income As Reported": NaN,
        "Diluted Average Shares": 669636.0,
        "Basic Average Shares": 669636.0,
        "Diluted EPS": -3.05,
        "Basic EPS": -3.05,
        "Diluted NI Availto Com Stockholders": NaN,
        "Net Income Common Stockholders": NaN,
        "Net Income": NaN,
        "Net Income Including Noncontrolling Interests": NaN,
        "Net Income Continuous Operations": NaN,
        "Tax Provision": 0.0,
        "Pretax Income": NaN,
        "Other Income Expense": NaN,
        "Other Non Operating Income Expenses": NaN,
        "Gain On Sale Of Security": -66596.0,
        "Net Non Operating Interest Income Expense": -20288.0,
        "Interest Expense Non Operating": 20288.0,
        "Operating Income": NaN,
        "Operating Expense": NaN,
        "Depreciation Amortization Depletion Income Statement": 725388.0,
        "Depreciation And Amortization In Income Statement": 725388.0,
        "Amortization": 685598.0,
        "Amortization Of Intangibles Income Statement": 685598.0,
        "Depreciation Income Statement": 39790.0,
        "Research And Development": 717667.0,
        "Selling General And Administration": NaN,
        "Selling And Marketing Expense": 43485.0,
        "General And Administrative Expense": 1510951.0,
        "Other Gand A": 641729.0,
        "Salaries And Wages": 869222.0,
        "Gross Profit": 32483.0,
        "Cost Of Revenue": 23570.0,
        "Total Revenue": NaN,
        "Operating Revenue": NaN
    },
    "2023-09-30": {
        "Tax Effect Of Unusual Items": NaN,
        "Tax Rate For Calcs": NaN,
        "Normalized EBITDA": NaN,
        "Total Unusual Items": 29219.0,
        "Total Unusual Items Excluding Goodwill": 29219.0,
        "Net Income From Continuing Operation Net Minority Interest": NaN,
        "Reconciled Depreciation": NaN,
        "Reconciled Cost Of Revenue": NaN,
        "EBITDA": NaN,
        "EBIT": NaN,
        "Net Interest Income": -16615.0,
        "Interest Expense": 16615.0,
        "Normalized Income": NaN,
        "Net Income From Continuing And Discontinued Operation": NaN,
        "Total Expenses": NaN,
        "Total Operating Income As Reported": NaN,
        "Diluted Average Shares": 669636.0,
        "Basic Average Shares": 669636.0,
        "Diluted EPS": -1.99,
        "Basic EPS": -1.99,
        "Diluted NI Availto Com Stockholders": NaN,
        "Net Income Common Stockholders": NaN,
        "Net Income": NaN,
        "Minority Interests": NaN,
        "Net Income Including Noncontrolling Interests": NaN,
        "Net Income Continuous Operations": NaN,
        "Tax Provision": NaN,
        "Pretax Income": NaN,
        "Other Income Expense": NaN,
        "Other Non Operating Income Expenses": NaN,
        "Gain On Sale Of Security": 29219.0,
        "Net Non Operating Interest Income Expense": -16615.0,
        "Interest Expense Non Operating": 16615.0,
        "Operating Income": NaN,
        "Operating Expense": NaN,
        "Depreciation Amortization Depletion Income Statement": 633678.0,
        "Depreciation And Amortization In Income Statement": 633678.0,
        "Amortization": 611186.0,
        "Amortization Of Intangibles Income Statement": 611186.0,
        "Depreciation Income Statement": 22492.0,
        "Research And Development": NaN,
        "Selling General And Administration": NaN,
        "Selling And Marketing Expense": 42715.0,
        "General And Administrative Expense": 1263056.0,
        "Other Gand A": 1617161.0,
        "Salaries And Wages": -354105.0,
        "Gross Profit": NaN,
        "Cost Of Revenue": NaN,
        "Total Revenue": NaN,
        "Operating Revenue": NaN
    },
    "2023-12-31": {
        "Tax Effect Of Unusual Items": NaN,
        "Tax Rate For Calcs": NaN,
        "Normalized EBITDA": NaN,
        "Total Unusual Items": -3916603.0,
        "Total Unusual Items Excluding Goodwill": -3916603.0,
        "Net Income From Continuing Operation Net Minority Interest": NaN,
        "Reconciled Depreciation": 349179.0,
        "Reconciled Cost Of Revenue": NaN,
        "EBITDA": NaN,
        "EBIT": NaN,
        "Normalized Income": NaN,
        "Net Income From Continuing And Discontinued Operation": NaN,
        "Total Expenses": NaN,
        "Total Operating Income As Reported": NaN,
        "Diluted Average Shares": NaN,
        "Basic Average Shares": NaN,
        "Diluted EPS": NaN,
        "Basic EPS": NaN,
        "Diluted NI Availto Com Stockholders": NaN,
        "Net Income Common Stockholders": NaN,
        "Net Income": NaN,
        "Minority Interests": NaN,
        "Net Income Including Noncontrolling Interests": NaN,
        "Net Income Continuous Operations": NaN,
        "Tax Provision": NaN,
        "Pretax Income": NaN,
        "Other Income Expense": NaN,
        "Other Non Operating Income Expenses": NaN,
        "Operating Income": NaN,
        "Operating Expense": NaN,
        "Research And Development": NaN,
        "Selling General And Administration": NaN,
        "Selling And Marketing Expense": 5822219.0,
        "General And Administrative Expense": -3447119.0,
        "Other Gand A": NaN,
        "Salaries And Wages": -1560952.0,
        "Gross Profit": NaN,
        "Cost Of Revenue": NaN,
        "Total Revenue": NaN,
        "Operating Revenue": NaN
    },
    "2024-03-31": {
        "Tax Effect Of Unusual Items": NaN,
        "Tax Rate For Calcs": NaN,
        "Normalized EBITDA": NaN,
        "Total Unusual Items": NaN,
        "Total Unusual Items Excluding Goodwill": NaN,
        "Net Income From Continuing Operation Net Minority Interest": NaN,
        "Reconciled Depreciation": 0.0,
        "Reconciled Cost Of Revenue": NaN,
        "EBITDA": NaN,
        "EBIT": NaN,
        "Normalized Income": NaN,
        "Net Income From Continuing And Discontinued Operation": NaN,
        "Total Expenses": NaN,
        "Total Operating Income As Reported": NaN,
        "Diluted Average Shares": 2506015.0,
        "Basic Average Shares": 2506015.0,
        "Diluted EPS": -0.51,
        "Basic EPS": -0.51,
        "Diluted NI Availto Com Stockholders": NaN,
        "Net Income Common Stockholders": NaN,
        "Net Income": NaN,
        "Minority Interests": 173292.0,
        "Net Income Including Noncontrolling Interests": NaN,
        "Net Income Continuous Operations": NaN,
        "Tax Provision": NaN,
        "Pretax Income": NaN,
        "Other Income Expense": NaN,
        "Other Non Operating Income Expenses": NaN,
        "Operating Income": NaN,
        "Operating Expense": NaN,
        "Research And Development": NaN,
        "Selling General And Administration": NaN,
        "Selling And Marketing Expense": 1464481.0,
        "General And Administrative Expense": NaN,
        "Other Gand A": NaN,
        "Salaries And Wages": NaN,
        "Gross Profit": NaN,
        "Cost Of Revenue": NaN,
        "Total Revenue": NaN,
        "Operating Revenue": NaN
    },
    "2024-06-30": {
        "Tax Effect Of Unusual Items": 0.0,
        "Tax Rate For Calcs": 0.0,
        "Normalized EBITDA": -1499668.0,
        "Total Unusual Items": NaN,
        "Total Unusual Items Excluding Goodwill": NaN,
        "Net Income From Continuing Operation Net Minority Interest": -1343545.0,
        "Reconciled Depreciation": 0.0,
        "Reconciled Cost Of Revenue": 16231.0,
        "EBITDA": -1499668.0,
        "EBIT": -1499668.0,
        "Normalized Income": -1343545.0,
        "Net Income From Continuing And Discontinued Operation": -1343545.0,
        "Total Expenses": 1526605.0,
        "Total Operating Income As Reported": -1499668.0,
        "Diluted Average Shares": 2506015.0,
        "Basic Average Shares": 2506015.0,
        "Diluted EPS": -0.54,
        "Basic EPS": -0.54,
        "Diluted NI Availto Com Stockholders": -1343545.0,
        "Net Income Common Stockholders": -1343545.0,
        "Net Income": -1343545.0,
        "Minority Interests": 156197.0,
        "Net Income Including Noncontrolling Interests": -1499742.0,
        "Net Income Continuous Operations": -1499742.0,
        "Tax Provision": 0.0,
        "Pretax Income": -1499742.0,
        "Other Income Expense": -74.0,
        "Other Non Operating Income Expenses": -74.0,
        "Operating Income": -1499668.0,
        "Operating Expense": 1510374.0,
        "Research And Development": 67203.0,
        "Selling General And Administration": 1443171.0,
        "Selling And Marketing Expense": NaN,
        "General And Administrative Expense": NaN,
        "Other Gand A": NaN,
        "Salaries And Wages": NaN,
        "Gross Profit": 10706.0,
        "Cost Of Revenue": 16231.0,
        "Total Revenue": 26937.0,
        "Operating Revenue": 26937.0
    },
    "2024-09-30": {
        "Tax Effect Of Unusual Items": 0.0,
        "Tax Rate For Calcs": 0.0,
        "Normalized EBITDA": -529024.0,
        "Total Unusual Items": NaN,
        "Total Unusual Items Excluding Goodwill": NaN,
        "Net Income From Continuing Operation Net Minority Interest": -528951.0,
        "Reconciled Depreciation": 1688.0,
        "Reconciled Cost Of Revenue": 0.0,
        "EBITDA": -529024.0,
        "EBIT": -529024.0,
        "Normalized Income": -528951.0,
        "Net Income From Continuing And Discontinued Operation": -528951.0,
        "Total Expenses": 532872.0,
        "Total Operating Income As Reported": -529024.0,
        "Diluted Average Shares": 2506015.0,
        "Basic Average Shares": 2506015.0,
        "Diluted EPS": -0.22,
        "Basic EPS": -0.22,
        "Diluted NI Availto Com Stockholders": -528951.0,
        "Net Income Common Stockholders": -528951.0,
        "Net Income": -528951.0,
        "Minority Interests": NaN,
        "Net Income Including Noncontrolling Interests": -528951.0,
        "Net Income Continuous Operations": -528951.0,
        "Tax Provision": 0.0,
        "Pretax Income": -528951.0,
        "Other Income Expense": 73.0,
        "Other Non Operating Income Expenses": 73.0,
        "Operating Income": -529024.0,
        "Operating Expense": 532872.0,
        "Research And Development": 11462.0,
        "Selling General And Administration": 521410.0,
        "Selling And Marketing Expense": NaN,
        "General And Administrative Expense": 521410.0,
        "Other Gand A": 521410.0,
        "Salaries And Wages": 0.0,
        "Gross Profit": 3848.0,
        "Cost Of Revenue": 0.0,
        "Total Revenue": 3848.0,
        "Operating Revenue": 3848.0
    },
    "2024-12-31": {
        "Tax Effect Of Unusual Items": 0.0,
        "Tax Rate For Calcs": 0.21,
        "Normalized EBITDA": -1009098.0,
        "Total Unusual Items": NaN,
        "Total Unusual Items Excluding Goodwill": NaN,
        "Net Income From Continuing Operation Net Minority Interest": -511955.0,
        "Reconciled Depreciation": 0.0,
        "Reconciled Cost Of Revenue": 0.0,
        "EBITDA": -1009098.0,
        "EBIT": -1009098.0,
        "Normalized Income": -511955.0,
        "Net Income From Continuing And Discontinued Operation": -511955.0,
        "Total Expenses": 1009098.0,
        "Total Operating Income As Reported": -1009098.0,
        "Diluted Average Shares": NaN,
        "Basic Average Shares": NaN,
        "Diluted EPS": NaN,
        "Basic EPS": NaN,
        "Diluted NI Availto Com Stockholders": -511955.0,
        "Net Income Common Stockholders": -511955.0,
        "Net Income": -511955.0,
        "Minority Interests": NaN,
        "Net Income Including Noncontrolling Interests": -1044460.0,
        "Net Income Continuous Operations": -1044460.0,
        "Tax Provision": 24226.0,
        "Pretax Income": -1020234.0,
        "Other Income Expense": -11136.0,
        "Other Non Operating Income Expenses": -11136.0,
        "Operating Income": -1009098.0,
        "Operating Expense": 1009098.0,
        "Research And Development": 127942.0,
        "Selling General And Administration": 881156.0,
        "Selling And Marketing Expense": NaN,
        "General And Administrative Expense": 881156.0,
        "Other Gand A": 881156.0,
        "Salaries And Wages": 0.0,
        "Gross Profit": 0.0,
        "Cost Of Revenue": 0.0,
        "Total Revenue": 0.0,
        "Operating Revenue": 0.0
    },
    "2025-03-31": {
        "Tax Effect Of Unusual Items": 0.0,
        "Tax Rate For Calcs": 0.0,
        "Normalized EBITDA": -1172761.0,
        "Total Unusual Items": NaN,
        "Total Unusual Items Excluding Goodwill": NaN,
        "Net Income From Continuing Operation Net Minority Interest": -961746.0,
        "Reconciled Depreciation": NaN,
        "Reconciled Cost Of Revenue": 8223.0,
        "EBITDA": -1172761.0,
        "EBIT": -1172761.0,
        "Normalized Income": -961746.0,
        "Net Income From Continuing And Discontinued Operation": -961746.0,
        "Total Expenses": 1372108.0,
        "Total Operating Income As Reported": -1172761.0,
        "Diluted Average Shares": 4901677.0,
        "Basic Average Shares": 4901677.0,
        "Diluted EPS": -0.2,
        "Basic EPS": -0.2,
        "Diluted NI Availto Com Stockholders": -961746.0,
        "Net Income Common Stockholders": -961746.0,
        "Net Income": -961746.0,
        "Minority Interests": 194731.0,
        "Net Income Including Noncontrolling Interests": -1156477.0,
        "Net Income Continuous Operations": -1156477.0,
        "Tax Provision": 0.0,
        "Pretax Income": -1156477.0,
        "Other Income Expense": 16284.0,
        "Other Non Operating Income Expenses": 16284.0,
        "Operating Income": -1172761.0,
        "Operating Expense": 1363885.0,
        "Research And Development": 6149.0,
        "Selling General And Administration": 1357736.0,
        "Selling And Marketing Expense": NaN,
        "General And Administrative Expense": NaN,
        "Other Gand A": NaN,
        "Salaries And Wages": NaN,
        "Gross Profit": 191124.0,
        "Cost Of Revenue": 8223.0,
        "Total Revenue": 199347.0,
        "Operating Revenue": 199347.0
    },
    "2025-06-30": {
        "Tax Effect Of Unusual Items": 0.0,
        "Tax Rate For Calcs": 0.0,
        "Normalized EBITDA": 938801.0,
        "Total Unusual Items": NaN,
        "Total Unusual Items Excluding Goodwill": NaN,
        "Net Income From Continuing Operation Net Minority Interest": 672335.0,
        "Reconciled Depreciation": NaN,
        "Reconciled Cost Of Revenue": 8222.0,
        "EBITDA": 938801.0,
        "EBIT": 938801.0,
        "Normalized Income": 672335.0,
        "Net Income From Continuing And Discontinued Operation": 672335.0,
        "Total Expenses": 1041199.0,
        "Total Operating Income As Reported": 938801.0,
        "Diluted Average Shares": 4927369.0,
        "Basic Average Shares": 4901677.0,
        "Diluted EPS": 0.14,
        "Basic EPS": 0.14,
        "Diluted NI Availto Com Stockholders": 672335.0,
        "Net Income Common Stockholders": 672335.0,
        "Net Income": 672335.0,
        "Minority Interests": -270126.0,
        "Net Income Including Noncontrolling Interests": 942461.0,
        "Net Income Continuous Operations": 942461.0,
        "Tax Provision": 0.0,
        "Pretax Income": 942461.0,
        "Other Income Expense": 3660.0,
        "Other Non Operating Income Expenses": 3660.0,
        "Operating Income": 938801.0,
        "Operating Expense": 1032977.0,
        "Research And Development": 6219.0,
        "Selling General And Administration": 1026758.0,
        "Selling And Marketing Expense": NaN,
        "General And Administrative Expense": NaN,
        "Other Gand A": NaN,
        "Salaries And Wages": NaN,
        "Gross Profit": 1971778.0,
        "Cost Of Revenue": 8222.0,
        "Total Revenue": 1980000.0,
        "Operating Revenue": 1980000.0
    }
}