{
    "2023-04-30": {
        "Tax Effect Of Unusual Items": 0.0,
        "Tax Rate For Calcs": 0.34,
        "Normalized EBITDA": 101000000.0,
        "Net Income From Continuing Operation Net Minority Interest": 1000000.0,
        "Reconciled Depreciation": 73000000.0,
        "Reconciled Cost Of Revenue": 905000000.0,
        "EBITDA": 101000000.0,
        "EBIT": 28000000.0,
        "Net Interest Income": -22000000.0,
        "Interest Expense": 22000000.0,
        "Normalized Income": 1000000.0,
        "Net Income From Continuing And Discontinued Operation": 1000000.0,
        "Total Expenses": 1379000000.0,
        "Total Operating Income As Reported": 28000000.0,
        "Diluted Average Shares": 79671000.0,
        "Basic Average Shares": 79671000.0,
        "Diluted EPS": 0.0091,
        "Basic EPS": 0.0091,
        "Diluted NI Availto Com Stockholders": 1000000.0,
        "Net Income Common Stockholders": 1000000.0,
        "Net Income": 1000000.0,
        "Minority Interests": -3000000.0,
        "Net Income Including Noncontrolling Interests": 4000000.0,
        "Net Income Continuous Operations": 4000000.0,
        "Tax Provision": 2000000.0,
        "Pretax Income": 6000000.0,
        "Other Income Expense": NaN,
        "Other Non Operating Income Expenses": NaN,
        "Net Non Operating Interest Income Expense": -22000000.0,
        "Interest Expense Non Operating": 22000000.0,
        "Operating Income": 28000000.0,
        "Operating Expense": 474000000.0,
        "Selling General And Administration": 474000000.0,
        "General And Administrative Expense": 474000000.0,
        "Other Gand A": 474000000.0,
        "Gross Profit": 502000000.0,
        "Cost Of Revenue": 905000000.0,
        "Total Revenue": 1407000000.0,
        "Operating Revenue": 1407000000.0
    },
    "2023-01-31": {
        "Tax Effect Of Unusual Items": NaN,
        "Tax Rate For Calcs": NaN,
        "Normalized EBITDA": NaN,
        "Net Income From Continuing Operation Net Minority Interest": NaN,
        "Reconciled Depreciation": NaN,
        "Reconciled Cost Of Revenue": NaN,
        "EBITDA": NaN,
        "EBIT": NaN,
        "Net Interest Income": NaN,
        "Interest Expense": NaN,
        "Normalized Income": NaN,
        "Net Income From Continuing And Discontinued Operation": NaN,
        "Total Expenses": NaN,
        "Total Operating Income As Reported": NaN,
        "Diluted Average Shares": NaN,
        "Basic Average Shares": NaN,
        "Diluted EPS": NaN,
        "Basic EPS": NaN,
        "Diluted NI Availto Com Stockholders": NaN,
        "Net Income Common Stockholders": NaN,
        "Net Income": NaN,
        "Minority Interests": NaN,
        "Net Income Including Noncontrolling Interests": NaN,
        "Net Income Continuous Operations": NaN,
        "Tax Provision": NaN,
        "Pretax Income": NaN,
        "Other Income Expense": 1000000.0,
        "Other Non Operating Income Expenses": 1000000.0,
        "Net Non Operating Interest Income Expense": NaN,
        "Interest Expense Non Operating": NaN,
        "Operating Income": NaN,
        "Operating Expense": NaN,
        "Selling General And Administration": NaN,
        "General And Administrative Expense": NaN,
        "Other Gand A": NaN,
        "Gross Profit": NaN,
        "Cost Of Revenue": NaN,
        "Total Revenue": NaN,
        "Operating Revenue": NaN
    },
    "2022-10-31": {
        "Tax Effect Of Unusual Items": NaN,
        "Tax Rate For Calcs": NaN,
        "Normalized EBITDA": NaN,
        "Net Income From Continuing Operation Net Minority Interest": NaN,
        "Reconciled Depreciation": NaN,
        "Reconciled Cost Of Revenue": NaN,
        "EBITDA": NaN,
        "EBIT": NaN,
        "Net Interest Income": NaN,
        "Interest Expense": NaN,
        "Normalized Income": NaN,
        "Net Income From Continuing And Discontinued Operation": NaN,
        "Total Expenses": NaN,
        "Total Operating Income As Reported": NaN,
        "Diluted Average Shares": NaN,
        "Basic Average Shares": NaN,
        "Diluted EPS": NaN,
        "Basic EPS": NaN,
        "Diluted NI Availto Com Stockholders": NaN,
        "Net Income Common Stockholders": NaN,
        "Net Income": NaN,
        "Minority Interests": NaN,
        "Net Income Including Noncontrolling Interests": NaN,
        "Net Income Continuous Operations": NaN,
        "Tax Provision": NaN,
        "Pretax Income": NaN,
        "Other Income Expense": 2000000.0,
        "Other Non Operating Income Expenses": 2000000.0,
        "Net Non Operating Interest Income Expense": NaN,
        "Interest Expense Non Operating": NaN,
        "Operating Income": NaN,
        "Operating Expense": NaN,
        "Selling General And Administration": NaN,
        "General And Administrative Expense": NaN,
        "Other Gand A": NaN,
        "Gross Profit": NaN,
        "Cost Of Revenue": NaN,
        "Total Revenue": NaN,
        "Operating Revenue": NaN
    },
    "2022-07-31": {
        "Tax Effect Of Unusual Items": 0.0,
        "Tax Rate For Calcs": 0.192331,
        "Normalized EBITDA": 96184000.0,
        "Net Income From Continuing Operation Net Minority Interest": 69926000.0,
        "Reconciled Depreciation": 70000000.0,
        "Reconciled Cost Of Revenue": 985957000.0,
        "EBITDA": 96184000.0,
        "EBIT": 96184000.0,
        "Net Interest Income": -12968000.0,
        "Interest Expense": 12968000.0,
        "Normalized Income": 69926000.0,
        "Net Income From Continuing And Discontinued Operation": 69926000.0,
        "Total Expenses": 1423696000.0,
        "Total Operating Income As Reported": 97512000.0,
        "Diluted Average Shares": 84000000.0,
        "Basic Average Shares": 83000000.0,
        "Diluted EPS": 0.83,
        "Basic EPS": 0.84,
        "Diluted NI Availto Com Stockholders": 69926000.0,
        "Net Income Common Stockholders": 69926000.0,
        "Net Income": 69926000.0,
        "Minority Interests": 2715000.0,
        "Net Income Including Noncontrolling Interests": 67211000.0,
        "Net Income Continuous Operations": 67211000.0,
        "Tax Provision": 16005000.0,
        "Pretax Income": 83216000.0,
        "Other Income Expense": -1328000.0,
        "Other Non Operating Income Expenses": -1328000.0,
        "Net Non Operating Interest Income Expense": -12968000.0,
        "Interest Expense Non Operating": 12968000.0,
        "Operating Income": 97512000.0,
        "Operating Expense": 437739000.0,
        "Selling General And Administration": 437739000.0,
        "General And Administrative Expense": 437739000.0,
        "Other Gand A": 437739000.0,
        "Gross Profit": 535251000.0,
        "Cost Of Revenue": 985957000.0,
        "Total Revenue": 1521208000.0,
        "Operating Revenue": 1521208000.0
    },
    "2022-04-30": {
        "Diluted EPS": 0.93,
        "Total Revenue": NaN,
        "Gross Profit": 522,
        "Operating Income": 94,
        "EBIT": 164,
        "Net Income": 81
    },
    "2022-01-31": {
        "Diluted EPS": 2.69,
        "Total Revenue": NaN,
        "Gross Profit": 853,
        "Operating Income": 333,
        "EBIT": 403,
        "Net Income": 246
    },
    "2021-10-31": {
        "Diluted EPS": 0.81,
        "Total Revenue": NaN,
        "Gross Profit": 565,
        "Operating Income": 108,
        "EBIT": 183,
        "Net Income": 75
    },
    "2021-07-31": {
        "Diluted EPS": 1.71,
        "Total Revenue": NaN,
        "Gross Profit": 670,
        "Operating Income": 203,
        "EBIT": 281,
        "Net Income": 151
    },
    "2021-04-30": {
        "Diluted EPS": 1.97,
        "Total Revenue": NaN,
        "Gross Profit": 672,
        "Operating Income": 226,
        "EBIT": 306,
        "Net Income": 174
    },
    "2021-01-31": {
        "Diluted EPS": 0.0,
        "Total Revenue": NaN,
        "Gross Profit": NaN,
        "Operating Income": NaN,
        "EBIT": NaN,
        "Net Income": NaN
    },
    "2020-10-31": {
        "Diluted EPS": 1.62,
        "Total Revenue": NaN,
        "Gross Profit": 497,
        "Operating Income": 127,
        "EBIT": 206,
        "Net Income": 143
    },
    "2020-07-31": {
        "Diluted EPS": -2.26,
        "Total Revenue": NaN,
        "Gross Profit": 152,
        "Operating Income": -243,
        "EBIT": -243,
        "Net Income": -200
    },
    "2020-01-31": {
        "Diluted EPS": 0.0,
        "Total Revenue": NaN,
        "Gross Profit": NaN,
        "Operating Income": NaN,
        "EBIT": NaN,
        "Net Income": NaN
    },
    "2023-07-31": {
        "Tax Effect Of Unusual Items": 0.0,
        "Tax Rate For Calcs": 0.21,
        "Normalized EBITDA": 98000000.0,
        "Net Income From Continuing Operation Net Minority Interest": -1000000.0,
        "Reconciled Depreciation": 72000000.0,
        "Reconciled Cost Of Revenue": 940000000.0,
        "EBITDA": 98000000.0,
        "EBIT": 26000000.0,
        "Net Interest Income": -24000000.0,
        "Interest Expense": 24000000.0,
        "Normalized Income": -1000000.0,
        "Net Income From Continuing And Discontinued Operation": -1000000.0,
        "Total Expenses": 1401000000.0,
        "Total Operating Income As Reported": 26000000.0,
        "Diluted Average Shares": 77000000.0,
        "Basic Average Shares": 77000000.0,
        "Diluted EPS": -0.02,
        "Basic EPS": -0.02,
        "Diluted NI Availto Com Stockholders": -1000000.0,
        "Net Income Common Stockholders": -1000000.0,
        "Net Income": -1000000.0,
        "Minority Interests": 0.0,
        "Net Income Including Noncontrolling Interests": -1000000.0,
        "Net Income Continuous Operations": -1000000.0,
        "Tax Provision": 3000000.0,
        "Pretax Income": 2000000.0,
        "Other Income Expense": NaN,
        "Other Non Operating Income Expenses": NaN,
        "Net Non Operating Interest Income Expense": -24000000.0,
        "Interest Expense Non Operating": 24000000.0,
        "Operating Income": 26000000.0,
        "Operating Expense": 461000000.0,
        "Selling General And Administration": 461000000.0,
        "General And Administrative Expense": 461000000.0,
        "Other Gand A": 461000000.0,
        "Gross Profit": 487000000.0,
        "Cost Of Revenue": 940000000.0,
        "Total Revenue": 1427000000.0,
        "Operating Revenue": 1427000000.0
    },
    "2023-10-31": {
        "Tax Effect Of Unusual Items": NaN,
        "Tax Rate For Calcs": NaN,
        "Normalized EBITDA": NaN,
        "Net Income From Continuing Operation Net Minority Interest": NaN,
        "Reconciled Depreciation": NaN,
        "Reconciled Cost Of Revenue": NaN,
        "EBITDA": NaN,
        "EBIT": NaN,
        "Net Interest Income": NaN,
        "Interest Expense": NaN,
        "Normalized Income": NaN,
        "Net Income From Continuing And Discontinued Operation": NaN,
        "Total Expenses": NaN,
        "Total Operating Income As Reported": NaN,
        "Diluted Average Shares": 77373913.0,
        "Basic Average Shares": 77369000.0,
        "Diluted EPS": -0.920058,
        "Basic EPS": -0.920058,
        "Diluted NI Availto Com Stockholders": NaN,
        "Net Income Common Stockholders": NaN,
        "Net Income": NaN,
        "Minority Interests": NaN,
        "Net Income Including Noncontrolling Interests": NaN,
        "Net Income Continuous Operations": NaN,
        "Tax Provision": NaN,
        "Pretax Income": NaN,
        "Other Income Expense": NaN,
        "Other Non Operating Income Expenses": NaN,
        "Net Non Operating Interest Income Expense": NaN,
        "Interest Expense Non Operating": NaN,
        "Operating Income": NaN,
        "Operating Expense": NaN,
        "Selling General And Administration": NaN,
        "General And Administrative Expense": NaN,
        "Other Gand A": NaN,
        "Gross Profit": NaN,
        "Cost Of Revenue": NaN,
        "Total Revenue": NaN,
        "Operating Revenue": NaN
    },
    "2024-01-31": {
        "Tax Effect Of Unusual Items": NaN,
        "Tax Rate For Calcs": NaN,
        "Normalized EBITDA": NaN,
        "Net Income From Continuing Operation Net Minority Interest": NaN,
        "Reconciled Depreciation": NaN,
        "Reconciled Cost Of Revenue": NaN,
        "EBITDA": NaN,
        "EBIT": NaN,
        "Net Interest Income": NaN,
        "Interest Expense": NaN,
        "Normalized Income": NaN,
        "Net Income From Continuing And Discontinued Operation": NaN,
        "Total Expenses": NaN,
        "Total Operating Income As Reported": NaN,
        "Diluted Average Shares": 79077293.0,
        "Basic Average Shares": 78909000.0,
        "Diluted EPS": 2.29,
        "Basic EPS": 2.294884,
        "Diluted NI Availto Com Stockholders": NaN,
        "Net Income Common Stockholders": NaN,
        "Net Income": NaN,
        "Minority Interests": NaN,
        "Net Income Including Noncontrolling Interests": NaN,
        "Net Income Continuous Operations": NaN,
        "Tax Provision": NaN,
        "Pretax Income": NaN,
        "Other Income Expense": NaN,
        "Other Non Operating Income Expenses": NaN,
        "Net Non Operating Interest Income Expense": NaN,
        "Interest Expense Non Operating": NaN,
        "Operating Income": NaN,
        "Operating Expense": NaN,
        "Selling General And Administration": NaN,
        "General And Administrative Expense": NaN,
        "Other Gand A": NaN,
        "Gross Profit": NaN,
        "Cost Of Revenue": NaN,
        "Total Revenue": NaN,
        "Operating Revenue": NaN
    },
    "2024-04-30": {
        "Tax Effect Of Unusual Items": NaN,
        "Tax Rate For Calcs": NaN,
        "Normalized EBITDA": NaN,
        "Net Income From Continuing Operation Net Minority Interest": NaN,
        "Reconciled Depreciation": NaN,
        "Reconciled Cost Of Revenue": NaN,
        "EBITDA": NaN,
        "EBIT": NaN,
        "Net Interest Income": NaN,
        "Interest Expense": NaN,
        "Normalized Income": NaN,
        "Net Income From Continuing And Discontinued Operation": NaN,
        "Total Expenses": NaN,
        "Total Operating Income As Reported": NaN,
        "Diluted Average Shares": NaN,
        "Basic Average Shares": NaN,
        "Diluted EPS": NaN,
        "Basic EPS": NaN,
        "Diluted NI Availto Com Stockholders": NaN,
        "Net Income Common Stockholders": NaN,
        "Net Income": NaN,
        "Minority Interests": NaN,
        "Net Income Including Noncontrolling Interests": NaN,
        "Net Income Continuous Operations": NaN,
        "Tax Provision": NaN,
        "Pretax Income": NaN,
        "Other Income Expense": 1000000.0,
        "Other Non Operating Income Expenses": 1000000.0,
        "Net Non Operating Interest Income Expense": NaN,
        "Interest Expense Non Operating": NaN,
        "Operating Income": NaN,
        "Operating Expense": NaN,
        "Selling General And Administration": NaN,
        "General And Administrative Expense": NaN,
        "Other Gand A": NaN,
        "Gross Profit": NaN,
        "Cost Of Revenue": NaN,
        "Total Revenue": NaN,
        "Operating Revenue": NaN
    },
    "2024-07-31": {
        "Tax Effect Of Unusual Items": 0.0,
        "Tax Rate For Calcs": 0.219512,
        "Normalized EBITDA": 126000000.0,
        "Net Income From Continuing Operation Net Minority Interest": 32000000.0,
        "Reconciled Depreciation": 64000000.0,
        "Reconciled Cost Of Revenue": 916000000.0,
        "EBITDA": 126000000.0,
        "EBIT": 62000000.0,
        "Net Interest Income": -21000000.0,
        "Interest Expense": 21000000.0,
        "Normalized Income": 32000000.0,
        "Net Income From Continuing And Discontinued Operation": 32000000.0,
        "Total Expenses": 1355000000.0,
        "Total Operating Income As Reported": 62000000.0,
        "Diluted Average Shares": 79595000.0,
        "Basic Average Shares": 79595000.0,
        "Diluted EPS": 0.399535,
        "Basic EPS": 0.399535,
        "Diluted NI Availto Com Stockholders": 32000000.0,
        "Net Income Common Stockholders": 32000000.0,
        "Net Income": 32000000.0,
        "Minority Interests": 0.0,
        "Net Income Including Noncontrolling Interests": 32000000.0,
        "Net Income Continuous Operations": 32000000.0,
        "Tax Provision": 9000000.0,
        "Pretax Income": 41000000.0,
        "Other Income Expense": NaN,
        "Other Non Operating Income Expenses": NaN,
        "Net Non Operating Interest Income Expense": -21000000.0,
        "Interest Expense Non Operating": 21000000.0,
        "Operating Income": 62000000.0,
        "Operating Expense": 439000000.0,
        "Selling General And Administration": 439000000.0,
        "General And Administrative Expense": 439000000.0,
        "Other Gand A": 439000000.0,
        "Gross Profit": 501000000.0,
        "Cost Of Revenue": 916000000.0,
        "Total Revenue": 1417000000.0,
        "Operating Revenue": 1417000000.0
    },
    "2024-10-31": {
        "Tax Effect Of Unusual Items": 0.0,
        "Tax Rate For Calcs": 0.213,
        "Normalized EBITDA": 15000000.0,
        "Net Income From Continuing Operation Net Minority Interest": -56000000.0,
        "Reconciled Depreciation": 63000000.0,
        "Reconciled Cost Of Revenue": 879000000.0,
        "EBITDA": 15000000.0,
        "EBIT": -48000000.0,
        "Net Interest Income": -22000000.0,
        "Interest Expense": 22000000.0,
        "Normalized Income": -56000000.0,
        "Net Income From Continuing And Discontinued Operation": -56000000.0,
        "Total Expenses": 1394000000.0,
        "Total Operating Income As Reported": -47000000.0,
        "Diluted Average Shares": 79000000.0,
        "Basic Average Shares": 79000000.0,
        "Diluted EPS": -0.71,
        "Basic EPS": -0.71,
        "Diluted NI Availto Com Stockholders": -56000000.0,
        "Net Income Common Stockholders": -56000000.0,
        "Net Income": -56000000.0,
        "Minority Interests": -1000000.0,
        "Net Income Including Noncontrolling Interests": -55000000.0,
        "Net Income Continuous Operations": -55000000.0,
        "Tax Provision": -15000000.0,
        "Pretax Income": -70000000.0,
        "Other Income Expense": -1000000.0,
        "Other Non Operating Income Expenses": -1000000.0,
        "Net Non Operating Interest Income Expense": -22000000.0,
        "Interest Expense Non Operating": 22000000.0,
        "Operating Income": -47000000.0,
        "Operating Expense": 515000000.0,
        "Selling General And Administration": 515000000.0,
        "General And Administrative Expense": 515000000.0,
        "Other Gand A": 515000000.0,
        "Gross Profit": 468000000.0,
        "Cost Of Revenue": 879000000.0,
        "Total Revenue": 1347000000.0,
        "Operating Revenue": 1347000000.0
    },
    "2025-01-31": {
        "Tax Effect Of Unusual Items": 0.0,
        "Tax Rate For Calcs": 0.204918,
        "Normalized EBITDA": 330000000.0,
        "Net Income From Continuing Operation Net Minority Interest": 193000000.0,
        "Reconciled Depreciation": 66000000.0,
        "Reconciled Cost Of Revenue": 1293000000.0,
        "EBITDA": 330000000.0,
        "EBIT": 264000000.0,
        "Net Interest Income": -20000000.0,
        "Interest Expense": 20000000.0,
        "Normalized Income": 193000000.0,
        "Net Income From Continuing And Discontinued Operation": 193000000.0,
        "Total Expenses": 1838000000.0,
        "Total Operating Income As Reported": 268000000.0,
        "Diluted Average Shares": 83148000.0,
        "Basic Average Shares": 83148000.0,
        "Diluted EPS": 2.326117,
        "Basic EPS": 2.326117,
        "Diluted NI Availto Com Stockholders": 193000000.0,
        "Net Income Common Stockholders": 193000000.0,
        "Net Income": 193000000.0,
        "Minority Interests": -1000000.0,
        "Net Income Including Noncontrolling Interests": 194000000.0,
        "Net Income Continuous Operations": 194000000.0,
        "Tax Provision": 50000000.0,
        "Pretax Income": 244000000.0,
        "Other Income Expense": -4000000.0,
        "Other Non Operating Income Expenses": -4000000.0,
        "Net Non Operating Interest Income Expense": -20000000.0,
        "Interest Expense Non Operating": 20000000.0,
        "Operating Income": 268000000.0,
        "Operating Expense": 545000000.0,
        "Selling General And Administration": 545000000.0,
        "General And Administrative Expense": 545000000.0,
        "Other Gand A": 545000000.0,
        "Gross Profit": 813000000.0,
        "Cost Of Revenue": 1293000000.0,
        "Total Revenue": 2106000000.0,
        "Operating Revenue": 2106000000.0
    },
    "2025-04-30": {
        "Tax Effect Of Unusual Items": 0.0,
        "Tax Rate For Calcs": 0.21,
        "Normalized EBITDA": 85000000.0,
        "Net Income From Continuing Operation Net Minority Interest": -2000000.0,
        "Reconciled Depreciation": 62000000.0,
        "Reconciled Cost Of Revenue": 879000000.0,
        "EBITDA": 85000000.0,
        "EBIT": 23000000.0,
        "Net Interest Income": -17000000.0,
        "Interest Expense": 17000000.0,
        "Normalized Income": -2000000.0,
        "Net Income From Continuing And Discontinued Operation": -2000000.0,
        "Total Expenses": 1333000000.0,
        "Total Operating Income As Reported": 20000000.0,
        "Diluted Average Shares": 79000000.0,
        "Basic Average Shares": 79000000.0,
        "Diluted EPS": -0.02,
        "Basic EPS": -0.02,
        "Diluted NI Availto Com Stockholders": -2000000.0,
        "Net Income Common Stockholders": -2000000.0,
        "Net Income": -2000000.0,
        "Minority Interests": -5000000.0,
        "Net Income Including Noncontrolling Interests": 3000000.0,
        "Net Income Continuous Operations": 3000000.0,
        "Tax Provision": 3000000.0,
        "Pretax Income": 6000000.0,
        "Other Income Expense": 3000000.0,
        "Other Non Operating Income Expenses": 3000000.0,
        "Net Non Operating Interest Income Expense": -17000000.0,
        "Interest Expense Non Operating": 17000000.0,
        "Operating Income": 20000000.0,
        "Operating Expense": 454000000.0,
        "Selling General And Administration": 454000000.0,
        "General And Administrative Expense": 454000000.0,
        "Other Gand A": 454000000.0,
        "Gross Profit": 474000000.0,
        "Cost Of Revenue": 879000000.0,
        "Total Revenue": 1353000000.0,
        "Operating Revenue": 1353000000.0
    },
    "2025-07-31": {
        "Tax Effect Of Unusual Items": 0.0,
        "Tax Rate For Calcs": 0.257,
        "Normalized EBITDA": 105000000.0,
        "Net Income From Continuing Operation Net Minority Interest": 16000000.0,
        "Reconciled Depreciation": 63000000.0,
        "Reconciled Cost Of Revenue": 940000000.0,
        "EBITDA": 105000000.0,
        "EBIT": 42000000.0,
        "Net Interest Income": -18000000.0,
        "Interest Expense": 18000000.0,
        "Normalized Income": 16000000.0,
        "Net Income From Continuing And Discontinued Operation": 16000000.0,
        "Total Expenses": 1418000000.0,
        "Total Operating Income As Reported": 41000000.0,
        "Diluted Average Shares": 82000000.0,
        "Basic Average Shares": 80000000.0,
        "Diluted EPS": 0.2,
        "Basic EPS": 0.2,
        "Diluted NI Availto Com Stockholders": 16000000.0,
        "Net Income Common Stockholders": 16000000.0,
        "Net Income": 16000000.0,
        "Minority Interests": -2000000.0,
        "Net Income Including Noncontrolling Interests": 18000000.0,
        "Net Income Continuous Operations": 18000000.0,
        "Tax Provision": 6000000.0,
        "Pretax Income": 24000000.0,
        "Other Income Expense": 1000000.0,
        "Other Non Operating Income Expenses": 1000000.0,
        "Net Non Operating Interest Income Expense": -18000000.0,
        "Interest Expense Non Operating": 18000000.0,
        "Operating Income": 41000000.0,
        "Operating Expense": 478000000.0,
        "Selling General And Administration": 478000000.0,
        "General And Administrative Expense": 478000000.0,
        "Other Gand A": 478000000.0,
        "Gross Profit": 519000000.0,
        "Cost Of Revenue": 940000000.0,
        "Total Revenue": 1459000000.0,
        "Operating Revenue": 1459000000.0
    },
    "2025-10-31": {
        "Tax Effect Of Unusual Items": 0.0,
        "Tax Rate For Calcs": 0.16,
        "Normalized EBITDA": 41000000.0,
        "Net Income From Continuing Operation Net Minority Interest": -37000000.0,
        "Reconciled Depreciation": 60000000.0,
        "Reconciled Cost Of Revenue": 936000000.0,
        "EBITDA": 41000000.0,
        "EBIT": -19000000.0,
        "Net Interest Income": -18000000.0,
        "Interest Expense": 18000000.0,
        "Normalized Income": -37000000.0,
        "Net Income From Continuing And Discontinued Operation": -37000000.0,
        "Total Expenses": 1491000000.0,
        "Total Operating Income As Reported": -19000000.0,
        "Diluted Average Shares": 81000000.0,
        "Basic Average Shares": 81000000.0,
        "Diluted EPS": -0.46,
        "Basic EPS": -0.46,
        "Diluted NI Availto Com Stockholders": -37000000.0,
        "Net Income Common Stockholders": -37000000.0,
        "Net Income": -37000000.0,
        "Minority Interests": -6000000.0,
        "Net Income Including Noncontrolling Interests": -31000000.0,
        "Net Income Continuous Operations": -31000000.0,
        "Tax Provision": -6000000.0,
        "Pretax Income": -37000000.0,
        "Other Income Expense": NaN,
        "Other Non Operating Income Expenses": NaN,
        "Net Non Operating Interest Income Expense": -18000000.0,
        "Interest Expense Non Operating": 18000000.0,
        "Operating Income": -19000000.0,
        "Operating Expense": 555000000.0,
        "Selling General And Administration": 555000000.0,
        "General And Administrative Expense": 555000000.0,
        "Other Gand A": 555000000.0,
        "Gross Profit": 536000000.0,
        "Cost Of Revenue": 936000000.0,
        "Total Revenue": 1472000000.0,
        "Operating Revenue": 1472000000.0
    }
}