{
    "2023-03-31": {
        "Tax Effect Of Unusual Items": -182212.581345,
        "Tax Rate For Calcs": 0.303688,
        "Normalized EBITDA": 1200300000.0,
        "Total Unusual Items": -600000.0,
        "Total Unusual Items Excluding Goodwill": -600000.0,
        "Net Income From Continuing Operation Net Minority Interest": 224700000.0,
        "Reconciled Depreciation": 730000000.0,
        "Reconciled Cost Of Revenue": 2186900000.0,
        "EBITDA": 1199700000.0,
        "EBIT": 469700000.0,
        "Net Interest Income": -147000000.0,
        "Interest Expense": 147000000.0,
        "Normalized Income": 225117787.418655,
        "Net Income From Continuing And Discontinued Operation": 224700000.0,
        "Total Expenses": 3328700000.0,
        "Total Operating Income As Reported": 399800000.0,
        "Diluted Average Shares": 1205600000.0,
        "Basic Average Shares": 1202500000.0,
        "Diluted EPS": 0.19,
        "Basic EPS": 0.19,
        "Diluted NI Availto Com Stockholders": 224700000.0,
        "Net Income Common Stockholders": 224700000.0,
        "Net Income": 224700000.0,
        "Net Income Including Noncontrolling Interests": 224700000.0,
        "Net Income Continuous Operations": 224700000.0,
        "Tax Provision": 98000000.0,
        "Pretax Income": 322700000.0,
        "Other Income Expense": 69300000.0,
        "Other Non Operating Income Expenses": 69900000.0,
        "Special Income Charges": -600000.0,
        "Other Special Charges": -900000.0,
        "Restructuring And Mergern Acquisition": 1500000.0,
        "Net Non Operating Interest Income Expense": -147000000.0,
        "Interest Expense Non Operating": 147000000.0,
        "Operating Income": 400400000.0,
        "Operating Expense": 1141800000.0,
        "Research And Development": 182900000.0,
        "Selling General And Administration": 958900000.0,
        "Gross Profit": 1542200000.0,
        "Cost Of Revenue": 2186900000.0,
        "Total Revenue": 3729100000.0,
        "Operating Revenue": 6273000000.0
    },
    "2022-12-31": {
        "Tax Effect Of Unusual Items": -8599986.384369,
        "Tax Rate For Calcs": 0.311594,
        "Normalized EBITDA": 2513400000.0,
        "Total Unusual Items": -27600000.0,
        "Total Unusual Items Excluding Goodwill": -27600000.0,
        "Net Income From Continuing Operation Net Minority Interest": 1011200000.0,
        "Reconciled Depreciation": 869800000.0,
        "Reconciled Cost Of Revenue": 2601900000.0,
        "EBITDA": 2485800000.0,
        "EBIT": 1616000000.0,
        "Net Interest Income": -147100000.0,
        "Interest Expense": 147100000.0,
        "Normalized Income": 1030200013.615631,
        "Net Income From Continuing And Discontinued Operation": 1011200000.0,
        "Total Expenses": 4049700000.0,
        "Total Operating Income As Reported": -201300000.0,
        "Diluted Average Shares": 1221400000.0,
        "Basic Average Shares": 1213100000.0,
        "Diluted EPS": 0.83,
        "Basic EPS": 0.83,
        "Diluted NI Availto Com Stockholders": 1011200000.0,
        "Net Income Common Stockholders": 1011200000.0,
        "Net Income": 1011200000.0,
        "Net Income Including Noncontrolling Interests": 1011200000.0,
        "Net Income Continuous Operations": 1011200000.0,
        "Tax Provision": 457700000.0,
        "Pretax Income": 1468900000.0,
        "Other Income Expense": 1789700000.0,
        "Other Non Operating Income Expenses": 1817300000.0,
        "Special Income Charges": -27600000.0,
        "Other Special Charges": 25600000.0,
        "Restructuring And Mergern Acquisition": 2000000.0,
        "Net Non Operating Interest Income Expense": -147100000.0,
        "Interest Expense Non Operating": 147100000.0,
        "Operating Income": -173700000.0,
        "Operating Expense": 1447800000.0,
        "Research And Development": 182400000.0,
        "Selling General And Administration": 1265400000.0,
        "Gross Profit": 1274100000.0,
        "Cost Of Revenue": 2601900000.0,
        "Total Revenue": 3876000000.0,
        "Operating Revenue": 6592200000.0
    },
    "2022-09-30": {
        "Tax Effect Of Unusual Items": 624000.0,
        "Tax Rate For Calcs": 0.16,
        "Normalized EBITDA": 576800000.0,
        "Total Unusual Items": 3900000.0,
        "Total Unusual Items Excluding Goodwill": 3900000.0,
        "Net Income From Continuing Operation Net Minority Interest": 354300000.0,
        "Reconciled Depreciation": 699500000.0,
        "Reconciled Cost Of Revenue": 2329800000.0,
        "EBITDA": 580700000.0,
        "EBIT": 580700000.0,
        "Net Interest Income": -153200000.0,
        "Interest Expense": 153200000.0,
        "Normalized Income": 351024000.0,
        "Net Income From Continuing And Discontinued Operation": 354300000.0,
        "Total Expenses": 3522000000.0,
        "Total Operating Income As Reported": 560100000.0,
        "Diluted Average Shares": 1218100000.0,
        "Basic Average Shares": 1212500000.0,
        "Diluted EPS": 0.29,
        "Basic EPS": 0.29,
        "Diluted NI Availto Com Stockholders": 354300000.0,
        "Net Income Common Stockholders": 354300000.0,
        "Net Income": 354300000.0,
        "Net Income Including Noncontrolling Interests": 354300000.0,
        "Net Income Continuous Operations": 354300000.0,
        "Tax Provision": 73200000.0,
        "Pretax Income": 427500000.0,
        "Other Income Expense": 24500000.0,
        "Other Non Operating Income Expenses": 20600000.0,
        "Special Income Charges": 3900000.0,
        "Other Special Charges": -3900000.0,
        "Restructuring And Mergern Acquisition": -4500000.0,
        "Net Non Operating Interest Income Expense": -153200000.0,
        "Interest Expense Non Operating": 153200000.0,
        "Operating Income": 556200000.0,
        "Operating Expense": 1192200000.0,
        "Research And Development": 174900000.0,
        "Selling General And Administration": 1017300000.0,
        "Gross Profit": 1748400000.0,
        "Cost Of Revenue": 2329800000.0,
        "Total Revenue": 4078200000.0,
        "Operating Revenue": 4067400000.0
    },
    "2022-06-30": {
        "Tax Effect Of Unusual Items": -1624100.0,
        "Tax Rate For Calcs": 0.149,
        "Normalized EBITDA": 546100000.0,
        "Total Unusual Items": -10900000.0,
        "Total Unusual Items Excluding Goodwill": -10900000.0,
        "Net Income From Continuing Operation Net Minority Interest": 313900000.0,
        "Reconciled Depreciation": 722300000.0,
        "Reconciled Cost Of Revenue": 2413500000.0,
        "EBITDA": 535200000.0,
        "EBIT": 535200000.0,
        "Net Interest Income": -145900000.0,
        "Interest Expense": 145900000.0,
        "Normalized Income": 323175900.0,
        "Net Income From Continuing And Discontinued Operation": 313900000.0,
        "Total Expenses": 3557200000.0,
        "Total Operating Income As Reported": 548700000.0,
        "Diluted Average Shares": 1217100000.0,
        "Basic Average Shares": 1212300000.0,
        "Diluted EPS": 0.26,
        "Basic EPS": 0.26,
        "Diluted NI Availto Com Stockholders": 313900000.0,
        "Net Income Common Stockholders": 313900000.0,
        "Net Income": 313900000.0,
        "Net Income Including Noncontrolling Interests": 313900000.0,
        "Net Income Continuous Operations": 313900000.0,
        "Tax Provision": 75400000.0,
        "Pretax Income": 389300000.0,
        "Other Income Expense": -24400000.0,
        "Other Non Operating Income Expenses": -13500000.0,
        "Special Income Charges": -10900000.0,
        "Other Special Charges": 10900000.0,
        "Restructuring And Mergern Acquisition": 1300000.0,
        "Net Non Operating Interest Income Expense": -145900000.0,
        "Interest Expense Non Operating": 145900000.0,
        "Operating Income": 559600000.0,
        "Operating Expense": 1143700000.0,
        "Research And Development": 162600000.0,
        "Selling General And Administration": 981100000.0,
        "Gross Profit": 1703300000.0,
        "Cost Of Revenue": 2413500000.0,
        "Total Revenue": 4116800000.0,
        "Operating Revenue": 4105400000.0
    },
    "2022-03-31": {
        "Diluted EPS": 0.33,
        "Total Revenue": NaN,
        "Gross Profit": NaN,
        "Operating Income": 707,
        "EBIT": NaN,
        "Net Income": 399
    },
    "2021-12-31": {
        "Diluted EPS": -0.22,
        "Total Revenue": NaN,
        "Gross Profit": NaN,
        "Operating Income": -78,
        "EBIT": 672,
        "Net Income": -264
    },
    "2021-09-30": {
        "Diluted EPS": 0.26,
        "Total Revenue": NaN,
        "Gross Profit": NaN,
        "Operating Income": 358,
        "EBIT": NaN,
        "Net Income": 312
    },
    "2021-06-30": {
        "Diluted EPS": -0.23,
        "Total Revenue": NaN,
        "Gross Profit": NaN,
        "Operating Income": -48,
        "EBIT": NaN,
        "Net Income": -279
    },
    "2021-03-31": {
        "Diluted EPS": -0.86,
        "Total Revenue": NaN,
        "Gross Profit": NaN,
        "Operating Income": -266,
        "EBIT": NaN,
        "Net Income": NaN
    },
    "2020-12-31": {
        "Diluted EPS": -1.59,
        "Total Revenue": NaN,
        "Gross Profit": 706,
        "Operating Income": -881,
        "EBIT": 72,
        "Net Income": -916
    },
    "2020-09-30": {
        "Diluted EPS": 0.36,
        "Total Revenue": NaN,
        "Gross Profit": NaN,
        "Operating Income": 351,
        "EBIT": 784,
        "Net Income": 186
    },
    "2020-06-30": {
        "Diluted EPS": 0.08,
        "Total Revenue": NaN,
        "Gross Profit": NaN,
        "Operating Income": 134,
        "EBIT": 550,
        "Net Income": 39
    },
    "2020-03-31": {
        "Diluted EPS": 0.04,
        "Total Revenue": NaN,
        "Gross Profit": 906,
        "Operating Income": 185,
        "EBIT": 600,
        "Net Income": 21
    },
    "2019-12-31": {
        "Diluted EPS": 0.04,
        "Total Revenue": NaN,
        "Gross Profit": NaN,
        "Operating Income": 272,
        "EBIT": 820,
        "Net Income": 21
    },
    "2019-09-30": {
        "Diluted EPS": 0.37,
        "Total Revenue": NaN,
        "Gross Profit": NaN,
        "Operating Income": 324,
        "EBIT": 793,
        "Net Income": 190
    },
    "2019-06-30": {
        "Diluted EPS": -0.33,
        "Total Revenue": NaN,
        "Gross Profit": 933,
        "Operating Income": 96,
        "EBIT": 597,
        "Net Income": -169
    },
    "2019-03-31": {
        "Diluted EPS": -0.05,
        "Total Revenue": NaN,
        "Gross Profit": 805,
        "Operating Income": 24,
        "EBIT": 525,
        "Net Income": -25
    },
    "2018-12-31": {
        "Diluted EPS": 0.1,
        "Total Revenue": NaN,
        "Gross Profit": NaN,
        "Operating Income": 233,
        "EBIT": 842,
        "Net Income": 51
    },
    "2018-09-30": {
        "Diluted EPS": 0.34,
        "Total Revenue": NaN,
        "Gross Profit": NaN,
        "Operating Income": 338,
        "EBIT": 839,
        "Net Income": 177
    },
    "2018-06-30": {
        "Diluted EPS": 0.07,
        "Total Revenue": NaN,
        "Gross Profit": 963,
        "Operating Income": 179,
        "EBIT": 681,
        "Net Income": 38
    },
    "2018-03-31": {
        "Diluted EPS": 0.17,
        "Total Revenue": NaN,
        "Gross Profit": 984,
        "Operating Income": 156,
        "EBIT": 654,
        "Net Income": 87
    },
    "2017-12-31": {
        "Diluted EPS": 0.47,
        "Total Revenue": NaN,
        "Gross Profit": NaN,
        "Operating Income": 419,
        "EBIT": 945,
        "Net Income": 244
    },
    "2017-09-30": {
        "Diluted EPS": 0.16,
        "Total Revenue": NaN,
        "Gross Profit": NaN,
        "Operating Income": 317,
        "EBIT": 760,
        "Net Income": 88
    },
    "2017-06-30": {
        "Diluted EPS": 0.55,
        "Total Revenue": NaN,
        "Gross Profit": NaN,
        "Operating Income": 474,
        "EBIT": 895,
        "Net Income": 297
    },
    "2017-03-31": {
        "Diluted EPS": 0.12,
        "Total Revenue": NaN,
        "Gross Profit": NaN,
        "Operating Income": 228,
        "EBIT": 643,
        "Net Income": 66
    },
    "2016-12-31": {
        "Diluted EPS": 0.79,
        "Total Revenue": NaN,
        "Gross Profit": NaN,
        "Operating Income": 313,
        "EBIT": 790,
        "Net Income": 418
    },
    "2016-09-30": {
        "Diluted EPS": -0.23,
        "Total Revenue": NaN,
        "Gross Profit": NaN,
        "Operating Income": -131,
        "EBIT": 315,
        "Net Income": -120
    },
    "2016-06-30": {
        "Diluted EPS": 0.33,
        "Total Revenue": NaN,
        "Gross Profit": NaN,
        "Operating Income": 411,
        "EBIT": 714,
        "Net Income": 168
    },
    "2016-03-31": {
        "Diluted EPS": 0.03,
        "Total Revenue": NaN,
        "Gross Profit": 907,
        "Operating Income": 106,
        "EBIT": 403,
        "Net Income": 14
    },
    "2015-12-31": {
        "Diluted EPS": 0.42,
        "Total Revenue": NaN,
        "Gross Profit": NaN,
        "Operating Income": 424,
        "EBIT": 765,
        "Net Income": 195
    },
    "2015-09-30": {
        "Diluted EPS": 0.83,
        "Total Revenue": NaN,
        "Gross Profit": NaN,
        "Operating Income": 601,
        "EBIT": 859,
        "Net Income": 429
    },
    "2015-06-30": {
        "Diluted EPS": 0.32,
        "Total Revenue": NaN,
        "Gross Profit": NaN,
        "Operating Income": 277,
        "EBIT": 535,
        "Net Income": 168
    },
    "2015-03-31": {
        "Diluted EPS": 0.13,
        "Total Revenue": NaN,
        "Gross Profit": 830,
        "Operating Income": 159,
        "EBIT": 334,
        "Net Income": 57
    },
    "2014-12-31": {
        "Diluted EPS": 0.47,
        "Total Revenue": NaN,
        "Gross Profit": 969,
        "Operating Income": 393,
        "EBIT": 561,
        "Net Income": 189
    },
    "2014-09-30": {
        "Diluted EPS": 1.26,
        "Total Revenue": NaN,
        "Gross Profit": NaN,
        "Operating Income": 495,
        "EBIT": 629,
        "Net Income": 499
    },
    "2014-06-30": {
        "Diluted EPS": 0.32,
        "Total Revenue": NaN,
        "Gross Profit": 809,
        "Operating Income": 226,
        "EBIT": 355,
        "Net Income": 125
    },
    "2014-03-31": {
        "Diluted EPS": 0.29,
        "Total Revenue": NaN,
        "Gross Profit": 738,
        "Operating Income": 239,
        "EBIT": 374,
        "Net Income": 116
    },
    "2013-12-31": {
        "Diluted EPS": 0.45,
        "Total Revenue": NaN,
        "Gross Profit": 796,
        "Operating Income": 273,
        "EBIT": 415,
        "Net Income": 180
    },
    "2013-09-30": {
        "Diluted EPS": 0.4,
        "Total Revenue": NaN,
        "Gross Profit": 809,
        "Operating Income": 340,
        "EBIT": 467,
        "Net Income": 159
    },
    "2013-06-30": {
        "Diluted EPS": 0.46,
        "Total Revenue": NaN,
        "Gross Profit": 742,
        "Operating Income": 309,
        "EBIT": 427,
        "Net Income": 178
    },
    "2013-03-31": {
        "Diluted EPS": 0.27,
        "Total Revenue": NaN,
        "Gross Profit": 694,
        "Operating Income": 214,
        "EBIT": 343,
        "Net Income": 107
    },
    "2012-12-31": {
        "Diluted EPS": 0.38,
        "Total Revenue": NaN,
        "Gross Profit": 742,
        "Operating Income": 263,
        "EBIT": 391,
        "Net Income": 162
    },
    "2012-09-30": {
        "Diluted EPS": 0.51,
        "Total Revenue": NaN,
        "Gross Profit": 793,
        "Operating Income": 335,
        "EBIT": 506,
        "Net Income": 211
    },
    "2012-06-30": {
        "Diluted EPS": 0.33,
        "Total Revenue": NaN,
        "Gross Profit": 703,
        "Operating Income": 261,
        "EBIT": 384,
        "Net Income": 139
    },
    "2012-03-31": {
        "Diluted EPS": 0.3,
        "Total Revenue": NaN,
        "Gross Profit": 670,
        "Operating Income": 251,
        "EBIT": 374,
        "Net Income": 129
    },
    "2011-12-31": {
        "Diluted EPS": 0.3,
        "Total Revenue": NaN,
        "Gross Profit": 645,
        "Operating Income": 247,
        "EBIT": 372,
        "Net Income": 129
    },
    "2011-09-30": {
        "Diluted EPS": 0.36,
        "Total Revenue": NaN,
        "Gross Profit": 658,
        "Operating Income": 266,
        "EBIT": 407,
        "Net Income": 157
    },
    "2011-06-30": {
        "Diluted EPS": 0.33,
        "Total Revenue": NaN,
        "Gross Profit": 669,
        "Operating Income": 280,
        "EBIT": 406,
        "Net Income": 146
    },
    "2011-03-31": {
        "Diluted EPS": 0.23,
        "Total Revenue": NaN,
        "Gross Profit": 591,
        "Operating Income": 212,
        "EBIT": 331,
        "Net Income": 104
    },
    "2010-12-31": {
        "Diluted EPS": -0.01,
        "Total Revenue": NaN,
        "Gross Profit": 579,
        "Operating Income": 94,
        "EBIT": 207,
        "Net Income": 3
    },
    "2010-09-30": {
        "Diluted EPS": 0.33,
        "Total Revenue": NaN,
        "Gross Profit": 580,
        "Operating Income": 234,
        "EBIT": 339,
        "Net Income": 108
    },
    "2010-06-30": {
        "Diluted EPS": 0.16,
        "Total Revenue": NaN,
        "Gross Profit": 542,
        "Operating Income": 195,
        "EBIT": 297,
        "Net Income": 51
    },
    "2010-03-31": {
        "Diluted EPS": 0.2,
        "Total Revenue": NaN,
        "Gross Profit": 516,
        "Operating Income": 199,
        "EBIT": 301,
        "Net Income": 61
    },
    "2009-12-31": {
        "Diluted EPS": 0.01,
        "Total Revenue": NaN,
        "Gross Profit": 516,
        "Operating Income": 60,
        "EBIT": 164,
        "Net Income": 4
    },
    "2009-09-30": {
        "Diluted EPS": -0.13,
        "Total Revenue": NaN,
        "Gross Profit": 505,
        "Operating Income": 61,
        "EBIT": 165,
        "Net Income": -40
    },
    "2009-06-30": {
        "Diluted EPS": 0.19,
        "Total Revenue": NaN,
        "Gross Profit": 528,
        "Operating Income": 175,
        "EBIT": 273,
        "Net Income": 58
    },
    "2009-03-31": {
        "Diluted EPS": 0.23,
        "Total Revenue": NaN,
        "Gross Profit": 526,
        "Operating Income": 227,
        "EBIT": 322,
        "Net Income": 71
    },
    "2023-06-30": {
        "Tax Effect Of Unusual Items": 165765.765766,
        "Tax Rate For Calcs": 0.207207,
        "Normalized EBITDA": 1162600000.0,
        "Total Unusual Items": 800000.0,
        "Total Unusual Items Excluding Goodwill": 800000.0,
        "Net Income From Continuing Operation Net Minority Interest": 264000000.0,
        "Reconciled Depreciation": 686700000.0,
        "Reconciled Cost Of Revenue": 2310000000.0,
        "EBITDA": 1163400000.0,
        "EBIT": 476700000.0,
        "Net Interest Income": -143700000.0,
        "Interest Expense": 143700000.0,
        "Normalized Income": 263365765.765766,
        "Net Income From Continuing And Discontinued Operation": 264000000.0,
        "Total Expenses": 3550200000.0,
        "Total Operating Income As Reported": 369200000.0,
        "Diluted Average Shares": 1203500000.0,
        "Basic Average Shares": 1199000000.0,
        "Diluted EPS": 0.22,
        "Basic EPS": 0.22,
        "Diluted NI Availto Com Stockholders": 264000000.0,
        "Net Income Common Stockholders": 264000000.0,
        "Net Income": 264000000.0,
        "Net Income Including Noncontrolling Interests": 264000000.0,
        "Net Income Continuous Operations": 264000000.0,
        "Tax Provision": 69000000.0,
        "Pretax Income": 333000000.0,
        "Other Income Expense": 108300000.0,
        "Other Non Operating Income Expenses": 107500000.0,
        "Special Income Charges": 800000.0,
        "Other Special Charges": -14900000.0,
        "Restructuring And Mergern Acquisition": 14100000.0,
        "Net Non Operating Interest Income Expense": -143700000.0,
        "Interest Expense Non Operating": 143700000.0,
        "Operating Income": 368400000.0,
        "Operating Expense": 1240200000.0,
        "Research And Development": 208300000.0,
        "Selling General And Administration": 1031900000.0,
        "Gross Profit": 1608600000.0,
        "Cost Of Revenue": 2310000000.0,
        "Total Revenue": 3918600000.0,
        "Operating Revenue": 6519000000.0
    },
    "2023-09-30": {
        "Tax Effect Of Unusual Items": 4405917.454003,
        "Tax Rate For Calcs": 0.175535,
        "Normalized EBITDA": 1198000000.0,
        "Total Unusual Items": 25100000.0,
        "Total Unusual Items Excluding Goodwill": 25100000.0,
        "Net Income From Continuing Operation Net Minority Interest": 331600000.0,
        "Reconciled Depreciation": 679400000.0,
        "Reconciled Cost Of Revenue": 2250600000.0,
        "EBITDA": 1223100000.0,
        "EBIT": 543700000.0,
        "Net Interest Income": -141500000.0,
        "Interest Expense": 141500000.0,
        "Normalized Income": 310905917.454003,
        "Net Income From Continuing And Discontinued Operation": 331600000.0,
        "Total Expenses": 3515300000.0,
        "Total Operating Income As Reported": 451700000.0,
        "Diluted Average Shares": 1207600000.0,
        "Basic Average Shares": 1199500000.0,
        "Diluted EPS": 0.27,
        "Basic EPS": 0.28,
        "Diluted NI Availto Com Stockholders": 331600000.0,
        "Net Income Common Stockholders": 331600000.0,
        "Net Income": 331600000.0,
        "Net Income Including Noncontrolling Interests": 331600000.0,
        "Net Income Continuous Operations": 331600000.0,
        "Tax Provision": 70600000.0,
        "Pretax Income": 402200000.0,
        "Other Income Expense": 117100000.0,
        "Other Non Operating Income Expenses": 92000000.0,
        "Special Income Charges": 25100000.0,
        "Other Special Charges": -22200000.0,
        "Restructuring And Mergern Acquisition": -2900000.0,
        "Net Non Operating Interest Income Expense": -141500000.0,
        "Interest Expense Non Operating": 141500000.0,
        "Operating Income": 426600000.0,
        "Operating Expense": 1264700000.0,
        "Research And Development": 211200000.0,
        "Selling General And Administration": 1053500000.0,
        "Gross Profit": 1691300000.0,
        "Cost Of Revenue": 2250600000.0,
        "Total Revenue": 3941900000.0,
        "Operating Revenue": 6497200000.0
    },
    "2023-12-31": {
        "Tax Effect Of Unusual Items": -25345684.210526,
        "Tax Rate For Calcs": 0.104561,
        "Normalized EBITDA": 172700000.0,
        "Total Unusual Items": -242400000.0,
        "Total Unusual Items Excluding Goodwill": -242400000.0,
        "Net Income From Continuing Operation Net Minority Interest": -765600000.0,
        "Reconciled Depreciation": 644400000.0,
        "Reconciled Cost Of Revenue": 2240800000.0,
        "EBITDA": -69700000.0,
        "EBIT": -714100000.0,
        "Net Interest Income": -140900000.0,
        "Interest Expense": 140900000.0,
        "Normalized Income": -548545684.210526,
        "Net Income From Continuing And Discontinued Operation": -765600000.0,
        "Total Expenses": 4049400000.0,
        "Total Operating Income As Reported": -454500000.0,
        "Diluted Average Shares": 1200100000.0,
        "Basic Average Shares": 1200100000.0,
        "Diluted EPS": -0.64,
        "Basic EPS": -0.64,
        "Diluted NI Availto Com Stockholders": -765600000.0,
        "Net Income Common Stockholders": -765600000.0,
        "Net Income": -765600000.0,
        "Net Income Including Noncontrolling Interests": -765600000.0,
        "Net Income Continuous Operations": -765600000.0,
        "Tax Provision": -89400000.0,
        "Pretax Income": -855000000.0,
        "Other Income Expense": -502000000.0,
        "Other Non Operating Income Expenses": -259600000.0,
        "Special Income Charges": -242400000.0,
        "Other Special Charges": 174700000.0,
        "Restructuring And Mergern Acquisition": 67700000.0,
        "Net Non Operating Interest Income Expense": -140900000.0,
        "Interest Expense Non Operating": 140900000.0,
        "Operating Income": -212100000.0,
        "Operating Expense": 1808600000.0,
        "Research And Development": 202800000.0,
        "Selling General And Administration": 1605800000.0,
        "Gross Profit": 1596500000.0,
        "Cost Of Revenue": 2240800000.0,
        "Total Revenue": 3837300000.0,
        "Operating Revenue": 6403900000.0
    },
    "2024-03-31": {
        "Tax Effect Of Unusual Items": -17409000.0,
        "Tax Rate For Calcs": 0.21,
        "Normalized EBITDA": 1116900000.0,
        "Total Unusual Items": -82900000.0,
        "Total Unusual Items Excluding Goodwill": -82900000.0,
        "Net Income From Continuing Operation Net Minority Interest": 113900000.0,
        "Reconciled Depreciation": 691000000.0,
        "Reconciled Cost Of Revenue": 2159400000.0,
        "EBITDA": 1034000000.0,
        "EBIT": 343000000.0,
        "Net Interest Income": -138400000.0,
        "Interest Expense": 138400000.0,
        "Normalized Income": 179391000.0,
        "Net Income From Continuing And Discontinued Operation": 113900000.0,
        "Total Expenses": 3376600000.0,
        "Total Operating Income As Reported": 203900000.0,
        "Diluted Average Shares": 1209500000.0,
        "Basic Average Shares": 1195200000.0,
        "Diluted EPS": 0.09,
        "Basic EPS": 0.1,
        "Diluted NI Availto Com Stockholders": 113900000.0,
        "Net Income Common Stockholders": 113900000.0,
        "Net Income": 113900000.0,
        "Net Income Including Noncontrolling Interests": 113900000.0,
        "Net Income Continuous Operations": 113900000.0,
        "Tax Provision": 90700000.0,
        "Pretax Income": 204600000.0,
        "Other Income Expense": 56200000.0,
        "Other Non Operating Income Expenses": 139100000.0,
        "Special Income Charges": -82900000.0,
        "Other Special Charges": 78100000.0,
        "Restructuring And Mergern Acquisition": 4800000.0,
        "Net Non Operating Interest Income Expense": -138400000.0,
        "Interest Expense Non Operating": 138400000.0,
        "Operating Income": 286800000.0,
        "Operating Expense": 1217200000.0,
        "Research And Development": 199700000.0,
        "Selling General And Administration": 1017500000.0,
        "Gross Profit": 1504000000.0,
        "Cost Of Revenue": 2159400000.0,
        "Total Revenue": 3663400000.0,
        "Operating Revenue": 6174600000.0
    },
    "2024-06-30": {
        "Tax Effect Of Unusual Items": -20564777.947933,
        "Tax Rate For Calcs": 0.166922,
        "Normalized EBITDA": 663500000.0,
        "Total Unusual Items": -123200000.0,
        "Total Unusual Items Excluding Goodwill": -123200000.0,
        "Net Income From Continuing Operation Net Minority Interest": -326400000.0,
        "Reconciled Depreciation": 786300000.0,
        "Reconciled Cost Of Revenue": 2351200000.0,
        "EBITDA": 540300000.0,
        "EBIT": -246000000.0,
        "Net Interest Income": -145800000.0,
        "Interest Expense": 145800000.0,
        "Normalized Income": -223764777.947933,
        "Net Income From Continuing And Discontinued Operation": -326400000.0,
        "Total Expenses": 3913300000.0,
        "Total Operating Income As Reported": -239900000.0,
        "Diluted Average Shares": 1191100000.0,
        "Basic Average Shares": 1191100000.0,
        "Diluted EPS": -0.27,
        "Basic EPS": -0.27,
        "Diluted NI Availto Com Stockholders": -326400000.0,
        "Net Income Common Stockholders": -326400000.0,
        "Net Income": -326400000.0,
        "Net Income Including Noncontrolling Interests": -326400000.0,
        "Net Income Continuous Operations": -326400000.0,
        "Tax Provision": -65400000.0,
        "Pretax Income": -391800000.0,
        "Other Income Expense": -129300000.0,
        "Other Non Operating Income Expenses": -6100000.0,
        "Special Income Charges": -123200000.0,
        "Other Special Charges": 126400000.0,
        "Restructuring And Mergern Acquisition": -3200000.0,
        "Net Non Operating Interest Income Expense": -145800000.0,
        "Interest Expense Non Operating": 145800000.0,
        "Operating Income": -116700000.0,
        "Operating Expense": 1562100000.0,
        "Research And Development": 204100000.0,
        "Selling General And Administration": 1358000000.0,
        "Gross Profit": 1445400000.0,
        "Cost Of Revenue": 2351200000.0,
        "Total Revenue": 3796600000.0,
        "Operating Revenue": 6383900000.0
    },
    "2024-09-30": {
        "Tax Effect Of Unusual Items": -6615000.0,
        "Tax Rate For Calcs": 0.21,
        "Normalized EBITDA": 937300000.0,
        "Total Unusual Items": -31500000.0,
        "Total Unusual Items Excluding Goodwill": -31500000.0,
        "Net Income From Continuing Operation Net Minority Interest": 94800000.0,
        "Reconciled Depreciation": 669700000.0,
        "Reconciled Cost Of Revenue": 2292000000.0,
        "EBITDA": 905800000.0,
        "EBIT": 236100000.0,
        "Net Interest Income": -145600000.0,
        "Interest Expense": 145600000.0,
        "Normalized Income": 119685000.0,
        "Net Income From Continuing And Discontinued Operation": 94800000.0,
        "Total Expenses": 3493800000.0,
        "Total Operating Income As Reported": 225900000.0,
        "Diluted Average Shares": 1200400000.0,
        "Basic Average Shares": 1193500000.0,
        "Diluted EPS": 0.08,
        "Basic EPS": 0.08,
        "Diluted NI Availto Com Stockholders": 94800000.0,
        "Net Income Common Stockholders": 94800000.0,
        "Net Income": 94800000.0,
        "Net Income Including Noncontrolling Interests": 94800000.0,
        "Net Income Continuous Operations": 94800000.0,
        "Tax Provision": -4300000.0,
        "Pretax Income": 90500000.0,
        "Other Income Expense": -21300000.0,
        "Other Non Operating Income Expenses": 10200000.0,
        "Special Income Charges": -31500000.0,
        "Other Special Charges": 4700000.0,
        "Restructuring And Mergern Acquisition": 26800000.0,
        "Net Non Operating Interest Income Expense": -145600000.0,
        "Interest Expense Non Operating": 145600000.0,
        "Operating Income": 257400000.0,
        "Operating Expense": 1201800000.0,
        "Research And Development": 198400000.0,
        "Selling General And Administration": 1003400000.0,
        "Gross Profit": 1459200000.0,
        "Cost Of Revenue": 2292000000.0,
        "Total Revenue": 3751200000.0,
        "Operating Revenue": 6336000000.0
    }
}