{
    "2023-03-31": {
        "Tax Effect Of Unusual Items": NaN,
        "Tax Rate For Calcs": NaN,
        "Normalized EBITDA": NaN,
        "Total Unusual Items": NaN,
        "Total Unusual Items Excluding Goodwill": NaN,
        "Net Income From Continuing Operation Net Minority Interest": NaN,
        "Reconciled Depreciation": NaN,
        "Reconciled Cost Of Revenue": NaN,
        "EBITDA": NaN,
        "EBIT": NaN,
        "Net Interest Income": NaN,
        "Interest Expense": NaN,
        "Normalized Income": NaN,
        "Net Income From Continuing And Discontinued Operation": NaN,
        "Total Expenses": NaN,
        "Rent Expense Supplemental": 9080000.0,
        "Total Operating Income As Reported": NaN,
        "Diluted Average Shares": NaN,
        "Basic Average Shares": NaN,
        "Diluted EPS": NaN,
        "Basic EPS": NaN,
        "Diluted NI Availto Com Stockholders": NaN,
        "Average Dilution Earnings": NaN,
        "Net Income Common Stockholders": NaN,
        "Otherunder Preferred Stock Dividend": NaN,
        "Net Income": NaN,
        "Net Income Including Noncontrolling Interests": NaN,
        "Net Income Continuous Operations": NaN,
        "Tax Provision": NaN,
        "Pretax Income": NaN,
        "Other Income Expense": NaN,
        "Other Non Operating Income Expenses": NaN,
        "Gain On Sale Of Security": NaN,
        "Net Non Operating Interest Income Expense": NaN,
        "Interest Expense Non Operating": NaN,
        "Operating Income": NaN,
        "Operating Expense": NaN,
        "Selling General And Administration": NaN,
        "General And Administrative Expense": NaN,
        "Other Gand A": NaN,
        "Rent And Landing Fees": 9080000.0,
        "Salaries And Wages": NaN,
        "Gross Profit": NaN,
        "Cost Of Revenue": NaN,
        "Total Revenue": NaN,
        "Operating Revenue": NaN
    },
    "2023-06-30": {
        "Tax Effect Of Unusual Items": NaN,
        "Tax Rate For Calcs": NaN,
        "Normalized EBITDA": NaN,
        "Total Unusual Items": NaN,
        "Total Unusual Items Excluding Goodwill": NaN,
        "Net Income From Continuing Operation Net Minority Interest": NaN,
        "Reconciled Depreciation": NaN,
        "Reconciled Cost Of Revenue": NaN,
        "EBITDA": NaN,
        "EBIT": NaN,
        "Net Interest Income": NaN,
        "Interest Expense": NaN,
        "Normalized Income": NaN,
        "Net Income From Continuing And Discontinued Operation": NaN,
        "Total Expenses": NaN,
        "Rent Expense Supplemental": 9316000.0,
        "Total Operating Income As Reported": NaN,
        "Diluted Average Shares": 33077824.0,
        "Basic Average Shares": 29659771.0,
        "Diluted EPS": 0.29,
        "Basic EPS": 0.29,
        "Diluted NI Availto Com Stockholders": NaN,
        "Average Dilution Earnings": 932000.0,
        "Net Income Common Stockholders": NaN,
        "Otherunder Preferred Stock Dividend": NaN,
        "Net Income": NaN,
        "Net Income Including Noncontrolling Interests": NaN,
        "Net Income Continuous Operations": NaN,
        "Tax Provision": NaN,
        "Pretax Income": NaN,
        "Other Income Expense": NaN,
        "Other Non Operating Income Expenses": NaN,
        "Gain On Sale Of Security": NaN,
        "Net Non Operating Interest Income Expense": NaN,
        "Interest Expense Non Operating": NaN,
        "Operating Income": NaN,
        "Operating Expense": NaN,
        "Selling General And Administration": NaN,
        "General And Administrative Expense": NaN,
        "Other Gand A": NaN,
        "Rent And Landing Fees": 9316000.0,
        "Salaries And Wages": NaN,
        "Gross Profit": NaN,
        "Cost Of Revenue": NaN,
        "Total Revenue": NaN,
        "Operating Revenue": NaN
    },
    "2022-12-31": {
        "Diluted EPS": 0.0,
        "Total Revenue": NaN,
        "Gross Profit": NaN,
        "Operating Income": NaN,
        "EBIT": NaN,
        "Net Income": NaN
    },
    "2022-06-30": {
        "Diluted EPS": 0.04,
        "Total Revenue": 79,
        "Gross Profit": 72,
        "Operating Income": 29,
        "EBIT": 44,
        "Net Income": 17
    },
    "2022-03-31": {
        "Diluted EPS": -0.02,
        "Total Revenue": 65,
        "Gross Profit": 65,
        "Operating Income": 30,
        "EBIT": 45,
        "Net Income": NaN
    },
    "2021-12-31": {
        "Diluted EPS": 0.0,
        "Total Revenue": NaN,
        "Gross Profit": NaN,
        "Operating Income": NaN,
        "EBIT": NaN,
        "Net Income": NaN
    },
    "2023-09-30": {
        "Tax Effect Of Unusual Items": NaN,
        "Tax Rate For Calcs": NaN,
        "Normalized EBITDA": NaN,
        "Total Unusual Items": NaN,
        "Total Unusual Items Excluding Goodwill": NaN,
        "Net Income From Continuing Operation Net Minority Interest": NaN,
        "Reconciled Depreciation": NaN,
        "Reconciled Cost Of Revenue": NaN,
        "EBITDA": NaN,
        "EBIT": NaN,
        "Net Interest Income": NaN,
        "Interest Expense": NaN,
        "Normalized Income": NaN,
        "Net Income From Continuing And Discontinued Operation": NaN,
        "Total Expenses": NaN,
        "Total Operating Income As Reported": NaN,
        "Diluted Average Shares": 29659763.0,
        "Basic Average Shares": 29659763.0,
        "Diluted EPS": -0.05,
        "Basic EPS": -0.05,
        "Diluted NI Availto Com Stockholders": NaN,
        "Average Dilution Earnings": 0.0,
        "Net Income Common Stockholders": NaN,
        "Otherunder Preferred Stock Dividend": NaN,
        "Net Income": NaN,
        "Net Income Including Noncontrolling Interests": NaN,
        "Net Income Continuous Operations": NaN,
        "Tax Provision": NaN,
        "Pretax Income": NaN,
        "Other Income Expense": NaN,
        "Other Non Operating Income Expenses": NaN,
        "Gain On Sale Of Security": NaN,
        "Net Non Operating Interest Income Expense": NaN,
        "Interest Expense Non Operating": NaN,
        "Operating Income": NaN,
        "Operating Expense": NaN,
        "Selling General And Administration": NaN,
        "General And Administrative Expense": NaN,
        "Other Gand A": NaN,
        "Salaries And Wages": NaN,
        "Gross Profit": NaN,
        "Cost Of Revenue": NaN,
        "Total Revenue": NaN,
        "Operating Revenue": NaN
    },
    "2023-12-31": {
        "Tax Effect Of Unusual Items": 3647490.0,
        "Tax Rate For Calcs": 0.21,
        "Normalized EBITDA": 45435000.0,
        "Total Unusual Items": 17369000.0,
        "Total Unusual Items Excluding Goodwill": 17369000.0,
        "Net Income From Continuing Operation Net Minority Interest": 19917000.0,
        "Reconciled Depreciation": 25512000.0,
        "Reconciled Cost Of Revenue": 42942000.0,
        "EBITDA": 62804000.0,
        "EBIT": 37292000.0,
        "Net Interest Income": -1815000.0,
        "Interest Expense": 1815000.0,
        "Normalized Income": 6195490.0,
        "Net Income From Continuing And Discontinued Operation": 19917000.0,
        "Total Expenses": 49421000.0,
        "Total Operating Income As Reported": 19882000.0,
        "Diluted Average Shares": NaN,
        "Basic Average Shares": NaN,
        "Diluted EPS": NaN,
        "Basic EPS": NaN,
        "Diluted NI Availto Com Stockholders": 19917000.0,
        "Average Dilution Earnings": NaN,
        "Net Income Common Stockholders": 19917000.0,
        "Otherunder Preferred Stock Dividend": 0.0,
        "Net Income": 19917000.0,
        "Net Income Including Noncontrolling Interests": 19917000.0,
        "Net Income Continuous Operations": 19917000.0,
        "Tax Provision": 15560000.0,
        "Pretax Income": 35477000.0,
        "Other Income Expense": 17410000.0,
        "Other Non Operating Income Expenses": 41000.0,
        "Gain On Sale Of Security": 17369000.0,
        "Net Non Operating Interest Income Expense": -1815000.0,
        "Interest Expense Non Operating": 1815000.0,
        "Operating Income": 19882000.0,
        "Operating Expense": 6479000.0,
        "Selling General And Administration": 6479000.0,
        "General And Administrative Expense": 6479000.0,
        "Other Gand A": 4791000.0,
        "Salaries And Wages": 1688000.0,
        "Gross Profit": 26361000.0,
        "Cost Of Revenue": 42942000.0,
        "Total Revenue": 69303000.0,
        "Operating Revenue": 69303000.0
    },
    "2024-03-31": {
        "Tax Effect Of Unusual Items": NaN,
        "Tax Rate For Calcs": NaN,
        "Normalized EBITDA": NaN,
        "Total Unusual Items": NaN,
        "Total Unusual Items Excluding Goodwill": NaN,
        "Net Income From Continuing Operation Net Minority Interest": NaN,
        "Reconciled Depreciation": NaN,
        "Reconciled Cost Of Revenue": NaN,
        "EBITDA": NaN,
        "EBIT": NaN,
        "Net Interest Income": NaN,
        "Interest Expense": NaN,
        "Normalized Income": NaN,
        "Net Income From Continuing And Discontinued Operation": NaN,
        "Total Expenses": NaN,
        "Total Operating Income As Reported": NaN,
        "Diluted Average Shares": 29933962.0,
        "Basic Average Shares": 29933962.0,
        "Diluted EPS": -0.07,
        "Basic EPS": -0.07,
        "Diluted NI Availto Com Stockholders": NaN,
        "Average Dilution Earnings": NaN,
        "Net Income Common Stockholders": NaN,
        "Otherunder Preferred Stock Dividend": NaN,
        "Net Income": NaN,
        "Net Income Including Noncontrolling Interests": NaN,
        "Net Income Continuous Operations": NaN,
        "Tax Provision": NaN,
        "Pretax Income": NaN,
        "Other Income Expense": NaN,
        "Other Non Operating Income Expenses": NaN,
        "Gain On Sale Of Security": NaN,
        "Net Non Operating Interest Income Expense": NaN,
        "Interest Expense Non Operating": NaN,
        "Operating Income": NaN,
        "Operating Expense": NaN,
        "Selling General And Administration": NaN,
        "General And Administrative Expense": NaN,
        "Other Gand A": NaN,
        "Salaries And Wages": NaN,
        "Gross Profit": NaN,
        "Cost Of Revenue": NaN,
        "Total Revenue": NaN,
        "Operating Revenue": NaN
    },
    "2024-06-30": {
        "Tax Effect Of Unusual Items": NaN,
        "Tax Rate For Calcs": NaN,
        "Normalized EBITDA": NaN,
        "Total Unusual Items": NaN,
        "Total Unusual Items Excluding Goodwill": NaN,
        "Net Income From Continuing Operation Net Minority Interest": NaN,
        "Reconciled Depreciation": NaN,
        "Reconciled Cost Of Revenue": NaN,
        "EBITDA": NaN,
        "EBIT": NaN,
        "Net Interest Income": NaN,
        "Interest Expense": NaN,
        "Normalized Income": NaN,
        "Net Income From Continuing And Discontinued Operation": NaN,
        "Total Expenses": NaN,
        "Total Operating Income As Reported": NaN,
        "Diluted Average Shares": 33026818.0,
        "Basic Average Shares": 30046190.0,
        "Diluted EPS": 0.33,
        "Basic EPS": 0.36,
        "Diluted NI Availto Com Stockholders": NaN,
        "Average Dilution Earnings": 0.0,
        "Net Income Common Stockholders": NaN,
        "Otherunder Preferred Stock Dividend": NaN,
        "Net Income": NaN,
        "Net Income Including Noncontrolling Interests": NaN,
        "Net Income Continuous Operations": NaN,
        "Tax Provision": NaN,
        "Pretax Income": NaN,
        "Other Income Expense": NaN,
        "Other Non Operating Income Expenses": NaN,
        "Gain On Sale Of Security": NaN,
        "Net Non Operating Interest Income Expense": NaN,
        "Interest Expense Non Operating": NaN,
        "Operating Income": NaN,
        "Operating Expense": NaN,
        "Selling General And Administration": NaN,
        "General And Administrative Expense": NaN,
        "Other Gand A": NaN,
        "Salaries And Wages": NaN,
        "Gross Profit": NaN,
        "Cost Of Revenue": NaN,
        "Total Revenue": NaN,
        "Operating Revenue": NaN
    },
    "2024-09-30": {
        "Tax Effect Of Unusual Items": 4565504.183924,
        "Tax Rate For Calcs": 0.262869,
        "Normalized EBITDA": 33932000.0,
        "Total Unusual Items": 17368000.0,
        "Total Unusual Items Excluding Goodwill": 17368000.0,
        "Net Income From Continuing Operation Net Minority Interest": 17442000.0,
        "Reconciled Depreciation": 24916000.0,
        "Reconciled Cost Of Revenue": 41866000.0,
        "EBITDA": 51300000.0,
        "EBIT": 26384000.0,
        "Net Interest Income": -2722000.0,
        "Interest Expense": 2722000.0,
        "Normalized Income": 4639504.183924,
        "Net Income From Continuing And Discontinued Operation": 17442000.0,
        "Total Expenses": 49299000.0,
        "Total Operating Income As Reported": 8981000.0,
        "Diluted Average Shares": 32987524.0,
        "Basic Average Shares": 30075956.0,
        "Diluted EPS": 0.53,
        "Basic EPS": 0.56,
        "Diluted NI Availto Com Stockholders": 17442000.0,
        "Average Dilution Earnings": NaN,
        "Net Income Common Stockholders": 17442000.0,
        "Otherunder Preferred Stock Dividend": 0.0,
        "Net Income": 17442000.0,
        "Net Income Including Noncontrolling Interests": 17442000.0,
        "Net Income Continuous Operations": 17442000.0,
        "Tax Provision": 6220000.0,
        "Pretax Income": 23662000.0,
        "Other Income Expense": 17403000.0,
        "Other Non Operating Income Expenses": 35000.0,
        "Gain On Sale Of Security": 17368000.0,
        "Net Non Operating Interest Income Expense": -2722000.0,
        "Interest Expense Non Operating": 2722000.0,
        "Operating Income": 8981000.0,
        "Operating Expense": 7433000.0,
        "Selling General And Administration": 7433000.0,
        "General And Administrative Expense": 7433000.0,
        "Other Gand A": 5231000.0,
        "Salaries And Wages": 2202000.0,
        "Gross Profit": 16414000.0,
        "Cost Of Revenue": 41866000.0,
        "Total Revenue": 58280000.0,
        "Operating Revenue": 58280000.0
    },
    "2024-12-31": {
        "Tax Effect Of Unusual Items": -1415451.578788,
        "Tax Rate For Calcs": 0.225714,
        "Normalized EBITDA": 28654000.0,
        "Total Unusual Items": -6271000.0,
        "Total Unusual Items Excluding Goodwill": -6271000.0,
        "Net Income From Continuing Operation Net Minority Interest": -5125000.0,
        "Reconciled Depreciation": 26532000.0,
        "Reconciled Cost Of Revenue": 43391000.0,
        "EBITDA": 22383000.0,
        "EBIT": -4149000.0,
        "Net Interest Income": -2470000.0,
        "Interest Expense": 2470000.0,
        "Normalized Income": -269451.578788,
        "Net Income From Continuing And Discontinued Operation": -5125000.0,
        "Total Expenses": 53829000.0,
        "Total Operating Income As Reported": 2097000.0,
        "Diluted Average Shares": NaN,
        "Basic Average Shares": NaN,
        "Diluted EPS": NaN,
        "Basic EPS": NaN,
        "Diluted NI Availto Com Stockholders": -5125000.0,
        "Average Dilution Earnings": NaN,
        "Net Income Common Stockholders": -5125000.0,
        "Otherunder Preferred Stock Dividend": 0.0,
        "Net Income": -5125000.0,
        "Net Income Including Noncontrolling Interests": -5125000.0,
        "Net Income Continuous Operations": -5125000.0,
        "Tax Provision": -1494000.0,
        "Pretax Income": -6619000.0,
        "Other Income Expense": -6246000.0,
        "Other Non Operating Income Expenses": 25000.0,
        "Gain On Sale Of Security": -6271000.0,
        "Net Non Operating Interest Income Expense": -2470000.0,
        "Interest Expense Non Operating": 2470000.0,
        "Operating Income": 2097000.0,
        "Operating Expense": 10438000.0,
        "Selling General And Administration": 10438000.0,
        "General And Administrative Expense": 10438000.0,
        "Other Gand A": 8181000.0,
        "Salaries And Wages": 2257000.0,
        "Gross Profit": 12535000.0,
        "Cost Of Revenue": 43391000.0,
        "Total Revenue": 55926000.0,
        "Operating Revenue": 55926000.0
    },
    "2025-03-31": {
        "Tax Effect Of Unusual Items": -36120.0,
        "Tax Rate For Calcs": 0.21,
        "Normalized EBITDA": 32107000.0,
        "Total Unusual Items": -172000.0,
        "Total Unusual Items Excluding Goodwill": -172000.0,
        "Net Income From Continuing Operation Net Minority Interest": 2668000.0,
        "Reconciled Depreciation": 26563000.0,
        "Reconciled Cost Of Revenue": 46190000.0,
        "EBITDA": 31935000.0,
        "EBIT": 5372000.0,
        "Net Interest Income": -2905000.0,
        "Interest Expense": 2905000.0,
        "Normalized Income": 2803880.0,
        "Net Income From Continuing And Discontinued Operation": 2668000.0,
        "Total Expenses": 60791000.0,
        "Total Operating Income As Reported": 5380000.0,
        "Diluted Average Shares": 35086990.0,
        "Basic Average Shares": 33074904.0,
        "Diluted EPS": 0.08,
        "Basic EPS": 0.08,
        "Diluted NI Availto Com Stockholders": 2668000.0,
        "Average Dilution Earnings": NaN,
        "Net Income Common Stockholders": 2668000.0,
        "Otherunder Preferred Stock Dividend": 0.0,
        "Net Income": 2668000.0,
        "Net Income Including Noncontrolling Interests": 2668000.0,
        "Net Income Continuous Operations": 2668000.0,
        "Tax Provision": -201000.0,
        "Pretax Income": 2467000.0,
        "Other Income Expense": -8000.0,
        "Other Non Operating Income Expenses": 164000.0,
        "Gain On Sale Of Security": -172000.0,
        "Net Non Operating Interest Income Expense": -2905000.0,
        "Interest Expense Non Operating": 2905000.0,
        "Operating Income": 5380000.0,
        "Operating Expense": 14601000.0,
        "Selling General And Administration": 14601000.0,
        "General And Administrative Expense": 14601000.0,
        "Other Gand A": 12132000.0,
        "Salaries And Wages": 2469000.0,
        "Gross Profit": 19981000.0,
        "Cost Of Revenue": 46190000.0,
        "Total Revenue": 66171000.0,
        "Operating Revenue": 66171000.0
    },
    "2025-06-30": {
        "Tax Effect Of Unusual Items": 5274538.690993,
        "Tax Rate For Calcs": 0.285867,
        "Normalized EBITDA": 53194000.0,
        "Total Unusual Items": 18451000.0,
        "Total Unusual Items Excluding Goodwill": 18451000.0,
        "Net Income From Continuing Operation Net Minority Interest": 24659000.0,
        "Reconciled Depreciation": 34576000.0,
        "Reconciled Cost Of Revenue": 60385000.0,
        "EBITDA": 71645000.0,
        "EBIT": 37069000.0,
        "Net Interest Income": -2539000.0,
        "Interest Expense": 2539000.0,
        "Normalized Income": 11482538.690993,
        "Net Income From Continuing And Discontinued Operation": 24659000.0,
        "Total Expenses": 63099000.0,
        "Total Operating Income As Reported": 18656000.0,
        "Diluted Average Shares": 40967995.0,
        "Basic Average Shares": 39104962.0,
        "Diluted EPS": 0.6,
        "Basic EPS": 0.62,
        "Diluted NI Availto Com Stockholders": 24659000.0,
        "Average Dilution Earnings": 376000.0,
        "Net Income Common Stockholders": 24283000.0,
        "Otherunder Preferred Stock Dividend": 376000.0,
        "Net Income": 24659000.0,
        "Net Income Including Noncontrolling Interests": 24659000.0,
        "Net Income Continuous Operations": 24659000.0,
        "Tax Provision": 9871000.0,
        "Pretax Income": 34530000.0,
        "Other Income Expense": 18413000.0,
        "Other Non Operating Income Expenses": -38000.0,
        "Gain On Sale Of Security": 18451000.0,
        "Net Non Operating Interest Income Expense": -2539000.0,
        "Interest Expense Non Operating": 2539000.0,
        "Operating Income": 18656000.0,
        "Operating Expense": 2714000.0,
        "Selling General And Administration": 2714000.0,
        "General And Administrative Expense": 2714000.0,
        "Other Gand A": 311000.0,
        "Salaries And Wages": 2403000.0,
        "Gross Profit": 21370000.0,
        "Cost Of Revenue": 60385000.0,
        "Total Revenue": 81755000.0,
        "Operating Revenue": 81755000.0
    },
    "2025-09-30": {
        "Tax Effect Of Unusual Items": 110526.517572,
        "Tax Rate For Calcs": 0.1623,
        "Normalized EBITDA": 34351000.0,
        "Total Unusual Items": 681000.0,
        "Total Unusual Items Excluding Goodwill": 681000.0,
        "Net Income From Continuing Operation Net Minority Interest": -1311000.0,
        "Reconciled Depreciation": 34216000.0,
        "Reconciled Cost Of Revenue": 58910000.0,
        "EBITDA": 35032000.0,
        "EBIT": 816000.0,
        "Net Interest Income": -2381000.0,
        "Interest Expense": 2381000.0,
        "Normalized Income": -1881473.482428,
        "Net Income From Continuing And Discontinued Operation": -1311000.0,
        "Total Expenses": 67335000.0,
        "Total Operating Income As Reported": 108000.0,
        "Diluted Average Shares": 39135284.0,
        "Basic Average Shares": 39135284.0,
        "Diluted EPS": -0.03,
        "Basic EPS": -0.03,
        "Diluted NI Availto Com Stockholders": -1311000.0,
        "Average Dilution Earnings": 0.0,
        "Net Income Common Stockholders": -1311000.0,
        "Otherunder Preferred Stock Dividend": 0.0,
        "Net Income": -1311000.0,
        "Net Income Including Noncontrolling Interests": -1311000.0,
        "Net Income Continuous Operations": -1311000.0,
        "Tax Provision": -254000.0,
        "Pretax Income": -1565000.0,
        "Other Income Expense": 708000.0,
        "Other Non Operating Income Expenses": 27000.0,
        "Gain On Sale Of Security": 681000.0,
        "Net Non Operating Interest Income Expense": -2381000.0,
        "Interest Expense Non Operating": 2381000.0,
        "Operating Income": 108000.0,
        "Operating Expense": 8425000.0,
        "Selling General And Administration": 8425000.0,
        "General And Administrative Expense": 8425000.0,
        "Other Gand A": 5743000.0,
        "Salaries And Wages": 2682000.0,
        "Gross Profit": 8533000.0,
        "Cost Of Revenue": 58910000.0,
        "Total Revenue": 67443000.0,
        "Operating Revenue": 67443000.0
    }
}