{
    "2023-03-31": {
        "Tax Effect Of Unusual Items": NaN,
        "Tax Rate For Calcs": NaN,
        "Normalized EBITDA": NaN,
        "Total Unusual Items": -67229.0,
        "Total Unusual Items Excluding Goodwill": -67229.0,
        "Net Income From Continuing Operation Net Minority Interest": NaN,
        "Reconciled Depreciation": NaN,
        "Reconciled Cost Of Revenue": NaN,
        "EBITDA": NaN,
        "EBIT": NaN,
        "Normalized Income": NaN,
        "Net Income From Continuing And Discontinued Operation": NaN,
        "Total Expenses": NaN,
        "Total Operating Income As Reported": NaN,
        "Diluted Average Shares": NaN,
        "Basic Average Shares": NaN,
        "Diluted EPS": NaN,
        "Basic EPS": NaN,
        "Diluted NI Availto Com Stockholders": NaN,
        "Net Income Common Stockholders": NaN,
        "Net Income": NaN,
        "Net Income Including Noncontrolling Interests": NaN,
        "Net Income Continuous Operations": NaN,
        "Tax Provision": NaN,
        "Pretax Income": NaN,
        "Other Income Expense": NaN,
        "Other Non Operating Income Expenses": NaN,
        "Special Income Charges": -67229.0,
        "Other Special Charges": 67229.0,
        "Operating Income": NaN,
        "Operating Expense": NaN,
        "Research And Development": NaN,
        "Selling General And Administration": NaN,
        "General And Administrative Expense": NaN,
        "Other Gand A": NaN,
        "Gross Profit": NaN,
        "Cost Of Revenue": NaN,
        "Total Revenue": NaN,
        "Operating Revenue": NaN
    },
    "2022-12-31": {
        "Tax Effect Of Unusual Items": 0.0,
        "Tax Rate For Calcs": 0.233029,
        "Normalized EBITDA": 2260478.0,
        "Total Unusual Items": NaN,
        "Total Unusual Items Excluding Goodwill": NaN,
        "Net Income From Continuing Operation Net Minority Interest": 1394331.0,
        "Reconciled Depreciation": 347799.0,
        "Reconciled Cost Of Revenue": 3340270.0,
        "EBITDA": 2260478.0,
        "EBIT": 1912679.0,
        "Normalized Income": 1394331.0,
        "Net Income From Continuing And Discontinued Operation": 1394331.0,
        "Total Expenses": 6735557.0,
        "Total Operating Income As Reported": 1912679.0,
        "Diluted Average Shares": NaN,
        "Basic Average Shares": NaN,
        "Diluted EPS": NaN,
        "Basic EPS": NaN,
        "Diluted NI Availto Com Stockholders": 1394331.0,
        "Net Income Common Stockholders": 1394331.0,
        "Net Income": 1394331.0,
        "Net Income Including Noncontrolling Interests": 1394331.0,
        "Net Income Continuous Operations": 1394331.0,
        "Tax Provision": 423641.0,
        "Pretax Income": 1817972.0,
        "Other Income Expense": -94707.0,
        "Other Non Operating Income Expenses": -94707.0,
        "Special Income Charges": NaN,
        "Other Special Charges": NaN,
        "Operating Income": 1912679.0,
        "Operating Expense": 3395287.0,
        "Research And Development": 622497.0,
        "Selling General And Administration": 2772790.0,
        "General And Administrative Expense": 2772790.0,
        "Other Gand A": 2772790.0,
        "Gross Profit": 5307966.0,
        "Cost Of Revenue": 3340270.0,
        "Total Revenue": 8648236.0,
        "Operating Revenue": 8648236.0
    },
    "2022-09-30": {
        "Tax Effect Of Unusual Items": NaN,
        "Tax Rate For Calcs": NaN,
        "Normalized EBITDA": NaN,
        "Total Unusual Items": 0.0,
        "Total Unusual Items Excluding Goodwill": 0.0,
        "Net Income From Continuing Operation Net Minority Interest": NaN,
        "Reconciled Depreciation": NaN,
        "Reconciled Cost Of Revenue": NaN,
        "EBITDA": NaN,
        "EBIT": NaN,
        "Normalized Income": NaN,
        "Net Income From Continuing And Discontinued Operation": NaN,
        "Total Expenses": NaN,
        "Total Operating Income As Reported": NaN,
        "Diluted Average Shares": 10867745.0,
        "Basic Average Shares": 10867745.0,
        "Diluted EPS": -0.07,
        "Basic EPS": -0.07,
        "Diluted NI Availto Com Stockholders": NaN,
        "Net Income Common Stockholders": NaN,
        "Net Income": NaN,
        "Net Income Including Noncontrolling Interests": NaN,
        "Net Income Continuous Operations": NaN,
        "Tax Provision": NaN,
        "Pretax Income": NaN,
        "Other Income Expense": NaN,
        "Other Non Operating Income Expenses": NaN,
        "Special Income Charges": 0.0,
        "Other Special Charges": NaN,
        "Operating Income": NaN,
        "Operating Expense": NaN,
        "Research And Development": NaN,
        "Selling General And Administration": NaN,
        "General And Administrative Expense": NaN,
        "Other Gand A": NaN,
        "Gross Profit": NaN,
        "Cost Of Revenue": NaN,
        "Total Revenue": NaN,
        "Operating Revenue": NaN
    },
    "2022-06-30": {
        "Tax Effect Of Unusual Items": 0.0,
        "Tax Rate For Calcs": 0.238559,
        "Normalized EBITDA": 1353370.0,
        "Total Unusual Items": NaN,
        "Total Unusual Items Excluding Goodwill": NaN,
        "Net Income From Continuing Operation Net Minority Interest": 787374.0,
        "Reconciled Depreciation": 311747.0,
        "Reconciled Cost Of Revenue": 3253651.0,
        "EBITDA": 1353370.0,
        "EBIT": 1041623.0,
        "Normalized Income": 787374.0,
        "Net Income From Continuing And Discontinued Operation": 787374.0,
        "Total Expenses": 6955760.0,
        "Total Operating Income As Reported": 1041623.0,
        "Diluted Average Shares": 10892302.0,
        "Basic Average Shares": 10866775.0,
        "Diluted EPS": 0.07,
        "Basic EPS": 0.07,
        "Diluted NI Availto Com Stockholders": 787374.0,
        "Net Income Common Stockholders": 787374.0,
        "Net Income": 787374.0,
        "Net Income Including Noncontrolling Interests": 787374.0,
        "Net Income Continuous Operations": 787374.0,
        "Tax Provision": 246684.0,
        "Pretax Income": 1034058.0,
        "Other Income Expense": -7565.0,
        "Other Non Operating Income Expenses": -7565.0,
        "Special Income Charges": NaN,
        "Operating Income": 1041623.0,
        "Operating Expense": 3702109.0,
        "Research And Development": 617058.0,
        "Selling General And Administration": 3085051.0,
        "General And Administrative Expense": 3085051.0,
        "Other Gand A": 3085051.0,
        "Gross Profit": 4743732.0,
        "Cost Of Revenue": 3253651.0,
        "Total Revenue": 7997383.0,
        "Operating Revenue": 7997383.0
    },
    "2022-03-31": {
        "Diluted EPS": 0.05,
        "Total Revenue": 7,
        "Gross Profit": 4,
        "Operating Income": 1,
        "EBIT": 1,
        "Net Income": 1
    },
    "2021-12-31": {
        "Diluted EPS": 0.0,
        "Total Revenue": 9,
        "Gross Profit": 3,
        "Operating Income": 0,
        "EBIT": 0,
        "Net Income": 0
    },
    "2021-09-30": {
        "Diluted EPS": 0.12,
        "Total Revenue": 6,
        "Gross Profit": 3,
        "Operating Income": 0,
        "EBIT": 1,
        "Net Income": 1
    },
    "2021-06-30": {
        "Diluted EPS": 0.05,
        "Total Revenue": 5,
        "Gross Profit": 3,
        "Operating Income": 1,
        "EBIT": 1,
        "Net Income": 1
    },
    "2021-03-31": {
        "Diluted EPS": 0.08,
        "Total Revenue": 4,
        "Gross Profit": 3,
        "Operating Income": 1,
        "EBIT": 1,
        "Net Income": 1
    },
    "2020-12-31": {
        "Diluted EPS": 0.21,
        "Total Revenue": 7,
        "Gross Profit": 5,
        "Operating Income": 1,
        "EBIT": 2,
        "Net Income": 2
    },
    "2020-09-30": {
        "Diluted EPS": 0.11,
        "Total Revenue": 6,
        "Gross Profit": 4,
        "Operating Income": 1,
        "EBIT": 1,
        "Net Income": 1
    },
    "2020-06-30": {
        "Diluted EPS": -0.08,
        "Total Revenue": 3,
        "Gross Profit": 2,
        "Operating Income": -1,
        "EBIT": -1,
        "Net Income": -1
    },
    "2020-03-31": {
        "Diluted EPS": -0.05,
        "Total Revenue": 3,
        "Gross Profit": 2,
        "Operating Income": -1,
        "EBIT": 0,
        "Net Income": 0
    },
    "2019-12-31": {
        "Diluted EPS": -0.01,
        "Total Revenue": 6,
        "Gross Profit": 3,
        "Operating Income": 0,
        "EBIT": 1,
        "Net Income": 0
    },
    "2019-09-30": {
        "Diluted EPS": 0.12,
        "Total Revenue": 7,
        "Gross Profit": 4,
        "Operating Income": 1,
        "EBIT": 1,
        "Net Income": 1
    },
    "2019-06-30": {
        "Diluted EPS": -0.08,
        "Total Revenue": 3,
        "Gross Profit": 2,
        "Operating Income": -1,
        "EBIT": -1,
        "Net Income": -1
    },
    "2019-03-31": {
        "Diluted EPS": -0.04,
        "Total Revenue": 3,
        "Gross Profit": 2,
        "Operating Income": 0,
        "EBIT": 0,
        "Net Income": 0
    },
    "2018-12-31": {
        "Diluted EPS": -0.16,
        "Total Revenue": 3,
        "Gross Profit": 1,
        "Operating Income": -2,
        "EBIT": -2,
        "Net Income": -1
    },
    "2018-09-30": {
        "Diluted EPS": 0.01,
        "Total Revenue": 4,
        "Gross Profit": 2,
        "Operating Income": 0,
        "EBIT": 0,
        "Net Income": 0
    },
    "2018-06-30": {
        "Diluted EPS": 0.26,
        "Total Revenue": 9,
        "Gross Profit": 6,
        "Operating Income": 3,
        "EBIT": 3,
        "Net Income": 2
    },
    "2018-03-31": {
        "Diluted EPS": -0.01,
        "Total Revenue": 3,
        "Gross Profit": 2,
        "Operating Income": 0,
        "EBIT": 0,
        "Net Income": 0
    },
    "2017-12-31": {
        "Diluted EPS": 0.06,
        "Total Revenue": 2,
        "Gross Profit": 2,
        "Operating Income": 2,
        "EBIT": 2,
        "Net Income": 0
    },
    "2017-09-30": {
        "Diluted EPS": 0.09,
        "Total Revenue": 5,
        "Gross Profit": 3,
        "Operating Income": 1,
        "EBIT": 1,
        "Net Income": 1
    },
    "2017-06-30": {
        "Diluted EPS": 0.2,
        "Total Revenue": 5,
        "Gross Profit": 4,
        "Operating Income": 2,
        "EBIT": 2,
        "Net Income": 2
    },
    "2017-03-31": {
        "Diluted EPS": 0.04,
        "Total Revenue": 4,
        "Gross Profit": 4,
        "Operating Income": 4,
        "EBIT": 4,
        "Net Income": 0
    },
    "2016-12-31": {
        "Diluted EPS": -0.04,
        "Total Revenue": 3,
        "Gross Profit": 3,
        "Operating Income": 3,
        "EBIT": 3,
        "Net Income": 0
    },
    "2016-09-30": {
        "Diluted EPS": 0.0,
        "Total Revenue": 3,
        "Gross Profit": 3,
        "Operating Income": 3,
        "EBIT": 3,
        "Net Income": 0
    },
    "2016-06-30": {
        "Diluted EPS": 0.0,
        "Total Revenue": 3,
        "Gross Profit": 3,
        "Operating Income": 3,
        "EBIT": 3,
        "Net Income": 0
    },
    "2016-03-31": {
        "Diluted EPS": 0.2,
        "Total Revenue": 6,
        "Gross Profit": 6,
        "Operating Income": 6,
        "EBIT": 6,
        "Net Income": 2
    },
    "2015-12-31": {
        "Diluted EPS": 0.0,
        "Total Revenue": 4,
        "Gross Profit": 4,
        "Operating Income": 4,
        "EBIT": 4,
        "Net Income": 0
    },
    "2015-09-30": {
        "Diluted EPS": 0.2,
        "Total Revenue": 4,
        "Gross Profit": 4,
        "Operating Income": 4,
        "EBIT": 4,
        "Net Income": 1
    },
    "2015-06-30": {
        "Diluted EPS": 0.0,
        "Total Revenue": 3,
        "Gross Profit": 3,
        "Operating Income": 3,
        "EBIT": 3,
        "Net Income": 0
    },
    "2015-03-31": {
        "Diluted EPS": 0.0,
        "Total Revenue": 3,
        "Gross Profit": 3,
        "Operating Income": 3,
        "EBIT": 3,
        "Net Income": 0
    },
    "2014-12-31": {
        "Diluted EPS": 0.2,
        "Total Revenue": 4,
        "Gross Profit": 4,
        "Operating Income": 4,
        "EBIT": 4,
        "Net Income": 1
    },
    "2014-09-30": {
        "Diluted EPS": 0.0,
        "Total Revenue": 2,
        "Gross Profit": 2,
        "Operating Income": 2,
        "EBIT": 2,
        "Net Income": 0
    },
    "2014-06-30": {
        "Diluted EPS": 0.0,
        "Total Revenue": 2,
        "Gross Profit": 2,
        "Operating Income": 2,
        "EBIT": 2,
        "Net Income": 0
    },
    "2014-03-31": {
        "Diluted EPS": 0.0,
        "Total Revenue": 2,
        "Gross Profit": 2,
        "Operating Income": 2,
        "EBIT": 2,
        "Net Income": 0
    },
    "2013-12-31": {
        "Diluted EPS": 0.0,
        "Total Revenue": 3,
        "Gross Profit": 3,
        "Operating Income": 3,
        "EBIT": 3,
        "Net Income": 0
    },
    "2013-09-30": {
        "Diluted EPS": 0.2,
        "Total Revenue": 3,
        "Gross Profit": 3,
        "Operating Income": 3,
        "EBIT": 3,
        "Net Income": 1
    },
    "2013-06-30": {
        "Diluted EPS": 0.0,
        "Total Revenue": 2,
        "Gross Profit": 2,
        "Operating Income": 2,
        "EBIT": 2,
        "Net Income": 0
    },
    "2013-03-31": {
        "Diluted EPS": 0.0,
        "Total Revenue": 2,
        "Gross Profit": 2,
        "Operating Income": 2,
        "EBIT": 2,
        "Net Income": 1
    },
    "2012-12-31": {
        "Diluted EPS": 0.0,
        "Total Revenue": 2,
        "Gross Profit": 2,
        "Operating Income": 2,
        "EBIT": 2,
        "Net Income": 0
    },
    "2012-09-30": {
        "Diluted EPS": 0.0,
        "Total Revenue": 1,
        "Gross Profit": 1,
        "Operating Income": 1,
        "EBIT": 1,
        "Net Income": -1
    },
    "2012-06-30": {
        "Diluted EPS": 0.0,
        "Total Revenue": 3,
        "Gross Profit": 3,
        "Operating Income": 3,
        "EBIT": 3,
        "Net Income": 1
    },
    "2012-03-31": {
        "Diluted EPS": 0.0,
        "Total Revenue": 3,
        "Gross Profit": 3,
        "Operating Income": 3,
        "EBIT": 3,
        "Net Income": 0
    },
    "2010-06-30": {
        "Diluted EPS": 0.0,
        "Total Revenue": 2,
        "Gross Profit": 2,
        "Operating Income": 2,
        "EBIT": 2,
        "Net Income": 0
    },
    "2010-03-31": {
        "Diluted EPS": 0.0,
        "Total Revenue": 1,
        "Gross Profit": 1,
        "Operating Income": 1,
        "EBIT": 1,
        "Net Income": 0
    },
    "2009-09-30": {
        "Diluted EPS": 0.0,
        "Total Revenue": 1,
        "Gross Profit": 1,
        "Operating Income": 1,
        "EBIT": 1,
        "Net Income": 0
    },
    "2009-06-30": {
        "Diluted EPS": 0.0,
        "Total Revenue": 1,
        "Gross Profit": 1,
        "Operating Income": 0,
        "EBIT": 0,
        "Net Income": 0
    },
    "2009-03-31": {
        "Diluted EPS": 0.0,
        "Total Revenue": 1,
        "Gross Profit": 1,
        "Operating Income": 1,
        "EBIT": 1,
        "Net Income": 0
    },
    "2023-06-30": {
        "Tax Effect Of Unusual Items": -27946.38,
        "Tax Rate For Calcs": 0.21,
        "Normalized EBITDA": 2436806.0,
        "Total Unusual Items": -133078.0,
        "Total Unusual Items Excluding Goodwill": -133078.0,
        "Net Income From Continuing Operation Net Minority Interest": 1026635.0,
        "Reconciled Depreciation": 375125.0,
        "Reconciled Cost Of Revenue": 4416202.0,
        "EBITDA": 2303728.0,
        "EBIT": 1928603.0,
        "Normalized Income": 1131766.62,
        "Net Income From Continuing And Discontinued Operation": 1026635.0,
        "Total Expenses": 8408300.0,
        "Total Operating Income As Reported": 1928603.0,
        "Diluted Average Shares": 10933130.0,
        "Basic Average Shares": 10924714.0,
        "Diluted EPS": 0.09,
        "Basic EPS": 0.09,
        "Diluted NI Availto Com Stockholders": 1026635.0,
        "Net Income Common Stockholders": 1026635.0,
        "Net Income": 1026635.0,
        "Net Income Including Noncontrolling Interests": 1026635.0,
        "Net Income Continuous Operations": 1026635.0,
        "Tax Provision": 977489.0,
        "Pretax Income": 2004124.0,
        "Other Income Expense": 75521.0,
        "Other Non Operating Income Expenses": 208599.0,
        "Special Income Charges": -133078.0,
        "Other Special Charges": 133078.0,
        "Operating Income": 1928603.0,
        "Operating Expense": 3992098.0,
        "Research And Development": 711754.0,
        "Selling General And Administration": 3280344.0,
        "General And Administrative Expense": 3280344.0,
        "Other Gand A": 3280344.0,
        "Gross Profit": 5920701.0,
        "Cost Of Revenue": 4416202.0,
        "Total Revenue": 10336903.0,
        "Operating Revenue": 10336903.0
    },
    "2023-09-30": {
        "Tax Effect Of Unusual Items": NaN,
        "Tax Rate For Calcs": NaN,
        "Normalized EBITDA": NaN,
        "Total Unusual Items": NaN,
        "Total Unusual Items Excluding Goodwill": NaN,
        "Net Income From Continuing Operation Net Minority Interest": NaN,
        "Reconciled Depreciation": NaN,
        "Reconciled Cost Of Revenue": NaN,
        "EBITDA": NaN,
        "EBIT": NaN,
        "Normalized Income": NaN,
        "Net Income From Continuing And Discontinued Operation": NaN,
        "Total Expenses": NaN,
        "Total Operating Income As Reported": NaN,
        "Diluted Average Shares": 10942509.0,
        "Basic Average Shares": 10934962.0,
        "Diluted EPS": 0.15,
        "Basic EPS": 0.15,
        "Diluted NI Availto Com Stockholders": NaN,
        "Net Income Common Stockholders": NaN,
        "Net Income": NaN,
        "Net Income Including Noncontrolling Interests": NaN,
        "Net Income Continuous Operations": NaN,
        "Tax Provision": NaN,
        "Pretax Income": NaN,
        "Other Income Expense": NaN,
        "Other Non Operating Income Expenses": NaN,
        "Special Income Charges": NaN,
        "Operating Income": NaN,
        "Operating Expense": NaN,
        "Research And Development": NaN,
        "Selling General And Administration": NaN,
        "General And Administrative Expense": NaN,
        "Other Gand A": NaN,
        "Gross Profit": NaN,
        "Cost Of Revenue": NaN,
        "Total Revenue": NaN,
        "Operating Revenue": NaN
    },
    "2024-03-31": {
        "Tax Effect Of Unusual Items": NaN,
        "Tax Rate For Calcs": NaN,
        "Normalized EBITDA": NaN,
        "Total Unusual Items": 0.0,
        "Total Unusual Items Excluding Goodwill": 0.0,
        "Net Income From Continuing Operation Net Minority Interest": NaN,
        "Reconciled Depreciation": NaN,
        "Reconciled Cost Of Revenue": NaN,
        "EBITDA": NaN,
        "EBIT": NaN,
        "Normalized Income": NaN,
        "Net Income From Continuing And Discontinued Operation": NaN,
        "Total Expenses": NaN,
        "Total Operating Income As Reported": NaN,
        "Diluted Average Shares": 10961188.0,
        "Basic Average Shares": 10959298.0,
        "Diluted EPS": 0.04,
        "Basic EPS": 0.04,
        "Diluted NI Availto Com Stockholders": NaN,
        "Net Income Common Stockholders": NaN,
        "Net Income": NaN,
        "Net Income Including Noncontrolling Interests": NaN,
        "Net Income Continuous Operations": NaN,
        "Tax Provision": NaN,
        "Pretax Income": NaN,
        "Other Income Expense": NaN,
        "Other Non Operating Income Expenses": NaN,
        "Special Income Charges": 0.0,
        "Operating Income": NaN,
        "Operating Expense": NaN,
        "Research And Development": NaN,
        "Selling General And Administration": NaN,
        "General And Administrative Expense": NaN,
        "Other Gand A": NaN,
        "Gross Profit": NaN,
        "Cost Of Revenue": NaN,
        "Total Revenue": NaN,
        "Operating Revenue": NaN
    },
    "2024-06-30": {
        "Tax Effect Of Unusual Items": 0.0,
        "Tax Rate For Calcs": 0.067969,
        "Normalized EBITDA": 1489371.0,
        "Total Unusual Items": 0.0,
        "Total Unusual Items Excluding Goodwill": 0.0,
        "Net Income From Continuing Operation Net Minority Interest": 1200727.0,
        "Reconciled Depreciation": 357950.0,
        "Reconciled Cost Of Revenue": 550424.0,
        "EBITDA": 1489371.0,
        "EBIT": 1131421.0,
        "Normalized Income": 1200727.0,
        "Net Income From Continuing And Discontinued Operation": 1200727.0,
        "Total Expenses": 4943619.0,
        "Total Operating Income As Reported": 1131421.0,
        "Diluted Average Shares": 11065866.0,
        "Basic Average Shares": 11063366.0,
        "Diluted EPS": 0.11,
        "Basic EPS": 0.11,
        "Diluted NI Availto Com Stockholders": 1200727.0,
        "Net Income Common Stockholders": 1200727.0,
        "Net Income": 1200727.0,
        "Net Income Including Noncontrolling Interests": 1200727.0,
        "Net Income Continuous Operations": 1200727.0,
        "Tax Provision": 87564.0,
        "Pretax Income": 1288291.0,
        "Other Income Expense": 156870.0,
        "Other Non Operating Income Expenses": 156870.0,
        "Special Income Charges": 0.0,
        "Operating Income": 1131421.0,
        "Operating Expense": 4393195.0,
        "Research And Development": 855285.0,
        "Selling General And Administration": 3537910.0,
        "General And Administrative Expense": 3537910.0,
        "Other Gand A": 3537910.0,
        "Gross Profit": 5524616.0,
        "Cost Of Revenue": 550424.0,
        "Total Revenue": 6075040.0,
        "Operating Revenue": 6075040.0
    },
    "2024-09-30": {
        "Tax Effect Of Unusual Items": 0.0,
        "Tax Rate For Calcs": 0.262925,
        "Normalized EBITDA": 1105950.0,
        "Total Unusual Items": NaN,
        "Total Unusual Items Excluding Goodwill": NaN,
        "Net Income From Continuing Operation Net Minority Interest": 583101.0,
        "Reconciled Depreciation": 350318.0,
        "Reconciled Cost Of Revenue": 1986296.0,
        "EBITDA": 1105950.0,
        "EBIT": 755632.0,
        "Normalized Income": 583101.0,
        "Net Income From Continuing And Discontinued Operation": 583101.0,
        "Total Expenses": 6728637.0,
        "Total Operating Income As Reported": 755632.0,
        "Diluted Average Shares": 11175882.0,
        "Basic Average Shares": 11175882.0,
        "Diluted EPS": 0.05,
        "Basic EPS": 0.05,
        "Diluted NI Availto Com Stockholders": 583101.0,
        "Net Income Common Stockholders": 583101.0,
        "Net Income": 583101.0,
        "Net Income Including Noncontrolling Interests": 583101.0,
        "Net Income Continuous Operations": 583101.0,
        "Tax Provision": 208000.0,
        "Pretax Income": 791101.0,
        "Other Income Expense": 35469.0,
        "Other Non Operating Income Expenses": 35469.0,
        "Special Income Charges": NaN,
        "Operating Income": 755632.0,
        "Operating Expense": 4742341.0,
        "Research And Development": 724757.0,
        "Selling General And Administration": 4017584.0,
        "General And Administrative Expense": 4017584.0,
        "Other Gand A": 4017584.0,
        "Gross Profit": 5497973.0,
        "Cost Of Revenue": 1986296.0,
        "Total Revenue": 7484269.0,
        "Operating Revenue": 7484269.0
    },
    "2024-12-31": {
        "Tax Effect Of Unusual Items": 0.0,
        "Tax Rate For Calcs": 0.21,
        "Normalized EBITDA": -945364.0,
        "Total Unusual Items": NaN,
        "Total Unusual Items Excluding Goodwill": NaN,
        "Net Income From Continuing Operation Net Minority Interest": -1636321.0,
        "Reconciled Depreciation": 343697.0,
        "Reconciled Cost Of Revenue": 1769326.0,
        "EBITDA": -945364.0,
        "EBIT": -1289061.0,
        "Normalized Income": -1636321.0,
        "Net Income From Continuing And Discontinued Operation": -1636321.0,
        "Total Expenses": 5986173.0,
        "Total Operating Income As Reported": -1289061.0,
        "Diluted Average Shares": NaN,
        "Basic Average Shares": NaN,
        "Diluted EPS": NaN,
        "Basic EPS": NaN,
        "Diluted NI Availto Com Stockholders": -1636321.0,
        "Net Income Common Stockholders": -1636321.0,
        "Net Income": -1636321.0,
        "Net Income Including Noncontrolling Interests": -1636321.0,
        "Net Income Continuous Operations": -1636321.0,
        "Tax Provision": 80286.0,
        "Pretax Income": -1556035.0,
        "Other Income Expense": -266974.0,
        "Other Non Operating Income Expenses": -266974.0,
        "Special Income Charges": NaN,
        "Operating Income": -1289061.0,
        "Operating Expense": 4216847.0,
        "Research And Development": 729880.0,
        "Selling General And Administration": 3486967.0,
        "General And Administrative Expense": 3486967.0,
        "Other Gand A": 3486967.0,
        "Gross Profit": 2927786.0,
        "Cost Of Revenue": 1769326.0,
        "Total Revenue": 4697112.0,
        "Operating Revenue": 4697112.0
    },
    "2025-03-31": {
        "Tax Effect Of Unusual Items": 0.0,
        "Tax Rate For Calcs": 0.074667,
        "Normalized EBITDA": 1726307.0,
        "Total Unusual Items": NaN,
        "Total Unusual Items Excluding Goodwill": NaN,
        "Net Income From Continuing Operation Net Minority Interest": 1264060.0,
        "Reconciled Depreciation": 358504.0,
        "Reconciled Cost Of Revenue": 1963367.0,
        "EBITDA": 1726307.0,
        "EBIT": 1367803.0,
        "Normalized Income": 1264060.0,
        "Net Income From Continuing And Discontinued Operation": 1264060.0,
        "Total Expenses": 5792444.0,
        "Total Operating Income As Reported": 1367803.0,
        "Diluted Average Shares": 11162037.0,
        "Basic Average Shares": 11162037.0,
        "Diluted EPS": 0.11,
        "Basic EPS": 0.11,
        "Diluted NI Availto Com Stockholders": 1264060.0,
        "Net Income Common Stockholders": 1264060.0,
        "Net Income": 1264060.0,
        "Net Income Including Noncontrolling Interests": 1264060.0,
        "Net Income Continuous Operations": 1264060.0,
        "Tax Provision": 102000.0,
        "Pretax Income": 1366060.0,
        "Other Income Expense": -1743.0,
        "Other Non Operating Income Expenses": -1743.0,
        "Special Income Charges": NaN,
        "Operating Income": 1367803.0,
        "Operating Expense": 3829077.0,
        "Research And Development": 609127.0,
        "Selling General And Administration": 3219950.0,
        "General And Administrative Expense": 3219950.0,
        "Other Gand A": 3219950.0,
        "Gross Profit": 5196880.0,
        "Cost Of Revenue": 1963367.0,
        "Total Revenue": 7160247.0,
        "Operating Revenue": 7160247.0
    },
    "2025-06-30": {
        "Tax Effect Of Unusual Items": 0.0,
        "Tax Rate For Calcs": 0.21,
        "Normalized EBITDA": 1470068.0,
        "Total Unusual Items": 0.0,
        "Total Unusual Items Excluding Goodwill": 0.0,
        "Net Income From Continuing Operation Net Minority Interest": 175314.0,
        "Reconciled Depreciation": 555702.0,
        "Reconciled Cost Of Revenue": 2166461.0,
        "EBITDA": 1470068.0,
        "EBIT": 914366.0,
        "Normalized Income": 175314.0,
        "Net Income From Continuing And Discontinued Operation": 175314.0,
        "Total Expenses": 6064572.0,
        "Total Operating Income As Reported": 914366.0,
        "Diluted Average Shares": 11261588.0,
        "Basic Average Shares": 11261588.0,
        "Diluted EPS": 0.02,
        "Basic EPS": 0.02,
        "Diluted NI Availto Com Stockholders": 175314.0,
        "Net Income Common Stockholders": 175314.0,
        "Net Income": 175314.0,
        "Net Income Including Noncontrolling Interests": 175314.0,
        "Net Income Continuous Operations": 175314.0,
        "Tax Provision": -9000.0,
        "Pretax Income": 166314.0,
        "Other Income Expense": -748052.0,
        "Other Non Operating Income Expenses": -748052.0,
        "Special Income Charges": 0.0,
        "Operating Income": 914366.0,
        "Operating Expense": 3898111.0,
        "Research And Development": 608116.0,
        "Selling General And Administration": 3289995.0,
        "General And Administrative Expense": 3289995.0,
        "Other Gand A": 3289995.0,
        "Gross Profit": 4812477.0,
        "Cost Of Revenue": 2166461.0,
        "Total Revenue": 6978938.0,
        "Operating Revenue": 6978938.0
    }
}