{
    "2023-03-31": {
        "Tax Effect Of Unusual Items": NaN,
        "Tax Rate For Calcs": NaN,
        "Normalized EBITDA": NaN,
        "Total Unusual Items": 1600000.0,
        "Total Unusual Items Excluding Goodwill": 1600000.0,
        "Net Income From Continuing Operation Net Minority Interest": NaN,
        "Reconciled Depreciation": NaN,
        "EBITDA": NaN,
        "EBIT": NaN,
        "Net Interest Income": NaN,
        "Interest Expense": NaN,
        "Interest Income": NaN,
        "Normalized Income": NaN,
        "Net Income From Continuing And Discontinued Operation": NaN,
        "Total Expenses": NaN,
        "Total Operating Income As Reported": NaN,
        "Diluted Average Shares": NaN,
        "Basic Average Shares": NaN,
        "Diluted EPS": NaN,
        "Basic EPS": NaN,
        "Diluted NI Availto Com Stockholders": NaN,
        "Net Income Common Stockholders": NaN,
        "Net Income": NaN,
        "Minority Interests": NaN,
        "Net Income Including Noncontrolling Interests": NaN,
        "Net Income Continuous Operations": NaN,
        "Tax Provision": NaN,
        "Pretax Income": NaN,
        "Other Income Expense": NaN,
        "Other Non Operating Income Expenses": NaN,
        "Gain On Sale Of Security": 1600000.0,
        "Net Non Operating Interest Income Expense": NaN,
        "Interest Expense Non Operating": NaN,
        "Interest Income Non Operating": NaN,
        "Operating Income": NaN,
        "Operating Expense": NaN,
        "Research And Development": NaN,
        "Selling General And Administration": NaN,
        "General And Administrative Expense": NaN,
        "Other Gand A": NaN,
        "Total Revenue": NaN,
        "Operating Revenue": NaN
    },
    "2022-12-31": {
        "Tax Effect Of Unusual Items": NaN,
        "Tax Rate For Calcs": NaN,
        "Normalized EBITDA": NaN,
        "Total Unusual Items": NaN,
        "Total Unusual Items Excluding Goodwill": NaN,
        "Net Income From Continuing Operation Net Minority Interest": NaN,
        "Reconciled Depreciation": NaN,
        "EBITDA": NaN,
        "EBIT": NaN,
        "Net Interest Income": NaN,
        "Interest Expense": 6000.0,
        "Interest Income": NaN,
        "Normalized Income": NaN,
        "Net Income From Continuing And Discontinued Operation": NaN,
        "Total Expenses": NaN,
        "Total Operating Income As Reported": NaN,
        "Diluted Average Shares": 2037090.0,
        "Basic Average Shares": 2037090.0,
        "Diluted EPS": -2.4,
        "Basic EPS": -2.4,
        "Diluted NI Availto Com Stockholders": NaN,
        "Net Income Common Stockholders": NaN,
        "Net Income": NaN,
        "Minority Interests": NaN,
        "Net Income Including Noncontrolling Interests": NaN,
        "Net Income Continuous Operations": NaN,
        "Tax Provision": NaN,
        "Pretax Income": NaN,
        "Other Income Expense": NaN,
        "Other Non Operating Income Expenses": NaN,
        "Gain On Sale Of Security": NaN,
        "Net Non Operating Interest Income Expense": NaN,
        "Interest Expense Non Operating": 6000.0,
        "Interest Income Non Operating": NaN,
        "Operating Income": NaN,
        "Operating Expense": NaN,
        "Research And Development": NaN,
        "Selling General And Administration": NaN,
        "General And Administrative Expense": NaN,
        "Other Gand A": NaN,
        "Total Revenue": NaN,
        "Operating Revenue": NaN
    },
    "2022-09-30": {
        "Tax Effect Of Unusual Items": 0.0,
        "Tax Rate For Calcs": 0.0,
        "Normalized EBITDA": -5436000.0,
        "Net Income From Continuing Operation Net Minority Interest": -4261000.0,
        "Reconciled Depreciation": 24000.0,
        "EBITDA": -5436000.0,
        "EBIT": -5460000.0,
        "Net Interest Income": 142000.0,
        "Interest Expense": 8000.0,
        "Interest Income": 150000.0,
        "Normalized Income": -4261000.0,
        "Net Income From Continuing And Discontinued Operation": -4261000.0,
        "Total Expenses": 5689000.0,
        "Total Operating Income As Reported": -5689000.0,
        "Diluted Average Shares": 80490121.0,
        "Basic Average Shares": 80490121.0,
        "Diluted EPS": -0.05,
        "Basic EPS": -0.05,
        "Diluted NI Availto Com Stockholders": -4261000.0,
        "Net Income Common Stockholders": -4261000.0,
        "Net Income": -4261000.0,
        "Minority Interests": 1207000.0,
        "Net Income Including Noncontrolling Interests": -5468000.0,
        "Net Income Continuous Operations": -5468000.0,
        "Tax Provision": 0.0,
        "Pretax Income": -5468000.0,
        "Other Income Expense": 79000.0,
        "Other Non Operating Income Expenses": 79000.0,
        "Net Non Operating Interest Income Expense": 142000.0,
        "Interest Expense Non Operating": 8000.0,
        "Interest Income Non Operating": 150000.0,
        "Operating Income": -5689000.0,
        "Operating Expense": 5689000.0,
        "Research And Development": 3055000.0,
        "Selling General And Administration": 2634000.0,
        "General And Administrative Expense": 2634000.0,
        "Other Gand A": 2634000.0,
        "Total Revenue": 0.0,
        "Operating Revenue": 0.0
    },
    "2022-06-30": {
        "Tax Effect Of Unusual Items": 0.0,
        "Tax Rate For Calcs": 0.0,
        "Normalized EBITDA": -4069000.0,
        "Net Income From Continuing Operation Net Minority Interest": -3151000.0,
        "Reconciled Depreciation": 22000.0,
        "EBITDA": -4069000.0,
        "EBIT": -4091000.0,
        "Net Interest Income": 50000.0,
        "Interest Expense": 0.0,
        "Interest Income": 50000.0,
        "Normalized Income": -3151000.0,
        "Net Income From Continuing And Discontinued Operation": -3151000.0,
        "Total Expenses": 4036000.0,
        "Total Operating Income As Reported": -4027000.0,
        "Diluted Average Shares": 70366823.0,
        "Basic Average Shares": 70366823.0,
        "Diluted EPS": -0.04,
        "Basic EPS": -0.04,
        "Diluted NI Availto Com Stockholders": -3151000.0,
        "Net Income Common Stockholders": -3151000.0,
        "Net Income": -3151000.0,
        "Minority Interests": 940000.0,
        "Net Income Including Noncontrolling Interests": -4091000.0,
        "Net Income Continuous Operations": -4091000.0,
        "Tax Provision": 0.0,
        "Pretax Income": -4091000.0,
        "Other Income Expense": -114000.0,
        "Other Non Operating Income Expenses": -114000.0,
        "Net Non Operating Interest Income Expense": 50000.0,
        "Interest Expense Non Operating": 0.0,
        "Interest Income Non Operating": 50000.0,
        "Operating Income": -4027000.0,
        "Operating Expense": 4036000.0,
        "Research And Development": 2205000.0,
        "Selling General And Administration": 1831000.0,
        "General And Administrative Expense": 1831000.0,
        "Other Gand A": 1831000.0,
        "Total Revenue": 9000.0,
        "Operating Revenue": 9000.0
    },
    "2022-03-31": {
        "Diluted EPS": -0.1,
        "Total Revenue": 2,
        "Gross Profit": 2,
        "Operating Income": -6,
        "EBIT": -6,
        "Net Income": -7
    },
    "2021-12-31": {
        "Diluted EPS": -0.1,
        "Total Revenue": 0,
        "Gross Profit": 0,
        "Operating Income": -11,
        "EBIT": -11,
        "Net Income": -7
    },
    "2021-09-30": {
        "Diluted EPS": -0.02,
        "Total Revenue": 3,
        "Gross Profit": 3,
        "Operating Income": -2,
        "EBIT": -2,
        "Net Income": -1
    },
    "2021-06-30": {
        "Diluted EPS": -0.01,
        "Total Revenue": 0,
        "Gross Profit": 0,
        "Operating Income": -5,
        "EBIT": -5,
        "Net Income": -1
    },
    "2021-03-31": {
        "Diluted EPS": -0.08,
        "Total Revenue": 1,
        "Gross Profit": 1,
        "Operating Income": -4,
        "EBIT": -4,
        "Net Income": -4
    },
    "2020-12-31": {
        "Diluted EPS": 0.03,
        "Total Revenue": 6,
        "Gross Profit": 6,
        "Operating Income": 2,
        "EBIT": 2,
        "Net Income": 1
    },
    "2020-09-30": {
        "Diluted EPS": -0.03,
        "Total Revenue": 0,
        "Gross Profit": 0,
        "Operating Income": -3,
        "EBIT": -3,
        "Net Income": -2
    },
    "2020-06-30": {
        "Diluted EPS": -0.07,
        "Total Revenue": NaN,
        "Gross Profit": NaN,
        "Operating Income": -4,
        "EBIT": -4,
        "Net Income": -3
    },
    "2020-03-31": {
        "Diluted EPS": -0.11,
        "Total Revenue": 0,
        "Gross Profit": 0,
        "Operating Income": -7,
        "EBIT": -7,
        "Net Income": -5
    },
    "2019-12-31": {
        "Diluted EPS": -0.1,
        "Total Revenue": 0,
        "Gross Profit": 0,
        "Operating Income": -6,
        "EBIT": -6,
        "Net Income": 0
    },
    "2019-09-30": {
        "Diluted EPS": -0.13,
        "Total Revenue": 0,
        "Gross Profit": 0,
        "Operating Income": -5,
        "EBIT": -5,
        "Net Income": -4
    },
    "2019-06-30": {
        "Diluted EPS": -0.1,
        "Total Revenue": 2,
        "Gross Profit": 2,
        "Operating Income": -5,
        "EBIT": -5,
        "Net Income": -3
    },
    "2019-03-31": {
        "Diluted EPS": -0.26,
        "Total Revenue": 1,
        "Gross Profit": 1,
        "Operating Income": -4,
        "EBIT": -4,
        "Net Income": -6
    },
    "2018-12-31": {
        "Diluted EPS": -0.02,
        "Total Revenue": 5,
        "Gross Profit": 5,
        "Operating Income": 0,
        "EBIT": 0,
        "Net Income": -2
    },
    "2018-09-30": {
        "Diluted EPS": -0.06,
        "Total Revenue": 3,
        "Gross Profit": 3,
        "Operating Income": -1,
        "EBIT": -1,
        "Net Income": -1
    },
    "2018-06-30": {
        "Diluted EPS": -0.31,
        "Total Revenue": 2,
        "Gross Profit": 2,
        "Operating Income": -9,
        "EBIT": -9,
        "Net Income": -3
    },
    "2018-03-31": {
        "Diluted EPS": -0.3,
        "Total Revenue": 2,
        "Gross Profit": 2,
        "Operating Income": -9,
        "EBIT": -9,
        "Net Income": -3
    },
    "2017-12-31": {
        "Diluted EPS": -0.44,
        "Total Revenue": 0,
        "Gross Profit": 0,
        "Operating Income": -13,
        "EBIT": -12,
        "Net Income": -4
    },
    "2017-09-30": {
        "Diluted EPS": -0.38,
        "Total Revenue": 0,
        "Gross Profit": 0,
        "Operating Income": -12,
        "EBIT": -11,
        "Net Income": -4
    },
    "2017-06-30": {
        "Diluted EPS": -0.41,
        "Total Revenue": 0,
        "Gross Profit": 0,
        "Operating Income": -13,
        "EBIT": -12,
        "Net Income": -4
    },
    "2017-03-31": {
        "Diluted EPS": -0.44,
        "Total Revenue": 0,
        "Gross Profit": 0,
        "Operating Income": -14,
        "EBIT": -13,
        "Net Income": -4
    },
    "2016-12-31": {
        "Diluted EPS": -0.41,
        "Total Revenue": 0,
        "Gross Profit": 0,
        "Operating Income": -13,
        "EBIT": -13,
        "Net Income": -4
    },
    "2016-09-30": {
        "Diluted EPS": -0.41,
        "Total Revenue": 0,
        "Gross Profit": 0,
        "Operating Income": -14,
        "EBIT": -13,
        "Net Income": -4
    },
    "2016-06-30": {
        "Diluted EPS": -0.47,
        "Total Revenue": 0,
        "Gross Profit": 0,
        "Operating Income": -15,
        "EBIT": -15,
        "Net Income": -4
    },
    "2016-03-31": {
        "Diluted EPS": -0.42,
        "Total Revenue": 0,
        "Gross Profit": 0,
        "Operating Income": -14,
        "EBIT": -13,
        "Net Income": -4
    },
    "2015-12-31": {
        "Diluted EPS": -2.83,
        "Total Revenue": 0,
        "Gross Profit": 0,
        "Operating Income": -11,
        "EBIT": -11,
        "Net Income": -3
    },
    "2015-09-30": {
        "Diluted EPS": -0.49,
        "Total Revenue": 0,
        "Gross Profit": 0,
        "Operating Income": -9,
        "EBIT": -9,
        "Net Income": -4
    },
    "2015-06-30": {
        "Diluted EPS": 0.0,
        "Total Revenue": 0,
        "Gross Profit": 0,
        "Operating Income": -8,
        "EBIT": -8,
        "Net Income": -10
    },
    "2015-03-31": {
        "Diluted EPS": 0.0,
        "Total Revenue": 0,
        "Gross Profit": 0,
        "Operating Income": -10,
        "EBIT": -10,
        "Net Income": -10
    },
    "2014-12-31": {
        "Diluted EPS": 0.0,
        "Total Revenue": NaN,
        "Gross Profit": NaN,
        "Operating Income": NaN,
        "EBIT": NaN,
        "Net Income": NaN
    },
    "2014-09-30": {
        "Diluted EPS": 0.0,
        "Total Revenue": 0,
        "Gross Profit": 0,
        "Operating Income": -6,
        "EBIT": -5,
        "Net Income": -6
    },
    "2014-06-30": {
        "Diluted EPS": -0.23,
        "Total Revenue": 0,
        "Gross Profit": 0,
        "Operating Income": -7,
        "EBIT": -7,
        "Net Income": -7
    },
    "2013-12-31": {
        "Diluted EPS": 0.0,
        "Total Revenue": NaN,
        "Gross Profit": NaN,
        "Operating Income": NaN,
        "EBIT": NaN,
        "Net Income": NaN
    },
    "2023-06-30": {
        "Tax Effect Of Unusual Items": NaN,
        "Tax Rate For Calcs": NaN,
        "Normalized EBITDA": NaN,
        "Net Income From Continuing Operation Net Minority Interest": NaN,
        "Reconciled Depreciation": NaN,
        "EBITDA": NaN,
        "EBIT": NaN,
        "Net Interest Income": NaN,
        "Interest Expense": NaN,
        "Interest Income": NaN,
        "Normalized Income": NaN,
        "Net Income From Continuing And Discontinued Operation": NaN,
        "Total Expenses": NaN,
        "Total Operating Income As Reported": NaN,
        "Diluted Average Shares": 2084973.0,
        "Basic Average Shares": 2084973.0,
        "Diluted EPS": -2.69,
        "Basic EPS": -2.69,
        "Diluted NI Availto Com Stockholders": NaN,
        "Net Income Common Stockholders": NaN,
        "Net Income": NaN,
        "Minority Interests": NaN,
        "Net Income Including Noncontrolling Interests": NaN,
        "Net Income Continuous Operations": NaN,
        "Tax Provision": NaN,
        "Pretax Income": NaN,
        "Other Income Expense": NaN,
        "Other Non Operating Income Expenses": NaN,
        "Net Non Operating Interest Income Expense": NaN,
        "Interest Expense Non Operating": NaN,
        "Interest Income Non Operating": NaN,
        "Operating Income": NaN,
        "Operating Expense": NaN,
        "Research And Development": NaN,
        "Selling General And Administration": NaN,
        "General And Administrative Expense": NaN,
        "Other Gand A": NaN,
        "Total Revenue": NaN,
        "Operating Revenue": NaN
    },
    "2023-09-30": {
        "Tax Effect Of Unusual Items": NaN,
        "Tax Rate For Calcs": NaN,
        "Normalized EBITDA": NaN,
        "Net Income From Continuing Operation Net Minority Interest": NaN,
        "Reconciled Depreciation": NaN,
        "EBITDA": NaN,
        "EBIT": NaN,
        "Net Interest Income": NaN,
        "Interest Expense": 4000.0,
        "Interest Income": NaN,
        "Normalized Income": NaN,
        "Net Income From Continuing And Discontinued Operation": NaN,
        "Total Expenses": NaN,
        "Total Operating Income As Reported": NaN,
        "Diluted Average Shares": 2084973.0,
        "Basic Average Shares": 2084973.0,
        "Diluted EPS": -3.19,
        "Basic EPS": -3.19,
        "Diluted NI Availto Com Stockholders": NaN,
        "Net Income Common Stockholders": NaN,
        "Net Income": NaN,
        "Minority Interests": NaN,
        "Net Income Including Noncontrolling Interests": NaN,
        "Net Income Continuous Operations": NaN,
        "Tax Provision": NaN,
        "Pretax Income": NaN,
        "Other Income Expense": NaN,
        "Other Non Operating Income Expenses": NaN,
        "Net Non Operating Interest Income Expense": NaN,
        "Interest Expense Non Operating": 4000.0,
        "Interest Income Non Operating": NaN,
        "Operating Income": NaN,
        "Operating Expense": NaN,
        "Research And Development": NaN,
        "Selling General And Administration": NaN,
        "General And Administrative Expense": NaN,
        "Other Gand A": NaN,
        "Total Revenue": NaN,
        "Operating Revenue": NaN
    },
    "2023-12-31": {
        "Tax Effect Of Unusual Items": 0.0,
        "Tax Rate For Calcs": 0.0,
        "Normalized EBITDA": -4411000.0,
        "Net Income From Continuing Operation Net Minority Interest": -3478000.0,
        "Reconciled Depreciation": 23000.0,
        "EBITDA": -4411000.0,
        "EBIT": -4434000.0,
        "Net Interest Income": 81000.0,
        "Interest Expense": 7000.0,
        "Interest Income": 88000.0,
        "Normalized Income": -3478000.0,
        "Net Income From Continuing And Discontinued Operation": -3478000.0,
        "Total Expenses": 4707000.0,
        "Total Operating Income As Reported": -4707000.0,
        "Diluted Average Shares": NaN,
        "Basic Average Shares": NaN,
        "Diluted EPS": NaN,
        "Basic EPS": NaN,
        "Diluted NI Availto Com Stockholders": -3478000.0,
        "Net Income Common Stockholders": -3478000.0,
        "Net Income": -3478000.0,
        "Minority Interests": 963000.0,
        "Net Income Including Noncontrolling Interests": -4441000.0,
        "Net Income Continuous Operations": -4441000.0,
        "Tax Provision": 0.0,
        "Pretax Income": -4441000.0,
        "Other Income Expense": 185000.0,
        "Other Non Operating Income Expenses": 185000.0,
        "Net Non Operating Interest Income Expense": 81000.0,
        "Interest Expense Non Operating": 7000.0,
        "Interest Income Non Operating": 88000.0,
        "Operating Income": -4707000.0,
        "Operating Expense": 4707000.0,
        "Research And Development": 2138000.0,
        "Selling General And Administration": 2569000.0,
        "General And Administrative Expense": 2569000.0,
        "Other Gand A": 2569000.0,
        "Total Revenue": 0.0,
        "Operating Revenue": 0.0
    },
    "2024-03-31": {
        "Tax Effect Of Unusual Items": 0.0,
        "Tax Rate For Calcs": 0.21,
        "Normalized EBITDA": -5605000.0,
        "Net Income From Continuing Operation Net Minority Interest": -4865000.0,
        "Reconciled Depreciation": 22000.0,
        "EBITDA": -5605000.0,
        "EBIT": -5627000.0,
        "Net Interest Income": 79000.0,
        "Interest Expense": NaN,
        "Interest Income": 79000.0,
        "Normalized Income": -4865000.0,
        "Net Income From Continuing And Discontinued Operation": -4865000.0,
        "Total Expenses": 6627000.0,
        "Total Operating Income As Reported": -5627000.0,
        "Diluted Average Shares": 4141492.0,
        "Basic Average Shares": 4141492.0,
        "Diluted EPS": -1.17,
        "Basic EPS": -1.17,
        "Diluted NI Availto Com Stockholders": -4865000.0,
        "Net Income Common Stockholders": -4865000.0,
        "Net Income": -4865000.0,
        "Minority Interests": 1154000.0,
        "Net Income Including Noncontrolling Interests": -6019000.0,
        "Net Income Continuous Operations": -6019000.0,
        "Tax Provision": 100000.0,
        "Pretax Income": -5919000.0,
        "Other Income Expense": -371000.0,
        "Other Non Operating Income Expenses": -371000.0,
        "Net Non Operating Interest Income Expense": 79000.0,
        "Interest Expense Non Operating": NaN,
        "Interest Income Non Operating": 79000.0,
        "Operating Income": -5627000.0,
        "Operating Expense": 6627000.0,
        "Research And Development": 2649000.0,
        "Selling General And Administration": 3978000.0,
        "General And Administrative Expense": 3978000.0,
        "Other Gand A": 3978000.0,
        "Total Revenue": 1000000.0,
        "Operating Revenue": 1000000.0
    },
    "2024-06-30": {
        "Tax Effect Of Unusual Items": 0.0,
        "Tax Rate For Calcs": 0.0,
        "Normalized EBITDA": -6386000.0,
        "Net Income From Continuing Operation Net Minority Interest": -5180000.0,
        "Reconciled Depreciation": 23000.0,
        "EBITDA": -6386000.0,
        "EBIT": -6409000.0,
        "Net Interest Income": 553000.0,
        "Interest Expense": 0.0,
        "Interest Income": 553000.0,
        "Normalized Income": -5180000.0,
        "Net Income From Continuing And Discontinued Operation": -5180000.0,
        "Total Expenses": 7155000.0,
        "Total Operating Income As Reported": -7155000.0,
        "Diluted Average Shares": 6403444.0,
        "Basic Average Shares": 6403444.0,
        "Diluted EPS": -0.81,
        "Basic EPS": -0.81,
        "Diluted NI Availto Com Stockholders": -5180000.0,
        "Net Income Common Stockholders": -5180000.0,
        "Net Income": -5180000.0,
        "Minority Interests": 1229000.0,
        "Net Income Including Noncontrolling Interests": -6409000.0,
        "Net Income Continuous Operations": -6409000.0,
        "Tax Provision": 0.0,
        "Pretax Income": -6409000.0,
        "Other Income Expense": 193000.0,
        "Other Non Operating Income Expenses": 193000.0,
        "Net Non Operating Interest Income Expense": 553000.0,
        "Interest Expense Non Operating": 0.0,
        "Interest Income Non Operating": 553000.0,
        "Operating Income": -7155000.0,
        "Operating Expense": 7155000.0,
        "Research And Development": 3439000.0,
        "Selling General And Administration": 3716000.0,
        "General And Administrative Expense": 3716000.0,
        "Other Gand A": 3716000.0,
        "Total Revenue": 0.0,
        "Operating Revenue": 0.0
    },
    "2024-09-30": {
        "Tax Effect Of Unusual Items": 0.0,
        "Tax Rate For Calcs": 0.0,
        "Normalized EBITDA": -5818000.0,
        "Net Income From Continuing Operation Net Minority Interest": -4783000.0,
        "Reconciled Depreciation": 22000.0,
        "EBITDA": -5818000.0,
        "EBIT": -5840000.0,
        "Net Interest Income": 504000.0,
        "Interest Expense": 0.0,
        "Interest Income": 504000.0,
        "Normalized Income": -4783000.0,
        "Net Income From Continuing And Discontinued Operation": -4783000.0,
        "Total Expenses": 6506000.0,
        "Total Operating Income As Reported": -6506000.0,
        "Diluted Average Shares": 5456307.0,
        "Basic Average Shares": 5456307.0,
        "Diluted EPS": -0.88,
        "Basic EPS": -0.88,
        "Diluted NI Availto Com Stockholders": -4783000.0,
        "Net Income Common Stockholders": -4783000.0,
        "Net Income": -4783000.0,
        "Minority Interests": 1057000.0,
        "Net Income Including Noncontrolling Interests": -5840000.0,
        "Net Income Continuous Operations": -5840000.0,
        "Tax Provision": 0.0,
        "Pretax Income": -5840000.0,
        "Other Income Expense": 162000.0,
        "Other Non Operating Income Expenses": 162000.0,
        "Net Non Operating Interest Income Expense": 504000.0,
        "Interest Expense Non Operating": 0.0,
        "Interest Income Non Operating": 504000.0,
        "Operating Income": -6506000.0,
        "Operating Expense": 6506000.0,
        "Research And Development": 3224000.0,
        "Selling General And Administration": 3282000.0,
        "General And Administrative Expense": 3282000.0,
        "Other Gand A": 3282000.0,
        "Total Revenue": 0.0,
        "Operating Revenue": 0.0
    },
    "2024-12-31": {
        "Tax Effect Of Unusual Items": 0.0,
        "Tax Rate For Calcs": 0.0,
        "Normalized EBITDA": -4415000.0,
        "Net Income From Continuing Operation Net Minority Interest": -3634000.0,
        "Reconciled Depreciation": 22000.0,
        "EBITDA": -4415000.0,
        "EBIT": -4437000.0,
        "Net Interest Income": 429000.0,
        "Interest Expense": 0.0,
        "Interest Income": 429000.0,
        "Normalized Income": -3634000.0,
        "Net Income From Continuing And Discontinued Operation": -3634000.0,
        "Total Expenses": 4909000.0,
        "Total Operating Income As Reported": -4892000.0,
        "Diluted Average Shares": NaN,
        "Basic Average Shares": NaN,
        "Diluted EPS": NaN,
        "Basic EPS": NaN,
        "Diluted NI Availto Com Stockholders": -3634000.0,
        "Net Income Common Stockholders": -3634000.0,
        "Net Income": -3634000.0,
        "Minority Interests": 803000.0,
        "Net Income Including Noncontrolling Interests": -4437000.0,
        "Net Income Continuous Operations": -4437000.0,
        "Tax Provision": 0.0,
        "Pretax Income": -4437000.0,
        "Other Income Expense": 26000.0,
        "Other Non Operating Income Expenses": 26000.0,
        "Net Non Operating Interest Income Expense": 429000.0,
        "Interest Expense Non Operating": 0.0,
        "Interest Income Non Operating": 429000.0,
        "Operating Income": -4892000.0,
        "Operating Expense": 4909000.0,
        "Research And Development": 2234000.0,
        "Selling General And Administration": 2675000.0,
        "General And Administrative Expense": 2675000.0,
        "Other Gand A": 2675000.0,
        "Total Revenue": 17000.0,
        "Operating Revenue": 17000.0
    }
}