{
    "2023-03-31": {
        "Tax Effect Of Unusual Items": NaN,
        "Tax Rate For Calcs": NaN,
        "Normalized EBITDA": NaN,
        "Total Unusual Items": NaN,
        "Total Unusual Items Excluding Goodwill": NaN,
        "Net Income From Continuing Operation Net Minority Interest": NaN,
        "Reconciled Depreciation": NaN,
        "Reconciled Cost Of Revenue": NaN,
        "EBITDA": NaN,
        "EBIT": NaN,
        "Normalized Income": NaN,
        "Net Income From Continuing And Discontinued Operation": NaN,
        "Total Expenses": NaN,
        "Total Operating Income As Reported": NaN,
        "Diluted Average Shares": 63216598.0,
        "Basic Average Shares": 63216598.0,
        "Diluted EPS": -0.16,
        "Basic EPS": -0.16,
        "Diluted NI Availto Com Stockholders": NaN,
        "Net Income Common Stockholders": NaN,
        "Net Income": NaN,
        "Net Income Including Noncontrolling Interests": NaN,
        "Net Income Continuous Operations": NaN,
        "Tax Provision": NaN,
        "Pretax Income": NaN,
        "Other Income Expense": NaN,
        "Special Income Charges": NaN,
        "Gain On Sale Of Ppe": 0.0,
        "Impairment Of Capital Assets": NaN,
        "Gain On Sale Of Security": NaN,
        "Operating Income": NaN,
        "Operating Expense": NaN,
        "Other Taxes": NaN,
        "Depreciation Amortization Depletion Income Statement": NaN,
        "Depreciation And Amortization In Income Statement": NaN,
        "Research And Development": NaN,
        "Selling General And Administration": NaN,
        "Selling And Marketing Expense": NaN,
        "General And Administrative Expense": NaN,
        "Other Gand A": NaN,
        "Gross Profit": NaN,
        "Cost Of Revenue": NaN,
        "Total Revenue": NaN,
        "Operating Revenue": NaN
    },
    "2022-12-31": {
        "Tax Effect Of Unusual Items": NaN,
        "Tax Rate For Calcs": NaN,
        "Normalized EBITDA": NaN,
        "Total Unusual Items": NaN,
        "Total Unusual Items Excluding Goodwill": NaN,
        "Net Income From Continuing Operation Net Minority Interest": NaN,
        "Reconciled Depreciation": NaN,
        "Reconciled Cost Of Revenue": NaN,
        "EBITDA": NaN,
        "EBIT": NaN,
        "Normalized Income": NaN,
        "Net Income From Continuing And Discontinued Operation": NaN,
        "Total Expenses": NaN,
        "Total Operating Income As Reported": NaN,
        "Diluted Average Shares": NaN,
        "Basic Average Shares": NaN,
        "Diluted EPS": NaN,
        "Basic EPS": NaN,
        "Diluted NI Availto Com Stockholders": NaN,
        "Net Income Common Stockholders": NaN,
        "Net Income": NaN,
        "Net Income Including Noncontrolling Interests": NaN,
        "Net Income Continuous Operations": NaN,
        "Tax Provision": NaN,
        "Pretax Income": NaN,
        "Other Income Expense": NaN,
        "Other Non Operating Income Expenses": 565432.0,
        "Special Income Charges": NaN,
        "Gain On Sale Of Ppe": -35350.0,
        "Impairment Of Capital Assets": NaN,
        "Gain On Sale Of Security": NaN,
        "Operating Income": NaN,
        "Operating Expense": NaN,
        "Other Taxes": NaN,
        "Depreciation Amortization Depletion Income Statement": NaN,
        "Depreciation And Amortization In Income Statement": NaN,
        "Research And Development": NaN,
        "Selling General And Administration": NaN,
        "Selling And Marketing Expense": NaN,
        "General And Administrative Expense": NaN,
        "Other Gand A": NaN,
        "Gross Profit": NaN,
        "Cost Of Revenue": NaN,
        "Total Revenue": NaN,
        "Operating Revenue": NaN
    },
    "2022-09-30": {
        "Tax Effect Of Unusual Items": NaN,
        "Tax Rate For Calcs": NaN,
        "Normalized EBITDA": NaN,
        "Total Unusual Items": NaN,
        "Total Unusual Items Excluding Goodwill": NaN,
        "Net Income From Continuing Operation Net Minority Interest": NaN,
        "Reconciled Depreciation": NaN,
        "Reconciled Cost Of Revenue": NaN,
        "EBITDA": NaN,
        "EBIT": NaN,
        "Normalized Income": NaN,
        "Net Income From Continuing And Discontinued Operation": NaN,
        "Total Expenses": NaN,
        "Total Operating Income As Reported": NaN,
        "Diluted Average Shares": NaN,
        "Basic Average Shares": NaN,
        "Diluted EPS": NaN,
        "Basic EPS": NaN,
        "Diluted NI Availto Com Stockholders": NaN,
        "Net Income Common Stockholders": NaN,
        "Net Income": NaN,
        "Net Income Including Noncontrolling Interests": NaN,
        "Net Income Continuous Operations": NaN,
        "Tax Provision": NaN,
        "Pretax Income": NaN,
        "Other Income Expense": NaN,
        "Other Non Operating Income Expenses": -19768.0,
        "Special Income Charges": NaN,
        "Gain On Sale Of Ppe": 0.0,
        "Impairment Of Capital Assets": NaN,
        "Gain On Sale Of Security": NaN,
        "Operating Income": NaN,
        "Operating Expense": NaN,
        "Other Taxes": NaN,
        "Depreciation Amortization Depletion Income Statement": NaN,
        "Depreciation And Amortization In Income Statement": NaN,
        "Research And Development": NaN,
        "Selling General And Administration": NaN,
        "Selling And Marketing Expense": NaN,
        "General And Administrative Expense": NaN,
        "Other Gand A": NaN,
        "Gross Profit": NaN,
        "Cost Of Revenue": NaN,
        "Total Revenue": NaN,
        "Operating Revenue": NaN
    },
    "2022-06-30": {
        "Tax Effect Of Unusual Items": 0.0,
        "Tax Rate For Calcs": 0.0,
        "Normalized EBITDA": -9432081.0,
        "Total Unusual Items": 10639.0,
        "Total Unusual Items Excluding Goodwill": 10639.0,
        "Net Income From Continuing Operation Net Minority Interest": -10021668.0,
        "Reconciled Depreciation": 610865.0,
        "Reconciled Cost Of Revenue": 2511186.0,
        "EBITDA": -9421442.0,
        "EBIT": -10032307.0,
        "Normalized Income": -10032307.0,
        "Net Income From Continuing And Discontinued Operation": -10021668.0,
        "Total Expenses": 13040065.0,
        "Total Operating Income As Reported": -10000981.0,
        "Diluted Average Shares": 63739863.0,
        "Basic Average Shares": 63739863.0,
        "Diluted EPS": -0.16,
        "Basic EPS": -0.16,
        "Diluted NI Availto Com Stockholders": -10021668.0,
        "Net Income Common Stockholders": -10021668.0,
        "Net Income": -10021668.0,
        "Net Income Including Noncontrolling Interests": -10021668.0,
        "Net Income Continuous Operations": -10021668.0,
        "Tax Provision": 0.0,
        "Pretax Income": -10021668.0,
        "Other Income Expense": 10639.0,
        "Other Non Operating Income Expenses": NaN,
        "Special Income Charges": 0.0,
        "Gain On Sale Of Ppe": 0.0,
        "Impairment Of Capital Assets": 0.0,
        "Gain On Sale Of Security": 10639.0,
        "Operating Income": -10032307.0,
        "Operating Expense": 10458095.0,
        "Other Taxes": 31326.0,
        "Depreciation Amortization Depletion Income Statement": 540081.0,
        "Depreciation And Amortization In Income Statement": 540081.0,
        "Research And Development": 2996144.0,
        "Selling General And Administration": 6890544.0,
        "Selling And Marketing Expense": 1850595.0,
        "General And Administrative Expense": 5039949.0,
        "Other Gand A": 5039949.0,
        "Gross Profit": 425788.0,
        "Cost Of Revenue": 2581970.0,
        "Total Revenue": 3007758.0,
        "Operating Revenue": 3007758.0
    },
    "2022-03-31": {
        "Diluted EPS": -0.16,
        "Total Revenue": 3,
        "Gross Profit": 0,
        "Operating Income": -10,
        "EBIT": -10,
        "Net Income": -11
    },
    "2021-12-31": {
        "Diluted EPS": -0.17,
        "Total Revenue": 3,
        "Gross Profit": 0,
        "Operating Income": -11,
        "EBIT": -11,
        "Net Income": -11
    },
    "2021-09-30": {
        "Diluted EPS": -0.17,
        "Total Revenue": 3,
        "Gross Profit": 0,
        "Operating Income": -10,
        "EBIT": -10,
        "Net Income": -10
    },
    "2021-06-30": {
        "Diluted EPS": -0.15,
        "Total Revenue": 3,
        "Gross Profit": 1,
        "Operating Income": -9,
        "EBIT": -9,
        "Net Income": -9
    },
    "2021-03-31": {
        "Diluted EPS": -0.17,
        "Total Revenue": 4,
        "Gross Profit": 1,
        "Operating Income": -9,
        "EBIT": -9,
        "Net Income": -9
    },
    "2020-12-31": {
        "Diluted EPS": -0.09,
        "Total Revenue": 4,
        "Gross Profit": -1,
        "Operating Income": -5,
        "EBIT": -4,
        "Net Income": -4
    },
    "2020-09-30": {
        "Diluted EPS": -0.13,
        "Total Revenue": 3,
        "Gross Profit": 0,
        "Operating Income": -5,
        "EBIT": -4,
        "Net Income": -5
    },
    "2020-06-30": {
        "Diluted EPS": -0.13,
        "Total Revenue": 3,
        "Gross Profit": 1,
        "Operating Income": -4,
        "EBIT": -4,
        "Net Income": -5
    },
    "2020-03-31": {
        "Diluted EPS": -0.18,
        "Total Revenue": 2,
        "Gross Profit": 0,
        "Operating Income": -5,
        "EBIT": -5,
        "Net Income": -6
    },
    "2019-12-31": {
        "Diluted EPS": -0.31,
        "Total Revenue": 2,
        "Gross Profit": -4,
        "Operating Income": -10,
        "EBIT": -9,
        "Net Income": -10
    },
    "2019-09-30": {
        "Diluted EPS": -0.18,
        "Total Revenue": 1,
        "Gross Profit": 0,
        "Operating Income": -6,
        "EBIT": -5,
        "Net Income": -6
    },
    "2019-06-30": {
        "Diluted EPS": -0.2,
        "Total Revenue": 2,
        "Gross Profit": 0,
        "Operating Income": -5,
        "EBIT": -4,
        "Net Income": -6
    },
    "2019-03-31": {
        "Diluted EPS": -0.25,
        "Total Revenue": 1,
        "Gross Profit": 0,
        "Operating Income": -6,
        "EBIT": -6,
        "Net Income": -7
    },
    "2018-12-31": {
        "Diluted EPS": -0.22,
        "Total Revenue": 2,
        "Gross Profit": 0,
        "Operating Income": -6,
        "EBIT": -5,
        "Net Income": -6
    },
    "2018-09-30": {
        "Diluted EPS": -0.19,
        "Total Revenue": 2,
        "Gross Profit": 1,
        "Operating Income": -5,
        "EBIT": -4,
        "Net Income": -5
    },
    "2018-06-30": {
        "Diluted EPS": -0.24,
        "Total Revenue": 3,
        "Gross Profit": 1,
        "Operating Income": -6,
        "EBIT": -6,
        "Net Income": -7
    },
    "2018-03-31": {
        "Diluted EPS": -0.22,
        "Total Revenue": 2,
        "Gross Profit": 0,
        "Operating Income": -5,
        "EBIT": -5,
        "Net Income": -6
    },
    "2017-12-31": {
        "Diluted EPS": -0.29,
        "Total Revenue": 2,
        "Gross Profit": 0,
        "Operating Income": -6,
        "EBIT": -6,
        "Net Income": -6
    },
    "2017-09-30": {
        "Diluted EPS": -0.28,
        "Total Revenue": 1,
        "Gross Profit": 0,
        "Operating Income": -6,
        "EBIT": -5,
        "Net Income": -6
    },
    "2017-06-30": {
        "Diluted EPS": -0.22,
        "Total Revenue": 1,
        "Gross Profit": 0,
        "Operating Income": -4,
        "EBIT": -4,
        "Net Income": -4
    },
    "2017-03-31": {
        "Diluted EPS": -0.23,
        "Total Revenue": 1,
        "Gross Profit": 0,
        "Operating Income": -4,
        "EBIT": -4,
        "Net Income": -5
    },
    "2016-12-31": {
        "Diluted EPS": -0.37,
        "Total Revenue": 1,
        "Gross Profit": -1,
        "Operating Income": -6,
        "EBIT": -6,
        "Net Income": -7
    },
    "2016-09-30": {
        "Diluted EPS": -0.32,
        "Total Revenue": 1,
        "Gross Profit": 0,
        "Operating Income": -5,
        "EBIT": -4,
        "Net Income": -5
    },
    "2016-06-30": {
        "Diluted EPS": -0.28,
        "Total Revenue": 1,
        "Gross Profit": 0,
        "Operating Income": -4,
        "EBIT": -3,
        "Net Income": -5
    },
    "2016-03-31": {
        "Diluted EPS": -0.26,
        "Total Revenue": 0,
        "Gross Profit": 0,
        "Operating Income": -4,
        "EBIT": -3,
        "Net Income": -4
    },
    "2015-12-31": {
        "Diluted EPS": -0.22,
        "Total Revenue": 1,
        "Gross Profit": 0,
        "Operating Income": -3,
        "EBIT": -3,
        "Net Income": -4
    },
    "2015-09-30": {
        "Diluted EPS": -0.18,
        "Total Revenue": 1,
        "Gross Profit": 0,
        "Operating Income": -2,
        "EBIT": -2,
        "Net Income": -3
    },
    "2015-06-30": {
        "Diluted EPS": -0.17,
        "Total Revenue": 0,
        "Gross Profit": 0,
        "Operating Income": -2,
        "EBIT": -2,
        "Net Income": -3
    },
    "2015-03-31": {
        "Diluted EPS": -0.4,
        "Total Revenue": 1,
        "Gross Profit": 0,
        "Operating Income": -4,
        "EBIT": -3,
        "Net Income": -5
    },
    "2014-12-31": {
        "Diluted EPS": -0.59,
        "Total Revenue": 1,
        "Gross Profit": 0,
        "Operating Income": -2,
        "EBIT": -2,
        "Net Income": -6
    },
    "2014-09-30": {
        "Diluted EPS": -0.31,
        "Total Revenue": 1,
        "Gross Profit": 0,
        "Operating Income": -1,
        "EBIT": -1,
        "Net Income": -3
    },
    "2014-06-30": {
        "Diluted EPS": 0.02,
        "Total Revenue": 1,
        "Gross Profit": 0,
        "Operating Income": -1,
        "EBIT": -1,
        "Net Income": 0
    },
    "2014-03-31": {
        "Diluted EPS": 0.13,
        "Total Revenue": 1,
        "Gross Profit": 0,
        "Operating Income": -1,
        "EBIT": -1,
        "Net Income": 2
    },
    "2013-12-31": {
        "Diluted EPS": 0.0,
        "Total Revenue": NaN,
        "Gross Profit": NaN,
        "Operating Income": NaN,
        "EBIT": NaN,
        "Net Income": NaN
    },
    "2013-09-30": {
        "Diluted EPS": -0.26,
        "Total Revenue": 0,
        "Gross Profit": 0,
        "Operating Income": -1,
        "EBIT": -1,
        "Net Income": -2
    },
    "2012-12-31": {
        "Diluted EPS": 0.0,
        "Total Revenue": NaN,
        "Gross Profit": NaN,
        "Operating Income": NaN,
        "EBIT": NaN,
        "Net Income": NaN
    },
    "2023-06-30": {
        "Tax Effect Of Unusual Items": NaN,
        "Tax Rate For Calcs": NaN,
        "Normalized EBITDA": NaN,
        "Total Unusual Items": NaN,
        "Total Unusual Items Excluding Goodwill": NaN,
        "Net Income From Continuing Operation Net Minority Interest": NaN,
        "Reconciled Depreciation": NaN,
        "Reconciled Cost Of Revenue": NaN,
        "EBITDA": NaN,
        "EBIT": NaN,
        "Normalized Income": NaN,
        "Net Income From Continuing And Discontinued Operation": NaN,
        "Total Expenses": NaN,
        "Total Operating Income As Reported": NaN,
        "Diluted Average Shares": 63230859.0,
        "Basic Average Shares": 63230859.0,
        "Diluted EPS": -0.14,
        "Basic EPS": -0.14,
        "Diluted NI Availto Com Stockholders": NaN,
        "Net Income Common Stockholders": NaN,
        "Net Income": NaN,
        "Net Income Including Noncontrolling Interests": NaN,
        "Net Income Continuous Operations": NaN,
        "Tax Provision": NaN,
        "Pretax Income": NaN,
        "Other Income Expense": NaN,
        "Special Income Charges": NaN,
        "Gain On Sale Of Ppe": NaN,
        "Impairment Of Capital Assets": NaN,
        "Gain On Sale Of Security": NaN,
        "Operating Income": NaN,
        "Operating Expense": NaN,
        "Other Taxes": NaN,
        "Depreciation Amortization Depletion Income Statement": NaN,
        "Depreciation And Amortization In Income Statement": NaN,
        "Research And Development": NaN,
        "Selling General And Administration": NaN,
        "Selling And Marketing Expense": NaN,
        "General And Administrative Expense": NaN,
        "Other Gand A": NaN,
        "Gross Profit": NaN,
        "Cost Of Revenue": NaN,
        "Total Revenue": NaN,
        "Operating Revenue": NaN
    },
    "2023-09-30": {
        "Tax Effect Of Unusual Items": NaN,
        "Tax Rate For Calcs": NaN,
        "Normalized EBITDA": NaN,
        "Total Unusual Items": NaN,
        "Total Unusual Items Excluding Goodwill": NaN,
        "Net Income From Continuing Operation Net Minority Interest": NaN,
        "Reconciled Depreciation": NaN,
        "Reconciled Cost Of Revenue": NaN,
        "EBITDA": NaN,
        "EBIT": NaN,
        "Normalized Income": NaN,
        "Net Income From Continuing And Discontinued Operation": NaN,
        "Total Expenses": NaN,
        "Total Operating Income As Reported": NaN,
        "Diluted Average Shares": 63324942.0,
        "Basic Average Shares": 63324942.0,
        "Diluted EPS": -0.17,
        "Basic EPS": -0.17,
        "Diluted NI Availto Com Stockholders": NaN,
        "Net Income Common Stockholders": NaN,
        "Net Income": NaN,
        "Net Income Including Noncontrolling Interests": NaN,
        "Net Income Continuous Operations": NaN,
        "Tax Provision": NaN,
        "Pretax Income": NaN,
        "Other Income Expense": NaN,
        "Special Income Charges": NaN,
        "Gain On Sale Of Ppe": 0.0,
        "Impairment Of Capital Assets": NaN,
        "Gain On Sale Of Security": NaN,
        "Operating Income": NaN,
        "Operating Expense": NaN,
        "Other Taxes": NaN,
        "Depreciation Amortization Depletion Income Statement": NaN,
        "Depreciation And Amortization In Income Statement": NaN,
        "Research And Development": NaN,
        "Selling General And Administration": NaN,
        "Selling And Marketing Expense": NaN,
        "General And Administrative Expense": NaN,
        "Other Gand A": NaN,
        "Gross Profit": NaN,
        "Cost Of Revenue": NaN,
        "Total Revenue": NaN,
        "Operating Revenue": NaN
    },
    "2023-12-31": {
        "Tax Effect Of Unusual Items": NaN,
        "Tax Rate For Calcs": NaN,
        "Normalized EBITDA": NaN,
        "Total Unusual Items": NaN,
        "Total Unusual Items Excluding Goodwill": NaN,
        "Net Income From Continuing Operation Net Minority Interest": NaN,
        "Reconciled Depreciation": NaN,
        "Reconciled Cost Of Revenue": NaN,
        "EBITDA": NaN,
        "EBIT": NaN,
        "Normalized Income": NaN,
        "Net Income From Continuing And Discontinued Operation": NaN,
        "Total Expenses": NaN,
        "Total Operating Income As Reported": NaN,
        "Diluted Average Shares": NaN,
        "Basic Average Shares": NaN,
        "Diluted EPS": NaN,
        "Basic EPS": NaN,
        "Diluted NI Availto Com Stockholders": NaN,
        "Net Income Common Stockholders": NaN,
        "Net Income": NaN,
        "Net Income Including Noncontrolling Interests": NaN,
        "Net Income Continuous Operations": NaN,
        "Tax Provision": NaN,
        "Pretax Income": NaN,
        "Other Income Expense": NaN,
        "Special Income Charges": NaN,
        "Gain On Sale Of Ppe": NaN,
        "Impairment Of Capital Assets": 2136993.0,
        "Gain On Sale Of Security": NaN,
        "Operating Income": NaN,
        "Operating Expense": NaN,
        "Other Taxes": NaN,
        "Depreciation Amortization Depletion Income Statement": NaN,
        "Depreciation And Amortization In Income Statement": NaN,
        "Research And Development": NaN,
        "Selling General And Administration": NaN,
        "Selling And Marketing Expense": NaN,
        "General And Administrative Expense": NaN,
        "Other Gand A": NaN,
        "Gross Profit": NaN,
        "Cost Of Revenue": NaN,
        "Total Revenue": NaN,
        "Operating Revenue": NaN
    },
    "2024-03-31": {
        "Tax Effect Of Unusual Items": 0.0,
        "Tax Rate For Calcs": 0.0,
        "Normalized EBITDA": -8963275.0,
        "Total Unusual Items": 33818.0,
        "Total Unusual Items Excluding Goodwill": 33818.0,
        "Net Income From Continuing Operation Net Minority Interest": -10047582.0,
        "Reconciled Depreciation": 1151943.0,
        "Reconciled Cost Of Revenue": 1875554.0,
        "EBITDA": -8929457.0,
        "EBIT": -10081400.0,
        "Normalized Income": -10081400.0,
        "Net Income From Continuing And Discontinued Operation": -10047582.0,
        "Total Expenses": 12085267.0,
        "Total Operating Income As Reported": -10092395.0,
        "Diluted Average Shares": 64725108.0,
        "Basic Average Shares": 64725108.0,
        "Diluted EPS": -0.16,
        "Basic EPS": -0.16,
        "Diluted NI Availto Com Stockholders": -10047582.0,
        "Net Income Common Stockholders": -10047582.0,
        "Net Income": -10047582.0,
        "Net Income Including Noncontrolling Interests": -10047582.0,
        "Net Income Continuous Operations": -10047582.0,
        "Tax Provision": 0.0,
        "Pretax Income": -10047582.0,
        "Other Income Expense": 33818.0,
        "Special Income Charges": -11277.0,
        "Gain On Sale Of Ppe": -11277.0,
        "Impairment Of Capital Assets": 0.0,
        "Gain On Sale Of Security": 45095.0,
        "Operating Income": -10081400.0,
        "Operating Expense": 10028147.0,
        "Other Taxes": 282.0,
        "Depreciation Amortization Depletion Income Statement": 970377.0,
        "Depreciation And Amortization In Income Statement": 970377.0,
        "Research And Development": 2738449.0,
        "Selling General And Administration": 6319039.0,
        "Selling And Marketing Expense": 2220782.0,
        "General And Administrative Expense": 4098257.0,
        "Other Gand A": 4098257.0,
        "Gross Profit": -53253.0,
        "Cost Of Revenue": 2057120.0,
        "Total Revenue": 2003867.0,
        "Operating Revenue": 2003867.0
    },
    "2024-06-30": {
        "Tax Effect Of Unusual Items": 0.0,
        "Tax Rate For Calcs": 0.0,
        "Normalized EBITDA": 20826800.0,
        "Total Unusual Items": -29984035.0,
        "Total Unusual Items Excluding Goodwill": -29984035.0,
        "Net Income From Continuing Operation Net Minority Interest": -40612193.0,
        "Reconciled Depreciation": 1470923.0,
        "Reconciled Cost Of Revenue": 1143132.0,
        "EBITDA": -9157235.0,
        "EBIT": -10628158.0,
        "Normalized Income": -10628158.0,
        "Net Income From Continuing And Discontinued Operation": -40612193.0,
        "Total Expenses": 11720729.0,
        "Total Operating Income As Reported": -40730278.0,
        "Diluted Average Shares": 65814475.0,
        "Basic Average Shares": 65814475.0,
        "Diluted EPS": -0.62,
        "Basic EPS": -0.62,
        "Diluted NI Availto Com Stockholders": -40612193.0,
        "Net Income Common Stockholders": -40612193.0,
        "Net Income": -40612193.0,
        "Net Income Including Noncontrolling Interests": -40612193.0,
        "Net Income Continuous Operations": -40612193.0,
        "Tax Provision": 0.0,
        "Pretax Income": -40612193.0,
        "Other Income Expense": -29984035.0,
        "Special Income Charges": -30119679.0,
        "Gain On Sale Of Ppe": 0.0,
        "Impairment Of Capital Assets": 30119679.0,
        "Gain On Sale Of Security": 135644.0,
        "Operating Income": -10628158.0,
        "Operating Expense": 10295013.0,
        "Other Taxes": 17559.0,
        "Depreciation Amortization Depletion Income Statement": 1188339.0,
        "Depreciation And Amortization In Income Statement": 1188339.0,
        "Research And Development": 2358726.0,
        "Selling General And Administration": 6730389.0,
        "Selling And Marketing Expense": 2238221.0,
        "General And Administrative Expense": 4492168.0,
        "Other Gand A": 4492168.0,
        "Gross Profit": -333145.0,
        "Cost Of Revenue": 1425716.0,
        "Total Revenue": 1092571.0,
        "Operating Revenue": 1092571.0
    },
    "2024-09-30": {
        "Tax Effect Of Unusual Items": 0.0,
        "Tax Rate For Calcs": 0.0,
        "Normalized EBITDA": -8459567.0,
        "Total Unusual Items": -59971.0,
        "Total Unusual Items Excluding Goodwill": -59971.0,
        "Net Income From Continuing Operation Net Minority Interest": -9222279.0,
        "Reconciled Depreciation": 642770.0,
        "Reconciled Cost Of Revenue": 1413489.0,
        "EBITDA": -8519538.0,
        "EBIT": -9162308.0,
        "Normalized Income": -9162308.0,
        "Net Income From Continuing And Discontinued Operation": -9222279.0,
        "Total Expenses": 10548022.0,
        "Total Operating Income As Reported": -9299278.0,
        "Diluted Average Shares": 67842379.0,
        "Basic Average Shares": 67842379.0,
        "Diluted EPS": -0.14,
        "Basic EPS": -0.14,
        "Diluted NI Availto Com Stockholders": -9222279.0,
        "Net Income Common Stockholders": -9222279.0,
        "Net Income": -9222279.0,
        "Net Income Including Noncontrolling Interests": -9222279.0,
        "Net Income Continuous Operations": -9222279.0,
        "Tax Provision": 0.0,
        "Pretax Income": -9222279.0,
        "Other Income Expense": -59971.0,
        "Special Income Charges": -181676.0,
        "Gain On Sale Of Ppe": 0.0,
        "Impairment Of Capital Assets": 181676.0,
        "Gain On Sale Of Security": 121705.0,
        "Operating Income": -9162308.0,
        "Operating Expense": 8902460.0,
        "Other Taxes": 44706.0,
        "Depreciation Amortization Depletion Income Statement": 410697.0,
        "Depreciation And Amortization In Income Statement": 410697.0,
        "Research And Development": 2333798.0,
        "Selling General And Administration": 6113259.0,
        "Selling And Marketing Expense": 1766246.0,
        "General And Administrative Expense": 4347013.0,
        "Other Gand A": 4347013.0,
        "Gross Profit": -259848.0,
        "Cost Of Revenue": 1645562.0,
        "Total Revenue": 1385714.0,
        "Operating Revenue": 1385714.0
    },
    "2024-12-31": {
        "Tax Effect Of Unusual Items": 0.0,
        "Tax Rate For Calcs": 0.0,
        "Normalized EBITDA": -13101934.0,
        "Total Unusual Items": 55182.0,
        "Total Unusual Items Excluding Goodwill": 55182.0,
        "Net Income From Continuing Operation Net Minority Interest": -13656103.0,
        "Reconciled Depreciation": 664533.0,
        "Reconciled Cost Of Revenue": 5986525.0,
        "EBITDA": -13046752.0,
        "EBIT": -13711285.0,
        "Normalized Income": -13711285.0,
        "Net Income From Continuing And Discontinued Operation": -13656103.0,
        "Total Expenses": 14983688.0,
        "Total Operating Income As Reported": -13849544.0,
        "Diluted Average Shares": 85350000.0,
        "Basic Average Shares": 85350000.0,
        "Diluted EPS": -0.16,
        "Basic EPS": -0.16,
        "Diluted NI Availto Com Stockholders": -13656103.0,
        "Net Income Common Stockholders": -13656103.0,
        "Net Income": -13656103.0,
        "Net Income Including Noncontrolling Interests": -13656103.0,
        "Net Income Continuous Operations": -13656103.0,
        "Tax Provision": 0.0,
        "Pretax Income": -13656103.0,
        "Other Income Expense": 55182.0,
        "Special Income Charges": -16377.0,
        "Gain On Sale Of Ppe": -16377.0,
        "Impairment Of Capital Assets": 0.0,
        "Gain On Sale Of Security": 71559.0,
        "Operating Income": -13711285.0,
        "Operating Expense": 8757860.0,
        "Other Taxes": -121882.0,
        "Depreciation Amortization Depletion Income Statement": 425230.0,
        "Depreciation And Amortization In Income Statement": 425230.0,
        "Research And Development": 2219539.0,
        "Selling General And Administration": 6234973.0,
        "Selling And Marketing Expense": 1946016.0,
        "General And Administrative Expense": 4288957.0,
        "Other Gand A": 4288957.0,
        "Gross Profit": -4953425.0,
        "Cost Of Revenue": 6225828.0,
        "Total Revenue": 1272403.0,
        "Operating Revenue": 1272403.0
    },
    "2025-03-31": {
        "Tax Effect Of Unusual Items": 0.0,
        "Tax Rate For Calcs": 0.0,
        "Normalized EBITDA": -8315864.0,
        "Total Unusual Items": 155193.0,
        "Total Unusual Items Excluding Goodwill": 155193.0,
        "Net Income From Continuing Operation Net Minority Interest": -8637626.0,
        "Reconciled Depreciation": 632148.0,
        "Reconciled Cost Of Revenue": 1618922.0,
        "EBITDA": -8160671.0,
        "EBIT": -8792819.0,
        "Normalized Income": -8792819.0,
        "Net Income From Continuing And Discontinued Operation": -8637626.0,
        "Total Expenses": 10373760.0,
        "Total Operating Income As Reported": -8774419.0,
        "Diluted Average Shares": 76218256.0,
        "Basic Average Shares": 76218256.0,
        "Diluted EPS": -0.11,
        "Basic EPS": -0.11,
        "Diluted NI Availto Com Stockholders": -8637626.0,
        "Net Income Common Stockholders": -8637626.0,
        "Net Income": -8637626.0,
        "Net Income Including Noncontrolling Interests": -8637626.0,
        "Net Income Continuous Operations": -8637626.0,
        "Tax Provision": 0.0,
        "Pretax Income": -8637626.0,
        "Other Income Expense": 155193.0,
        "Special Income Charges": 0.0,
        "Gain On Sale Of Ppe": 0.0,
        "Impairment Of Capital Assets": NaN,
        "Gain On Sale Of Security": 155193.0,
        "Operating Income": -8792819.0,
        "Operating Expense": 8527701.0,
        "Other Taxes": 18400.0,
        "Depreciation Amortization Depletion Income Statement": 405011.0,
        "Depreciation And Amortization In Income Statement": 405011.0,
        "Research And Development": 2605840.0,
        "Selling General And Administration": 5498450.0,
        "Selling And Marketing Expense": 1537466.0,
        "General And Administrative Expense": 3960984.0,
        "Other Gand A": 3960984.0,
        "Gross Profit": -265118.0,
        "Cost Of Revenue": 1846059.0,
        "Total Revenue": 1580941.0,
        "Operating Revenue": 1580941.0
    }
}