{
    "2023-06-30": {
        "Tax Effect Of Unusual Items": NaN,
        "Tax Rate For Calcs": NaN,
        "Normalized EBITDA": NaN,
        "Total Unusual Items": -9000000.0,
        "Total Unusual Items Excluding Goodwill": -9000000.0,
        "Net Income From Continuing Operation Net Minority Interest": NaN,
        "Reconciled Depreciation": NaN,
        "Reconciled Cost Of Revenue": NaN,
        "EBITDA": NaN,
        "EBIT": NaN,
        "Net Interest Income": NaN,
        "Interest Expense": NaN,
        "Interest Income": NaN,
        "Normalized Income": NaN,
        "Net Income From Continuing And Discontinued Operation": NaN,
        "Total Expenses": NaN,
        "Total Operating Income As Reported": NaN,
        "Diluted Average Shares": NaN,
        "Basic Average Shares": NaN,
        "Diluted EPS": NaN,
        "Basic EPS": NaN,
        "Diluted NI Availto Com Stockholders": NaN,
        "Net Income Common Stockholders": NaN,
        "Preferred Stock Dividends": NaN,
        "Net Income": NaN,
        "Minority Interests": NaN,
        "Net Income Including Noncontrolling Interests": NaN,
        "Net Income Discontinuous Operations": NaN,
        "Net Income Continuous Operations": NaN,
        "Tax Provision": NaN,
        "Pretax Income": NaN,
        "Other Income Expense": NaN,
        "Other Non Operating Income Expenses": NaN,
        "Special Income Charges": NaN,
        "Other Special Charges": NaN,
        "Gain On Sale Of Security": -9000000.0,
        "Net Non Operating Interest Income Expense": NaN,
        "Total Other Finance Cost": NaN,
        "Interest Expense Non Operating": NaN,
        "Interest Income Non Operating": NaN,
        "Operating Income": NaN,
        "Operating Expense": NaN,
        "Research And Development": NaN,
        "Selling General And Administration": NaN,
        "General And Administrative Expense": NaN,
        "Other Gand A": NaN,
        "Salaries And Wages": NaN,
        "Gross Profit": NaN,
        "Cost Of Revenue": NaN,
        "Total Revenue": NaN,
        "Operating Revenue": NaN
    },
    "2023-03-31": {
        "Tax Effect Of Unusual Items": 0.0,
        "Tax Rate For Calcs": 0.21,
        "Normalized EBITDA": 173000000.0,
        "Total Unusual Items": NaN,
        "Total Unusual Items Excluding Goodwill": NaN,
        "Net Income From Continuing Operation Net Minority Interest": -67000000.0,
        "Reconciled Depreciation": 151000000.0,
        "Reconciled Cost Of Revenue": 686000000.0,
        "EBITDA": 173000000.0,
        "EBIT": 22000000.0,
        "Net Interest Income": -85000000.0,
        "Interest Expense": 83000000.0,
        "Interest Income": 3000000.0,
        "Normalized Income": -67000000.0,
        "Net Income From Continuing And Discontinued Operation": 7000000.0,
        "Total Expenses": 891000000.0,
        "Total Operating Income As Reported": 26000000.0,
        "Diluted Average Shares": 139600000.0,
        "Basic Average Shares": 139600000.0,
        "Diluted EPS": 0.02,
        "Basic EPS": 0.02,
        "Diluted NI Availto Com Stockholders": 3000000.0,
        "Net Income Common Stockholders": 3000000.0,
        "Preferred Stock Dividends": 4000000.0,
        "Net Income": 7000000.0,
        "Minority Interests": -1000000.0,
        "Net Income Including Noncontrolling Interests": 8000000.0,
        "Net Income Discontinuous Operations": 74000000.0,
        "Net Income Continuous Operations": -66000000.0,
        "Tax Provision": 5000000.0,
        "Pretax Income": -61000000.0,
        "Other Income Expense": -1000000.0,
        "Other Non Operating Income Expenses": -1000000.0,
        "Special Income Charges": NaN,
        "Gain On Sale Of Security": NaN,
        "Net Non Operating Interest Income Expense": -85000000.0,
        "Total Other Finance Cost": 5000000.0,
        "Interest Expense Non Operating": 83000000.0,
        "Interest Income Non Operating": 3000000.0,
        "Operating Income": 25000000.0,
        "Operating Expense": 205000000.0,
        "Research And Development": 49000000.0,
        "Selling General And Administration": 156000000.0,
        "General And Administrative Expense": 156000000.0,
        "Other Gand A": 155000000.0,
        "Salaries And Wages": 1000000.0,
        "Gross Profit": 230000000.0,
        "Cost Of Revenue": 686000000.0,
        "Total Revenue": 916000000.0,
        "Operating Revenue": 916000000.0
    },
    "2022-12-31": {
        "Tax Effect Of Unusual Items": NaN,
        "Tax Rate For Calcs": NaN,
        "Normalized EBITDA": NaN,
        "Total Unusual Items": 3000000.0,
        "Total Unusual Items Excluding Goodwill": 3000000.0,
        "Net Income From Continuing Operation Net Minority Interest": NaN,
        "Reconciled Depreciation": NaN,
        "Reconciled Cost Of Revenue": NaN,
        "EBITDA": NaN,
        "EBIT": NaN,
        "Net Interest Income": NaN,
        "Interest Expense": NaN,
        "Interest Income": NaN,
        "Normalized Income": NaN,
        "Net Income From Continuing And Discontinued Operation": NaN,
        "Total Expenses": NaN,
        "Total Operating Income As Reported": NaN,
        "Diluted Average Shares": NaN,
        "Basic Average Shares": NaN,
        "Diluted EPS": NaN,
        "Basic EPS": NaN,
        "Diluted NI Availto Com Stockholders": NaN,
        "Net Income Common Stockholders": NaN,
        "Preferred Stock Dividends": NaN,
        "Net Income": NaN,
        "Minority Interests": NaN,
        "Net Income Including Noncontrolling Interests": NaN,
        "Net Income Discontinuous Operations": NaN,
        "Net Income Continuous Operations": NaN,
        "Tax Provision": NaN,
        "Pretax Income": NaN,
        "Other Income Expense": NaN,
        "Other Non Operating Income Expenses": NaN,
        "Special Income Charges": 0.0,
        "Gain On Sale Of Security": 3000000.0,
        "Net Non Operating Interest Income Expense": NaN,
        "Total Other Finance Cost": NaN,
        "Interest Expense Non Operating": NaN,
        "Interest Income Non Operating": NaN,
        "Operating Income": NaN,
        "Operating Expense": NaN,
        "Research And Development": NaN,
        "Selling General And Administration": NaN,
        "General And Administrative Expense": NaN,
        "Other Gand A": NaN,
        "Salaries And Wages": NaN,
        "Gross Profit": NaN,
        "Cost Of Revenue": NaN,
        "Total Revenue": NaN,
        "Operating Revenue": NaN
    },
    "2022-09-30": {
        "Tax Effect Of Unusual Items": NaN,
        "Tax Rate For Calcs": NaN,
        "Normalized EBITDA": NaN,
        "Total Unusual Items": NaN,
        "Total Unusual Items Excluding Goodwill": NaN,
        "Net Income From Continuing Operation Net Minority Interest": NaN,
        "Reconciled Depreciation": NaN,
        "Reconciled Cost Of Revenue": NaN,
        "EBITDA": NaN,
        "EBIT": NaN,
        "Net Interest Income": NaN,
        "Interest Expense": NaN,
        "Interest Income": NaN,
        "Normalized Income": NaN,
        "Net Income From Continuing And Discontinued Operation": NaN,
        "Total Expenses": NaN,
        "Total Operating Income As Reported": NaN,
        "Diluted Average Shares": NaN,
        "Basic Average Shares": NaN,
        "Diluted EPS": NaN,
        "Basic EPS": NaN,
        "Diluted NI Availto Com Stockholders": NaN,
        "Net Income Common Stockholders": NaN,
        "Preferred Stock Dividends": NaN,
        "Net Income": NaN,
        "Minority Interests": NaN,
        "Net Income Including Noncontrolling Interests": NaN,
        "Net Income Discontinuous Operations": NaN,
        "Net Income Continuous Operations": NaN,
        "Tax Provision": NaN,
        "Pretax Income": NaN,
        "Other Income Expense": NaN,
        "Other Non Operating Income Expenses": NaN,
        "Special Income Charges": 0.0,
        "Gain On Sale Of Security": NaN,
        "Net Non Operating Interest Income Expense": NaN,
        "Total Other Finance Cost": NaN,
        "Interest Expense Non Operating": NaN,
        "Interest Income Non Operating": NaN,
        "Operating Income": NaN,
        "Operating Expense": NaN,
        "Research And Development": NaN,
        "Selling General And Administration": NaN,
        "General And Administrative Expense": NaN,
        "Other Gand A": NaN,
        "Salaries And Wages": NaN,
        "Gross Profit": NaN,
        "Cost Of Revenue": NaN,
        "Total Revenue": NaN,
        "Operating Revenue": NaN
    },
    "2023-09-30": {
        "Tax Effect Of Unusual Items": NaN,
        "Tax Rate For Calcs": NaN,
        "Normalized EBITDA": NaN,
        "Total Unusual Items": -14000000.0,
        "Total Unusual Items Excluding Goodwill": -14000000.0,
        "Net Income From Continuing Operation Net Minority Interest": NaN,
        "Reconciled Depreciation": NaN,
        "Reconciled Cost Of Revenue": NaN,
        "EBITDA": NaN,
        "EBIT": NaN,
        "Net Interest Income": NaN,
        "Interest Expense": NaN,
        "Interest Income": NaN,
        "Normalized Income": NaN,
        "Net Income From Continuing And Discontinued Operation": NaN,
        "Total Expenses": NaN,
        "Total Operating Income As Reported": NaN,
        "Diluted Average Shares": NaN,
        "Basic Average Shares": NaN,
        "Diluted EPS": NaN,
        "Basic EPS": NaN,
        "Diluted NI Availto Com Stockholders": NaN,
        "Net Income Common Stockholders": NaN,
        "Preferred Stock Dividends": NaN,
        "Net Income": NaN,
        "Minority Interests": NaN,
        "Net Income Including Noncontrolling Interests": NaN,
        "Net Income Discontinuous Operations": NaN,
        "Net Income Continuous Operations": NaN,
        "Tax Provision": NaN,
        "Pretax Income": NaN,
        "Other Income Expense": NaN,
        "Other Non Operating Income Expenses": NaN,
        "Special Income Charges": 0.0,
        "Other Special Charges": NaN,
        "Gain On Sale Of Security": -14000000.0,
        "Net Non Operating Interest Income Expense": NaN,
        "Total Other Finance Cost": NaN,
        "Interest Expense Non Operating": NaN,
        "Interest Income Non Operating": NaN,
        "Operating Income": NaN,
        "Operating Expense": NaN,
        "Research And Development": NaN,
        "Selling General And Administration": NaN,
        "General And Administrative Expense": NaN,
        "Other Gand A": NaN,
        "Salaries And Wages": 1000000.0,
        "Gross Profit": NaN,
        "Cost Of Revenue": NaN,
        "Total Revenue": NaN,
        "Operating Revenue": NaN
    },
    "2023-12-31": {
        "Tax Effect Of Unusual Items": NaN,
        "Tax Rate For Calcs": NaN,
        "Normalized EBITDA": NaN,
        "Total Unusual Items": -49000000.0,
        "Total Unusual Items Excluding Goodwill": -49000000.0,
        "Net Income From Continuing Operation Net Minority Interest": NaN,
        "Reconciled Depreciation": NaN,
        "Reconciled Cost Of Revenue": NaN,
        "EBITDA": NaN,
        "EBIT": NaN,
        "Net Interest Income": NaN,
        "Interest Expense": NaN,
        "Interest Income": NaN,
        "Normalized Income": NaN,
        "Net Income From Continuing And Discontinued Operation": NaN,
        "Total Expenses": NaN,
        "Total Operating Income As Reported": NaN,
        "Diluted Average Shares": NaN,
        "Basic Average Shares": NaN,
        "Diluted EPS": NaN,
        "Basic EPS": NaN,
        "Diluted NI Availto Com Stockholders": NaN,
        "Net Income Common Stockholders": NaN,
        "Preferred Stock Dividends": NaN,
        "Net Income": NaN,
        "Minority Interests": NaN,
        "Net Income Including Noncontrolling Interests": NaN,
        "Net Income Discontinuous Operations": NaN,
        "Net Income Continuous Operations": NaN,
        "Tax Provision": NaN,
        "Pretax Income": NaN,
        "Other Income Expense": NaN,
        "Other Non Operating Income Expenses": NaN,
        "Special Income Charges": NaN,
        "Other Special Charges": NaN,
        "Gain On Sale Of Security": -3000000.0,
        "Net Non Operating Interest Income Expense": NaN,
        "Total Other Finance Cost": NaN,
        "Interest Expense Non Operating": NaN,
        "Interest Income Non Operating": NaN,
        "Operating Income": NaN,
        "Operating Expense": NaN,
        "Research And Development": NaN,
        "Selling General And Administration": NaN,
        "General And Administrative Expense": -216000000.0,
        "Other Gand A": -216000000.0,
        "Salaries And Wages": -11000000.0,
        "Gross Profit": NaN,
        "Cost Of Revenue": NaN,
        "Total Revenue": NaN,
        "Operating Revenue": NaN
    },
    "2024-03-31": {
        "Tax Effect Of Unusual Items": NaN,
        "Tax Rate For Calcs": NaN,
        "Normalized EBITDA": NaN,
        "Total Unusual Items": -20000000.0,
        "Total Unusual Items Excluding Goodwill": -20000000.0,
        "Net Income From Continuing Operation Net Minority Interest": NaN,
        "Reconciled Depreciation": NaN,
        "Reconciled Cost Of Revenue": NaN,
        "EBITDA": NaN,
        "EBIT": NaN,
        "Net Interest Income": NaN,
        "Interest Expense": NaN,
        "Interest Income": NaN,
        "Normalized Income": NaN,
        "Net Income From Continuing And Discontinued Operation": NaN,
        "Total Expenses": NaN,
        "Total Operating Income As Reported": NaN,
        "Diluted Average Shares": NaN,
        "Basic Average Shares": NaN,
        "Diluted EPS": NaN,
        "Basic EPS": NaN,
        "Diluted NI Availto Com Stockholders": NaN,
        "Net Income Common Stockholders": NaN,
        "Preferred Stock Dividends": NaN,
        "Net Income": NaN,
        "Minority Interests": NaN,
        "Net Income Including Noncontrolling Interests": NaN,
        "Net Income Discontinuous Operations": NaN,
        "Net Income Continuous Operations": NaN,
        "Tax Provision": NaN,
        "Pretax Income": NaN,
        "Other Income Expense": NaN,
        "Other Non Operating Income Expenses": NaN,
        "Special Income Charges": NaN,
        "Other Special Charges": NaN,
        "Gain On Sale Of Security": -20000000.0,
        "Net Non Operating Interest Income Expense": NaN,
        "Total Other Finance Cost": NaN,
        "Interest Expense Non Operating": NaN,
        "Interest Income Non Operating": NaN,
        "Operating Income": NaN,
        "Operating Expense": NaN,
        "Research And Development": NaN,
        "Selling General And Administration": NaN,
        "General And Administrative Expense": 110000000.0,
        "Other Gand A": 110000000.0,
        "Salaries And Wages": 1000000.0,
        "Gross Profit": NaN,
        "Cost Of Revenue": NaN,
        "Total Revenue": NaN,
        "Operating Revenue": NaN
    },
    "2024-06-30": {
        "Tax Effect Of Unusual Items": NaN,
        "Tax Rate For Calcs": NaN,
        "Normalized EBITDA": NaN,
        "Total Unusual Items": NaN,
        "Total Unusual Items Excluding Goodwill": NaN,
        "Net Income From Continuing Operation Net Minority Interest": NaN,
        "Reconciled Depreciation": NaN,
        "Reconciled Cost Of Revenue": NaN,
        "EBITDA": NaN,
        "EBIT": NaN,
        "Net Interest Income": NaN,
        "Interest Expense": NaN,
        "Interest Income": NaN,
        "Normalized Income": NaN,
        "Net Income From Continuing And Discontinued Operation": NaN,
        "Total Expenses": NaN,
        "Total Operating Income As Reported": NaN,
        "Diluted Average Shares": NaN,
        "Basic Average Shares": NaN,
        "Diluted EPS": NaN,
        "Basic EPS": NaN,
        "Diluted NI Availto Com Stockholders": NaN,
        "Net Income Common Stockholders": NaN,
        "Preferred Stock Dividends": NaN,
        "Net Income": NaN,
        "Minority Interests": NaN,
        "Net Income Including Noncontrolling Interests": NaN,
        "Net Income Discontinuous Operations": NaN,
        "Net Income Continuous Operations": NaN,
        "Tax Provision": NaN,
        "Pretax Income": NaN,
        "Other Income Expense": NaN,
        "Other Non Operating Income Expenses": NaN,
        "Special Income Charges": NaN,
        "Other Special Charges": NaN,
        "Gain On Sale Of Security": NaN,
        "Net Non Operating Interest Income Expense": NaN,
        "Total Other Finance Cost": NaN,
        "Interest Expense Non Operating": NaN,
        "Interest Income Non Operating": NaN,
        "Operating Income": NaN,
        "Operating Expense": NaN,
        "Research And Development": NaN,
        "Selling General And Administration": NaN,
        "General And Administrative Expense": 140000000.0,
        "Other Gand A": 140000000.0,
        "Salaries And Wages": 1000000.0,
        "Gross Profit": NaN,
        "Cost Of Revenue": NaN,
        "Total Revenue": NaN,
        "Operating Revenue": NaN
    },
    "2024-09-30": {
        "Tax Effect Of Unusual Items": 125000.0,
        "Tax Rate For Calcs": 0.03125,
        "Normalized EBITDA": 74000000.0,
        "Total Unusual Items": 4000000.0,
        "Total Unusual Items Excluding Goodwill": 4000000.0,
        "Net Income From Continuing Operation Net Minority Interest": -31000000.0,
        "Reconciled Depreciation": 70000000.0,
        "Reconciled Cost Of Revenue": 545000000.0,
        "EBITDA": 78000000.0,
        "EBIT": 8000000.0,
        "Net Interest Income": -47000000.0,
        "Interest Expense": 40000000.0,
        "Interest Income": 2000000.0,
        "Normalized Income": -34875000.0,
        "Net Income From Continuing And Discontinued Operation": 1082000000.0,
        "Total Expenses": 696000000.0,
        "Total Operating Income As Reported": 15000000.0,
        "Diluted Average Shares": 145400000.0,
        "Basic Average Shares": 145400000.0,
        "Diluted EPS": 7.41,
        "Basic EPS": 7.41,
        "Diluted NI Availto Com Stockholders": 1078000000.0,
        "Net Income Common Stockholders": 1078000000.0,
        "Preferred Stock Dividends": 4000000.0,
        "Net Income": 1082000000.0,
        "Minority Interests": 0.0,
        "Net Income Including Noncontrolling Interests": 1082000000.0,
        "Net Income Discontinuous Operations": 1113000000.0,
        "Net Income Continuous Operations": -31000000.0,
        "Tax Provision": -1000000.0,
        "Pretax Income": -32000000.0,
        "Other Income Expense": 1000000.0,
        "Other Non Operating Income Expenses": -4000000.0,
        "Special Income Charges": 8000000.0,
        "Other Special Charges": -8000000.0,
        "Gain On Sale Of Security": -4000000.0,
        "Net Non Operating Interest Income Expense": -47000000.0,
        "Total Other Finance Cost": 9000000.0,
        "Interest Expense Non Operating": 40000000.0,
        "Interest Income Non Operating": 2000000.0,
        "Operating Income": 15000000.0,
        "Operating Expense": 151000000.0,
        "Research And Development": 38000000.0,
        "Selling General And Administration": 113000000.0,
        "General And Administrative Expense": 113000000.0,
        "Other Gand A": 113000000.0,
        "Salaries And Wages": 1000000.0,
        "Gross Profit": 166000000.0,
        "Cost Of Revenue": 545000000.0,
        "Total Revenue": 711000000.0,
        "Operating Revenue": 711000000.0
    },
    "2024-12-31": {
        "Tax Effect Of Unusual Items": -840000.0,
        "Tax Rate For Calcs": 0.21,
        "Normalized EBITDA": 70000000.0,
        "Total Unusual Items": -4000000.0,
        "Total Unusual Items Excluding Goodwill": -4000000.0,
        "Net Income From Continuing Operation Net Minority Interest": -9000000.0,
        "Reconciled Depreciation": 60000000.0,
        "Reconciled Cost Of Revenue": 533000000.0,
        "EBITDA": 66000000.0,
        "EBIT": 6000000.0,
        "Net Interest Income": -11000000.0,
        "Interest Expense": 14000000.0,
        "Interest Income": 4000000.0,
        "Normalized Income": -5840000.0,
        "Net Income From Continuing And Discontinued Operation": -11000000.0,
        "Total Expenses": 680000000.0,
        "Total Operating Income As Reported": 2000000.0,
        "Diluted Average Shares": 144900000.0,
        "Basic Average Shares": 144900000.0,
        "Diluted EPS": -0.1,
        "Basic EPS": -0.1,
        "Diluted NI Availto Com Stockholders": -14000000.0,
        "Net Income Common Stockholders": -14000000.0,
        "Preferred Stock Dividends": 3000000.0,
        "Net Income": -11000000.0,
        "Minority Interests": 0.0,
        "Net Income Including Noncontrolling Interests": -11000000.0,
        "Net Income Discontinuous Operations": -2000000.0,
        "Net Income Continuous Operations": -9000000.0,
        "Tax Provision": 1000000.0,
        "Pretax Income": -8000000.0,
        "Other Income Expense": 1000000.0,
        "Other Non Operating Income Expenses": 5000000.0,
        "Special Income Charges": 0.0,
        "Other Special Charges": 0.0,
        "Gain On Sale Of Security": -4000000.0,
        "Net Non Operating Interest Income Expense": -11000000.0,
        "Total Other Finance Cost": 1000000.0,
        "Interest Expense Non Operating": 14000000.0,
        "Interest Income Non Operating": 4000000.0,
        "Operating Income": 2000000.0,
        "Operating Expense": 147000000.0,
        "Research And Development": 28000000.0,
        "Selling General And Administration": 119000000.0,
        "General And Administrative Expense": NaN,
        "Other Gand A": NaN,
        "Salaries And Wages": NaN,
        "Gross Profit": 149000000.0,
        "Cost Of Revenue": 533000000.0,
        "Total Revenue": 682000000.0,
        "Operating Revenue": 682000000.0
    },
    "2025-03-31": {
        "Tax Effect Of Unusual Items": 0.0,
        "Tax Rate For Calcs": 0.259259,
        "Normalized EBITDA": 48000000.0,
        "Total Unusual Items": NaN,
        "Total Unusual Items Excluding Goodwill": NaN,
        "Net Income From Continuing Operation Net Minority Interest": -20000000.0,
        "Reconciled Depreciation": 60000000.0,
        "Reconciled Cost Of Revenue": 482000000.0,
        "EBITDA": 48000000.0,
        "EBIT": -12000000.0,
        "Net Interest Income": -10000000.0,
        "Interest Expense": 15000000.0,
        "Interest Income": 6000000.0,
        "Normalized Income": -20000000.0,
        "Net Income From Continuing And Discontinued Operation": -17000000.0,
        "Total Expenses": 637000000.0,
        "Total Operating Income As Reported": -20000000.0,
        "Diluted Average Shares": 139900000.0,
        "Basic Average Shares": 139900000.0,
        "Diluted EPS": -0.15,
        "Basic EPS": -0.15,
        "Diluted NI Availto Com Stockholders": -21000000.0,
        "Net Income Common Stockholders": -21000000.0,
        "Preferred Stock Dividends": 4000000.0,
        "Net Income": -17000000.0,
        "Minority Interests": 0.0,
        "Net Income Including Noncontrolling Interests": -17000000.0,
        "Net Income Discontinuous Operations": 3000000.0,
        "Net Income Continuous Operations": -20000000.0,
        "Tax Provision": -7000000.0,
        "Pretax Income": -27000000.0,
        "Other Income Expense": 3000000.0,
        "Other Non Operating Income Expenses": 3000000.0,
        "Special Income Charges": NaN,
        "Other Special Charges": NaN,
        "Gain On Sale Of Security": NaN,
        "Net Non Operating Interest Income Expense": -10000000.0,
        "Total Other Finance Cost": 1000000.0,
        "Interest Expense Non Operating": 15000000.0,
        "Interest Income Non Operating": 6000000.0,
        "Operating Income": -20000000.0,
        "Operating Expense": 155000000.0,
        "Research And Development": 40000000.0,
        "Selling General And Administration": 115000000.0,
        "General And Administrative Expense": 115000000.0,
        "Other Gand A": 115000000.0,
        "Salaries And Wages": NaN,
        "Gross Profit": 135000000.0,
        "Cost Of Revenue": 482000000.0,
        "Total Revenue": 617000000.0,
        "Operating Revenue": 617000000.0
    },
    "2025-06-30": {
        "Tax Effect Of Unusual Items": -210000.0,
        "Tax Rate For Calcs": 0.21,
        "Normalized EBITDA": 70000000.0,
        "Total Unusual Items": -1000000.0,
        "Total Unusual Items Excluding Goodwill": -1000000.0,
        "Net Income From Continuing Operation Net Minority Interest": 1000000.0,
        "Reconciled Depreciation": 58000000.0,
        "Reconciled Cost Of Revenue": 513000000.0,
        "EBITDA": 69000000.0,
        "EBIT": 11000000.0,
        "Net Interest Income": -14000000.0,
        "Interest Expense": 14000000.0,
        "Interest Income": 1000000.0,
        "Normalized Income": 1790000.0,
        "Net Income From Continuing And Discontinued Operation": 0.0,
        "Total Expenses": 652000000.0,
        "Total Operating Income As Reported": 14000000.0,
        "Diluted Average Shares": 137900000.0,
        "Basic Average Shares": 137900000.0,
        "Diluted EPS": -0.03,
        "Basic EPS": -0.03,
        "Diluted NI Availto Com Stockholders": -4000000.0,
        "Net Income Common Stockholders": -4000000.0,
        "Preferred Stock Dividends": 4000000.0,
        "Net Income": 0.0,
        "Minority Interests": 0.0,
        "Net Income Including Noncontrolling Interests": 0.0,
        "Net Income Discontinuous Operations": -1000000.0,
        "Net Income Continuous Operations": 1000000.0,
        "Tax Provision": -4000000.0,
        "Pretax Income": -3000000.0,
        "Other Income Expense": -3000000.0,
        "Other Non Operating Income Expenses": -2000000.0,
        "Special Income Charges": NaN,
        "Other Special Charges": NaN,
        "Gain On Sale Of Security": -1000000.0,
        "Net Non Operating Interest Income Expense": -14000000.0,
        "Total Other Finance Cost": 1000000.0,
        "Interest Expense Non Operating": 14000000.0,
        "Interest Income Non Operating": 1000000.0,
        "Operating Income": 14000000.0,
        "Operating Expense": 139000000.0,
        "Research And Development": 32000000.0,
        "Selling General And Administration": 107000000.0,
        "General And Administrative Expense": NaN,
        "Other Gand A": NaN,
        "Salaries And Wages": NaN,
        "Gross Profit": 153000000.0,
        "Cost Of Revenue": 513000000.0,
        "Total Revenue": 666000000.0,
        "Operating Revenue": 666000000.0
    },
    "2025-09-30": {
        "Tax Effect Of Unusual Items": -260869.565217,
        "Tax Rate For Calcs": 0.26087,
        "Normalized EBITDA": 48000000.0,
        "Total Unusual Items": -1000000.0,
        "Total Unusual Items Excluding Goodwill": -1000000.0,
        "Net Income From Continuing Operation Net Minority Interest": -17000000.0,
        "Reconciled Depreciation": 55000000.0,
        "Reconciled Cost Of Revenue": 518000000.0,
        "EBITDA": 47000000.0,
        "EBIT": -8000000.0,
        "Net Interest Income": -16000000.0,
        "Interest Expense": 15000000.0,
        "Interest Income": 0.0,
        "Normalized Income": -16260869.565217,
        "Net Income From Continuing And Discontinued Operation": -19000000.0,
        "Total Expenses": 669000000.0,
        "Total Operating Income As Reported": 15000000.0,
        "Diluted Average Shares": 138200000.0,
        "Basic Average Shares": 138200000.0,
        "Diluted EPS": -0.16,
        "Basic EPS": -0.16,
        "Diluted NI Availto Com Stockholders": -22000000.0,
        "Net Income Common Stockholders": -22000000.0,
        "Preferred Stock Dividends": 3000000.0,
        "Net Income": -19000000.0,
        "Minority Interests": 0.0,
        "Net Income Including Noncontrolling Interests": -19000000.0,
        "Net Income Discontinuous Operations": -2000000.0,
        "Net Income Continuous Operations": -17000000.0,
        "Tax Provision": -6000000.0,
        "Pretax Income": -23000000.0,
        "Other Income Expense": -22000000.0,
        "Other Non Operating Income Expenses": -21000000.0,
        "Special Income Charges": 0.0,
        "Other Special Charges": NaN,
        "Gain On Sale Of Security": -1000000.0,
        "Net Non Operating Interest Income Expense": -16000000.0,
        "Total Other Finance Cost": 1000000.0,
        "Interest Expense Non Operating": 15000000.0,
        "Interest Income Non Operating": 0.0,
        "Operating Income": 15000000.0,
        "Operating Expense": 151000000.0,
        "Research And Development": 40000000.0,
        "Selling General And Administration": 111000000.0,
        "General And Administrative Expense": 111000000.0,
        "Other Gand A": 111000000.0,
        "Salaries And Wages": NaN,
        "Gross Profit": 166000000.0,
        "Cost Of Revenue": 518000000.0,
        "Total Revenue": 684000000.0,
        "Operating Revenue": 684000000.0
    }
}