{
    "2023-06-30": {
        "Tax Effect Of Unusual Items": 15195353.403141,
        "Tax Rate For Calcs": 0.220223,
        "Normalized EBITDA": 11687000000.0,
        "Total Unusual Items": 69000000.0,
        "Total Unusual Items Excluding Goodwill": 69000000.0,
        "Net Income From Continuing Operation Net Minority Interest": 4648000000.0,
        "Reconciled Depreciation": 4359000000.0,
        "Reconciled Cost Of Revenue": 12764000000.0,
        "EBITDA": 11756000000.0,
        "EBIT": 7397000000.0,
        "Net Interest Income": -1193000000.0,
        "Interest Expense": 1285000000.0,
        "Interest Income": 92000000.0,
        "Normalized Income": 4594195353.403141,
        "Net Income From Continuing And Discontinued Operation": 4648000000.0,
        "Total Expenses": 25376000000.0,
        "Total Operating Income As Reported": 7220000000.0,
        "Diluted Average Shares": 4213000000.0,
        "Basic Average Shares": 4208000000.0,
        "Diluted EPS": 1.1,
        "Basic EPS": 1.1,
        "Diluted NI Availto Com Stockholders": 4648000000.0,
        "Net Income Common Stockholders": 4648000000.0,
        "Net Income": 4648000000.0,
        "Minority Interests": -118000000.0,
        "Net Income Including Noncontrolling Interests": 4766000000.0,
        "Net Income Continuous Operations": 4766000000.0,
        "Tax Provision": 1346000000.0,
        "Pretax Income": 6112000000.0,
        "Other Income Expense": 85000000.0,
        "Other Non Operating Income Expenses": 49000000.0,
        "Special Income Charges": 69000000.0,
        "Other Special Charges": -69000000.0,
        "Earnings From Equity Interest": -33000000.0,
        "Net Non Operating Interest Income Expense": -1193000000.0,
        "Interest Expense Non Operating": 1285000000.0,
        "Interest Income Non Operating": 92000000.0,
        "Operating Income": 7220000000.0,
        "Operating Expense": 12612000000.0,
        "Depreciation Amortization Depletion Income Statement": 4359000000.0,
        "Depreciation And Amortization In Income Statement": 4359000000.0,
        "Selling General And Administration": 8253000000.0,
        "Gross Profit": 19832000000.0,
        "Cost Of Revenue": 12764000000.0,
        "Total Revenue": 32596000000.0,
        "Operating Revenue": 32596000000.0
    },
    "2023-03-31": {
        "Tax Effect Of Unusual Items": 15960000.0,
        "Tax Rate For Calcs": 0.228,
        "Normalized EBITDA": 11955000000.0,
        "Total Unusual Items": 70000000.0,
        "Total Unusual Items Excluding Goodwill": 70000000.0,
        "Net Income From Continuing Operation Net Minority Interest": 4909000000.0,
        "Reconciled Depreciation": 4318000000.0,
        "Reconciled Cost Of Revenue": 13504000000.0,
        "EBITDA": 12025000000.0,
        "EBIT": 7707000000.0,
        "Net Interest Income": -1132000000.0,
        "Interest Expense": 1207000000.0,
        "Interest Income": 75000000.0,
        "Normalized Income": 4854960000.0,
        "Net Income From Continuing And Discontinued Operation": 4909000000.0,
        "Total Expenses": 25328000000.0,
        "Total Operating Income As Reported": 7584000000.0,
        "Diluted Average Shares": 4211000000.0,
        "Basic Average Shares": 4207000000.0,
        "Diluted EPS": 1.17,
        "Basic EPS": 1.17,
        "Diluted NI Availto Com Stockholders": 4909000000.0,
        "Net Income Common Stockholders": 4909000000.0,
        "Net Income": 4909000000.0,
        "Minority Interests": -109000000.0,
        "Net Income Including Noncontrolling Interests": 5018000000.0,
        "Net Income Continuous Operations": 5018000000.0,
        "Tax Provision": 1482000000.0,
        "Pretax Income": 6500000000.0,
        "Other Income Expense": 48000000.0,
        "Other Non Operating Income Expenses": -31000000.0,
        "Special Income Charges": 70000000.0,
        "Other Special Charges": -70000000.0,
        "Earnings From Equity Interest": 9000000.0,
        "Net Non Operating Interest Income Expense": -1132000000.0,
        "Interest Expense Non Operating": 1207000000.0,
        "Interest Income Non Operating": 75000000.0,
        "Operating Income": 7584000000.0,
        "Operating Expense": 11824000000.0,
        "Depreciation Amortization Depletion Income Statement": 4318000000.0,
        "Depreciation And Amortization In Income Statement": 4318000000.0,
        "Selling General And Administration": 7506000000.0,
        "Gross Profit": 19408000000.0,
        "Cost Of Revenue": 13504000000.0,
        "Total Revenue": 32912000000.0,
        "Operating Revenue": 32912000000.0
    },
    "2022-12-31": {
        "Tax Effect Of Unusual Items": 0.0,
        "Tax Rate For Calcs": 0.239814,
        "Normalized EBITDA": 14134000000.0,
        "Total Unusual Items": NaN,
        "Total Unusual Items Excluding Goodwill": NaN,
        "Net Income From Continuing Operation Net Minority Interest": 6577000000.0,
        "Reconciled Depreciation": 4218000000.0,
        "Reconciled Cost Of Revenue": 15762000000.0,
        "EBITDA": 14134000000.0,
        "EBIT": 9916000000.0,
        "Net Interest Income": -1022000000.0,
        "Interest Expense": 1105000000.0,
        "Interest Income": 83000000.0,
        "Normalized Income": 6577000000.0,
        "Net Income From Continuing And Discontinued Operation": 6577000000.0,
        "Total Expenses": 28026000000.0,
        "Total Operating Income As Reported": 7225000000.0,
        "Diluted Average Shares": 4207000000.0,
        "Basic Average Shares": 4204000000.0,
        "Diluted EPS": 1.56,
        "Basic EPS": 1.56,
        "Diluted NI Availto Com Stockholders": 6577000000.0,
        "Net Income Common Stockholders": 6577000000.0,
        "Net Income": 6577000000.0,
        "Minority Interests": -121000000.0,
        "Net Income Including Noncontrolling Interests": 6698000000.0,
        "Net Income Continuous Operations": 6698000000.0,
        "Tax Provision": 2113000000.0,
        "Pretax Income": 8811000000.0,
        "Other Income Expense": 2608000000.0,
        "Other Non Operating Income Expenses": 3681000000.0,
        "Special Income Charges": NaN,
        "Other Special Charges": NaN,
        "Earnings From Equity Interest": 4000000.0,
        "Net Non Operating Interest Income Expense": -1022000000.0,
        "Interest Expense Non Operating": 1105000000.0,
        "Interest Income Non Operating": 83000000.0,
        "Operating Income": 7225000000.0,
        "Operating Expense": 12264000000.0,
        "Depreciation Amortization Depletion Income Statement": 4218000000.0,
        "Depreciation And Amortization In Income Statement": 4218000000.0,
        "Selling General And Administration": 8046000000.0,
        "Gross Profit": 19489000000.0,
        "Cost Of Revenue": 15762000000.0,
        "Total Revenue": 35251000000.0,
        "Operating Revenue": 35251000000.0
    },
    "2022-09-30": {
        "Tax Effect Of Unusual Items": 0.0,
        "Tax Rate For Calcs": 0.229448,
        "Normalized EBITDA": 11781000000.0,
        "Total Unusual Items": NaN,
        "Total Unusual Items Excluding Goodwill": NaN,
        "Net Income From Continuing Operation Net Minority Interest": 4900000000.0,
        "Reconciled Depreciation": 4324000000.0,
        "Reconciled Cost Of Revenue": 14601000000.0,
        "EBITDA": 11781000000.0,
        "EBIT": 7457000000.0,
        "Net Interest Income": -937000000.0,
        "Interest Expense": 937000000.0,
        "Interest Income": 32000000.0,
        "Normalized Income": 4900000000.0,
        "Net Income From Continuing And Discontinued Operation": 4900000000.0,
        "Total Expenses": 26347000000.0,
        "Total Operating Income As Reported": 7894000000.0,
        "Diluted Average Shares": 4204000000.0,
        "Basic Average Shares": 4202000000.0,
        "Diluted EPS": 1.17,
        "Basic EPS": 1.17,
        "Diluted NI Availto Com Stockholders": 4900000000.0,
        "Net Income Common Stockholders": 4900000000.0,
        "Net Income": 4900000000.0,
        "Minority Interests": -124000000.0,
        "Net Income Including Noncontrolling Interests": 5024000000.0,
        "Net Income Continuous Operations": 5024000000.0,
        "Tax Provision": 1496000000.0,
        "Pretax Income": 6520000000.0,
        "Other Income Expense": -437000000.0,
        "Other Non Operating Income Expenses": -439000000.0,
        "Special Income Charges": NaN,
        "Other Special Charges": NaN,
        "Earnings From Equity Interest": 2000000.0,
        "Net Non Operating Interest Income Expense": -937000000.0,
        "Interest Expense Non Operating": 937000000.0,
        "Interest Income Non Operating": 32000000.0,
        "Operating Income": 7894000000.0,
        "Operating Expense": 11746000000.0,
        "Depreciation Amortization Depletion Income Statement": 4324000000.0,
        "Depreciation And Amortization In Income Statement": 4324000000.0,
        "Selling General And Administration": 7422000000.0,
        "Gross Profit": 19640000000.0,
        "Cost Of Revenue": 14601000000.0,
        "Total Revenue": 34241000000.0,
        "Operating Revenue": 34241000000.0
    },
    "2022-06-30": {
        "Tax Effect Of Unusual Items": 0.0,
        "Tax Rate For Calcs": 0.22488,
        "Normalized EBITDA": 11963000000.0,
        "Total Unusual Items": NaN,
        "Total Unusual Items Excluding Goodwill": NaN,
        "Net Income From Continuing Operation Net Minority Interest": 5199000000.0,
        "Reconciled Depreciation": 4321000000.0,
        "Reconciled Cost Of Revenue": 14420000000.0,
        "EBITDA": 11963000000.0,
        "EBIT": 7642000000.0,
        "Net Interest Income": -785000000.0,
        "Interest Expense": 785000000.0,
        "Interest Income": 21000000.0,
        "Normalized Income": 5199000000.0,
        "Net Income From Continuing And Discontinued Operation": 5199000000.0,
        "Total Expenses": 26237000000.0,
        "Total Operating Income As Reported": 7552000000.0,
        "Diluted Average Shares": 4202000000.0,
        "Basic Average Shares": 4201000000.0,
        "Diluted EPS": 1.24,
        "Basic EPS": 1.24,
        "Diluted NI Availto Com Stockholders": 5199000000.0,
        "Net Income Common Stockholders": 5199000000.0,
        "Net Income": 5199000000.0,
        "Minority Interests": -116000000.0,
        "Net Income Including Noncontrolling Interests": 5315000000.0,
        "Net Income Continuous Operations": 5315000000.0,
        "Tax Provision": 1542000000.0,
        "Pretax Income": 6857000000.0,
        "Other Income Expense": 90000000.0,
        "Other Non Operating Income Expenses": 49000000.0,
        "Special Income Charges": NaN,
        "Other Special Charges": NaN,
        "Earnings From Equity Interest": 41000000.0,
        "Net Non Operating Interest Income Expense": -785000000.0,
        "Interest Expense Non Operating": 785000000.0,
        "Interest Income Non Operating": 21000000.0,
        "Operating Income": 7552000000.0,
        "Operating Expense": 11817000000.0,
        "Depreciation Amortization Depletion Income Statement": 4321000000.0,
        "Depreciation And Amortization In Income Statement": 4321000000.0,
        "Selling General And Administration": 7496000000.0,
        "Gross Profit": 19369000000.0,
        "Cost Of Revenue": 14420000000.0,
        "Total Revenue": 33789000000.0,
        "Operating Revenue": 33789000000.0
    },
    "2023-09-30": {
        "Tax Effect Of Unusual Items": NaN,
        "Tax Rate For Calcs": NaN,
        "Normalized EBITDA": NaN,
        "Total Unusual Items": NaN,
        "Total Unusual Items Excluding Goodwill": NaN,
        "Net Income From Continuing Operation Net Minority Interest": NaN,
        "Reconciled Depreciation": NaN,
        "Reconciled Cost Of Revenue": NaN,
        "EBITDA": NaN,
        "EBIT": NaN,
        "Net Interest Income": NaN,
        "Interest Expense": NaN,
        "Interest Income": NaN,
        "Normalized Income": NaN,
        "Net Income From Continuing And Discontinued Operation": NaN,
        "Total Expenses": NaN,
        "Total Operating Income As Reported": NaN,
        "Diluted Average Shares": 4216000000.0,
        "Basic Average Shares": 4213000000.0,
        "Diluted EPS": 1.13,
        "Basic EPS": 1.13,
        "Diluted NI Availto Com Stockholders": NaN,
        "Net Income Common Stockholders": NaN,
        "Net Income": NaN,
        "Minority Interests": NaN,
        "Net Income Including Noncontrolling Interests": NaN,
        "Net Income Continuous Operations": NaN,
        "Tax Provision": NaN,
        "Pretax Income": NaN,
        "Other Income Expense": NaN,
        "Other Non Operating Income Expenses": NaN,
        "Special Income Charges": NaN,
        "Other Special Charges": NaN,
        "Earnings From Equity Interest": NaN,
        "Net Non Operating Interest Income Expense": NaN,
        "Interest Expense Non Operating": NaN,
        "Interest Income Non Operating": NaN,
        "Operating Income": NaN,
        "Operating Expense": NaN,
        "Depreciation Amortization Depletion Income Statement": NaN,
        "Depreciation And Amortization In Income Statement": NaN,
        "Selling General And Administration": NaN,
        "Gross Profit": NaN,
        "Cost Of Revenue": NaN,
        "Total Revenue": NaN,
        "Operating Revenue": NaN
    },
    "2023-12-31": {
        "Tax Effect Of Unusual Items": -1208970000.0,
        "Tax Rate For Calcs": 0.21,
        "Normalized EBITDA": 10055000000.0,
        "Total Unusual Items": -5757000000.0,
        "Total Unusual Items Excluding Goodwill": -5757000000.0,
        "Net Income From Continuing Operation Net Minority Interest": -2705000000.0,
        "Reconciled Depreciation": 4516000000.0,
        "Reconciled Cost Of Revenue": 15182000000.0,
        "EBITDA": 4298000000.0,
        "EBIT": -218000000.0,
        "Net Interest Income": -1510000000.0,
        "Interest Expense": 1599000000.0,
        "Interest Income": 89000000.0,
        "Normalized Income": 1843030000.0,
        "Net Income From Continuing And Discontinued Operation": -2705000000.0,
        "Total Expenses": 28689000000.0,
        "Total Operating Income As Reported": 600000000.0,
        "Diluted Average Shares": 4214000000.0,
        "Basic Average Shares": 4214000000.0,
        "Diluted EPS": -0.64,
        "Basic EPS": -0.64,
        "Diluted NI Availto Com Stockholders": -2705000000.0,
        "Net Income Common Stockholders": -2705000000.0,
        "Net Income": -2705000000.0,
        "Minority Interests": -132000000.0,
        "Net Income Including Noncontrolling Interests": -2573000000.0,
        "Net Income Continuous Operations": -2573000000.0,
        "Tax Provision": 756000000.0,
        "Pretax Income": -1817000000.0,
        "Other Income Expense": -6748000000.0,
        "Other Non Operating Income Expenses": -980000000.0,
        "Special Income Charges": -5757000000.0,
        "Other Special Charges": -84000000.0,
        "Earnings From Equity Interest": -11000000.0,
        "Net Non Operating Interest Income Expense": -1510000000.0,
        "Interest Expense Non Operating": 1599000000.0,
        "Interest Income Non Operating": 89000000.0,
        "Operating Income": 6441000000.0,
        "Operating Expense": 13507000000.0,
        "Depreciation Amortization Depletion Income Statement": 4516000000.0,
        "Depreciation And Amortization In Income Statement": 4516000000.0,
        "Selling General And Administration": 8991000000.0,
        "Gross Profit": 19948000000.0,
        "Cost Of Revenue": 15182000000.0,
        "Total Revenue": 35130000000.0,
        "Operating Revenue": 35130000000.0
    },
    "2024-03-31": {
        "Tax Effect Of Unusual Items": 24530000.0,
        "Tax Rate For Calcs": 0.223,
        "Normalized EBITDA": 12045000000.0,
        "Total Unusual Items": 110000000.0,
        "Total Unusual Items Excluding Goodwill": 110000000.0,
        "Net Income From Continuing Operation Net Minority Interest": 4602000000.0,
        "Reconciled Depreciation": 4445000000.0,
        "Reconciled Cost Of Revenue": 12872000000.0,
        "EBITDA": 12155000000.0,
        "EBIT": 7710000000.0,
        "Net Interest Income": -1557000000.0,
        "Interest Expense": 1635000000.0,
        "Interest Income": 78000000.0,
        "Normalized Income": 4516530000.0,
        "Net Income From Continuing And Discontinued Operation": 4602000000.0,
        "Total Expenses": 25460000000.0,
        "Total Operating Income As Reported": 7521000000.0,
        "Diluted Average Shares": 4219000000.0,
        "Basic Average Shares": 4215000000.0,
        "Diluted EPS": 1.09,
        "Basic EPS": 1.09,
        "Diluted NI Availto Com Stockholders": 4602000000.0,
        "Net Income Common Stockholders": 4602000000.0,
        "Net Income": 4602000000.0,
        "Minority Interests": -120000000.0,
        "Net Income Including Noncontrolling Interests": 4722000000.0,
        "Net Income Continuous Operations": 4722000000.0,
        "Tax Provision": 1353000000.0,
        "Pretax Income": 6075000000.0,
        "Other Income Expense": 111000000.0,
        "Other Non Operating Income Expenses": 10000000.0,
        "Special Income Charges": 110000000.0,
        "Other Special Charges": -110000000.0,
        "Earnings From Equity Interest": -9000000.0,
        "Net Non Operating Interest Income Expense": -1557000000.0,
        "Interest Expense Non Operating": 1635000000.0,
        "Interest Income Non Operating": 78000000.0,
        "Operating Income": 7521000000.0,
        "Operating Expense": 12588000000.0,
        "Depreciation Amortization Depletion Income Statement": 4445000000.0,
        "Depreciation And Amortization In Income Statement": 4445000000.0,
        "Selling General And Administration": 8143000000.0,
        "Gross Profit": 20109000000.0,
        "Cost Of Revenue": 12872000000.0,
        "Total Revenue": 32981000000.0,
        "Operating Revenue": 32981000000.0
    },
    "2024-06-30": {
        "Tax Effect Of Unusual Items": 19669000.0,
        "Tax Rate For Calcs": 0.221,
        "Normalized EBITDA": 12126000000.0,
        "Total Unusual Items": 89000000.0,
        "Total Unusual Items Excluding Goodwill": 89000000.0,
        "Net Income From Continuing Operation Net Minority Interest": 4593000000.0,
        "Reconciled Depreciation": 4483000000.0,
        "Reconciled Cost Of Revenue": 12471000000.0,
        "EBITDA": 12215000000.0,
        "EBIT": 7732000000.0,
        "Net Interest Income": -1615000000.0,
        "Interest Expense": 1698000000.0,
        "Interest Income": 83000000.0,
        "Normalized Income": 4523669000.0,
        "Net Income From Continuing And Discontinued Operation": 4593000000.0,
        "Total Expenses": 24978000000.0,
        "Total Operating Income As Reported": 7818000000.0,
        "Diluted Average Shares": 4221000000.0,
        "Basic Average Shares": 4215000000.0,
        "Diluted EPS": 1.09,
        "Basic EPS": 1.09,
        "Diluted NI Availto Com Stockholders": 4593000000.0,
        "Net Income Common Stockholders": 4593000000.0,
        "Net Income": 4593000000.0,
        "Minority Interests": -109000000.0,
        "Net Income Including Noncontrolling Interests": 4702000000.0,
        "Net Income Continuous Operations": 4702000000.0,
        "Tax Provision": 1332000000.0,
        "Pretax Income": 6034000000.0,
        "Other Income Expense": -169000000.0,
        "Other Non Operating Income Expenses": -244000000.0,
        "Special Income Charges": 89000000.0,
        "Other Special Charges": -89000000.0,
        "Earnings From Equity Interest": -14000000.0,
        "Net Non Operating Interest Income Expense": -1615000000.0,
        "Interest Expense Non Operating": 1698000000.0,
        "Interest Income Non Operating": 83000000.0,
        "Operating Income": 7818000000.0,
        "Operating Expense": 12507000000.0,
        "Depreciation Amortization Depletion Income Statement": 4483000000.0,
        "Depreciation And Amortization In Income Statement": 4483000000.0,
        "Selling General And Administration": 8024000000.0,
        "Gross Profit": 20325000000.0,
        "Cost Of Revenue": 12471000000.0,
        "Total Revenue": 32796000000.0,
        "Operating Revenue": 32796000000.0
    },
    "2024-09-30": {
        "Tax Effect Of Unusual Items": 18630000.0,
        "Tax Rate For Calcs": 0.207,
        "Normalized EBITDA": 10342000000.0,
        "Total Unusual Items": 90000000.0,
        "Total Unusual Items Excluding Goodwill": 90000000.0,
        "Net Income From Continuing Operation Net Minority Interest": 3306000000.0,
        "Reconciled Depreciation": 4458000000.0,
        "Reconciled Cost Of Revenue": 13240000000.0,
        "EBITDA": 10432000000.0,
        "EBIT": 5974000000.0,
        "Net Interest Income": -1575000000.0,
        "Interest Expense": 1672000000.0,
        "Interest Income": 97000000.0,
        "Normalized Income": 3234630000.0,
        "Net Income From Continuing And Discontinued Operation": 3306000000.0,
        "Total Expenses": 27404000000.0,
        "Total Operating Income As Reported": 5926000000.0,
        "Diluted Average Shares": NaN,
        "Basic Average Shares": NaN,
        "Diluted EPS": NaN,
        "Basic EPS": NaN,
        "Diluted NI Availto Com Stockholders": 3306000000.0,
        "Net Income Common Stockholders": 3306000000.0,
        "Net Income": 3306000000.0,
        "Minority Interests": -105000000.0,
        "Net Income Including Noncontrolling Interests": 3411000000.0,
        "Net Income Continuous Operations": 3411000000.0,
        "Tax Provision": 891000000.0,
        "Pretax Income": 4302000000.0,
        "Other Income Expense": -49000000.0,
        "Other Non Operating Income Expenses": -115000000.0,
        "Special Income Charges": 90000000.0,
        "Other Special Charges": -90000000.0,
        "Earnings From Equity Interest": -24000000.0,
        "Net Non Operating Interest Income Expense": -1575000000.0,
        "Interest Expense Non Operating": 1672000000.0,
        "Interest Income Non Operating": 97000000.0,
        "Operating Income": 5926000000.0,
        "Operating Expense": 14164000000.0,
        "Depreciation Amortization Depletion Income Statement": 4458000000.0,
        "Depreciation And Amortization In Income Statement": 4458000000.0,
        "Selling General And Administration": 9706000000.0,
        "Gross Profit": 20090000000.0,
        "Cost Of Revenue": 13240000000.0,
        "Total Revenue": 33330000000.0,
        "Operating Revenue": 33330000000.0
    },
    "2024-12-31": {
        "Tax Effect Of Unusual Items": 21252131.546894,
        "Tax Rate For Calcs": 0.221376,
        "Normalized EBITDA": 12622000000.0,
        "Total Unusual Items": 96000000.0,
        "Total Unusual Items Excluding Goodwill": 96000000.0,
        "Net Income From Continuing Operation Net Minority Interest": 5005000000.0,
        "Reconciled Depreciation": 4506000000.0,
        "Reconciled Cost Of Revenue": 15514000000.0,
        "EBITDA": 12718000000.0,
        "EBIT": 8212000000.0,
        "Net Interest Income": -1566000000.0,
        "Interest Expense": 1644000000.0,
        "Interest Income": 78000000.0,
        "Normalized Income": 4930252131.546894,
        "Net Income From Continuing And Discontinued Operation": 5005000000.0,
        "Total Expenses": 28260000000.0,
        "Total Operating Income As Reported": 7421000000.0,
        "Diluted Average Shares": 4227000000.0,
        "Basic Average Shares": 4222000000.0,
        "Diluted EPS": 1.18,
        "Basic EPS": 1.19,
        "Diluted NI Availto Com Stockholders": 5005000000.0,
        "Net Income Common Stockholders": 5005000000.0,
        "Net Income": 5005000000.0,
        "Minority Interests": -109000000.0,
        "Net Income Including Noncontrolling Interests": 5114000000.0,
        "Net Income Continuous Operations": 5114000000.0,
        "Tax Provision": 1454000000.0,
        "Pretax Income": 6568000000.0,
        "Other Income Expense": 713000000.0,
        "Other Non Operating Income Expenses": 623000000.0,
        "Special Income Charges": 96000000.0,
        "Other Special Charges": -96000000.0,
        "Earnings From Equity Interest": -6000000.0,
        "Net Non Operating Interest Income Expense": -1566000000.0,
        "Interest Expense Non Operating": 1644000000.0,
        "Interest Income Non Operating": 78000000.0,
        "Operating Income": 7421000000.0,
        "Operating Expense": 12746000000.0,
        "Depreciation Amortization Depletion Income Statement": 4506000000.0,
        "Depreciation And Amortization In Income Statement": 4506000000.0,
        "Selling General And Administration": 8240000000.0,
        "Gross Profit": 20167000000.0,
        "Cost Of Revenue": 15514000000.0,
        "Total Revenue": 35681000000.0,
        "Operating Revenue": 35681000000.0
    },
    "2025-03-31": {
        "Tax Effect Of Unusual Items": 20700000.0,
        "Tax Rate For Calcs": 0.23,
        "Normalized EBITDA": 12592000000.0,
        "Total Unusual Items": 90000000.0,
        "Total Unusual Items Excluding Goodwill": 90000000.0,
        "Net Income From Continuing Operation Net Minority Interest": 4879000000.0,
        "Reconciled Depreciation": 4577000000.0,
        "Reconciled Cost Of Revenue": 13056000000.0,
        "EBITDA": 12682000000.0,
        "EBIT": 8105000000.0,
        "Net Interest Income": -1569000000.0,
        "Interest Expense": 1632000000.0,
        "Interest Income": 63000000.0,
        "Normalized Income": 4809700000.0,
        "Net Income From Continuing And Discontinued Operation": 4879000000.0,
        "Total Expenses": 25507000000.0,
        "Total Operating Income As Reported": 7978000000.0,
        "Diluted Average Shares": 4226000000.0,
        "Basic Average Shares": 4222000000.0,
        "Diluted EPS": 1.15,
        "Basic EPS": 1.16,
        "Diluted NI Availto Com Stockholders": 4879000000.0,
        "Net Income Common Stockholders": 4879000000.0,
        "Net Income": 4879000000.0,
        "Minority Interests": -104000000.0,
        "Net Income Including Noncontrolling Interests": 4983000000.0,
        "Net Income Continuous Operations": 4983000000.0,
        "Tax Provision": 1490000000.0,
        "Pretax Income": 6473000000.0,
        "Other Income Expense": 64000000.0,
        "Other Non Operating Income Expenses": -32000000.0,
        "Special Income Charges": 90000000.0,
        "Other Special Charges": -90000000.0,
        "Earnings From Equity Interest": 6000000.0,
        "Net Non Operating Interest Income Expense": -1569000000.0,
        "Interest Expense Non Operating": 1632000000.0,
        "Interest Income Non Operating": 63000000.0,
        "Operating Income": 7978000000.0,
        "Operating Expense": 12451000000.0,
        "Depreciation Amortization Depletion Income Statement": 4577000000.0,
        "Depreciation And Amortization In Income Statement": 4577000000.0,
        "Selling General And Administration": 7874000000.0,
        "Gross Profit": 20429000000.0,
        "Cost Of Revenue": 13056000000.0,
        "Total Revenue": 33485000000.0,
        "Operating Revenue": 33485000000.0
    },
    "2025-06-30": {
        "Tax Effect Of Unusual Items": 19800000.0,
        "Tax Rate For Calcs": 0.225,
        "Normalized EBITDA": 12795000000.0,
        "Total Unusual Items": 88000000.0,
        "Total Unusual Items Excluding Goodwill": 88000000.0,
        "Net Income From Continuing Operation Net Minority Interest": 5003000000.0,
        "Reconciled Depreciation": 4635000000.0,
        "Reconciled Cost Of Revenue": 13885000000.0,
        "EBITDA": 12883000000.0,
        "EBIT": 8248000000.0,
        "Net Interest Income": -1584000000.0,
        "Interest Expense": 1639000000.0,
        "Interest Income": 55000000.0,
        "Normalized Income": 4934800000.0,
        "Net Income From Continuing And Discontinued Operation": 5003000000.0,
        "Total Expenses": 26332000000.0,
        "Total Operating Income As Reported": 8172000000.0,
        "Diluted Average Shares": 4228000000.0,
        "Basic Average Shares": 4224000000.0,
        "Diluted EPS": 1.18,
        "Basic EPS": 1.18,
        "Diluted NI Availto Com Stockholders": 5003000000.0,
        "Net Income Common Stockholders": 5003000000.0,
        "Net Income": 5003000000.0,
        "Minority Interests": -118000000.0,
        "Net Income Including Noncontrolling Interests": 5121000000.0,
        "Net Income Continuous Operations": 5121000000.0,
        "Tax Provision": 1488000000.0,
        "Pretax Income": 6609000000.0,
        "Other Income Expense": 21000000.0,
        "Other Non Operating Income Expenses": -64000000.0,
        "Special Income Charges": 88000000.0,
        "Other Special Charges": -88000000.0,
        "Earnings From Equity Interest": -3000000.0,
        "Net Non Operating Interest Income Expense": -1584000000.0,
        "Interest Expense Non Operating": 1639000000.0,
        "Interest Income Non Operating": 55000000.0,
        "Operating Income": 8172000000.0,
        "Operating Expense": 12447000000.0,
        "Depreciation Amortization Depletion Income Statement": 4635000000.0,
        "Depreciation And Amortization In Income Statement": 4635000000.0,
        "Selling General And Administration": 7812000000.0,
        "Gross Profit": 20619000000.0,
        "Cost Of Revenue": 13885000000.0,
        "Total Revenue": 34504000000.0,
        "Operating Revenue": 34504000000.0
    },
    "2025-09-30": {
        "Tax Effect Of Unusual Items": 21150000.0,
        "Tax Rate For Calcs": 0.225,
        "Normalized EBITDA": 12715000000.0,
        "Total Unusual Items": 94000000.0,
        "Total Unusual Items Excluding Goodwill": 94000000.0,
        "Net Income From Continuing Operation Net Minority Interest": 4950000000.0,
        "Reconciled Depreciation": 4618000000.0,
        "Reconciled Cost Of Revenue": 13346000000.0,
        "EBITDA": 12809000000.0,
        "EBIT": 8191000000.0,
        "Net Interest Income": -1596000000.0,
        "Interest Expense": 1664000000.0,
        "Interest Income": 68000000.0,
        "Normalized Income": 4877150000.0,
        "Net Income From Continuing And Discontinued Operation": 4950000000.0,
        "Total Expenses": 25716000000.0,
        "Total Operating Income As Reported": 8105000000.0,
        "Diluted Average Shares": 4233000000.0,
        "Basic Average Shares": 4228000000.0,
        "Diluted EPS": 1.17,
        "Basic EPS": 1.17,
        "Diluted NI Availto Com Stockholders": 4950000000.0,
        "Net Income Common Stockholders": 4950000000.0,
        "Net Income": 4950000000.0,
        "Minority Interests": -106000000.0,
        "Net Income Including Noncontrolling Interests": 5056000000.0,
        "Net Income Continuous Operations": 5056000000.0,
        "Tax Provision": 1471000000.0,
        "Pretax Income": 6527000000.0,
        "Other Income Expense": 18000000.0,
        "Other Non Operating Income Expenses": -70000000.0,
        "Special Income Charges": 94000000.0,
        "Other Special Charges": -94000000.0,
        "Earnings From Equity Interest": -6000000.0,
        "Net Non Operating Interest Income Expense": -1596000000.0,
        "Interest Expense Non Operating": 1664000000.0,
        "Interest Income Non Operating": 68000000.0,
        "Operating Income": 8105000000.0,
        "Operating Expense": 12370000000.0,
        "Depreciation Amortization Depletion Income Statement": 4618000000.0,
        "Depreciation And Amortization In Income Statement": 4618000000.0,
        "Selling General And Administration": 7752000000.0,
        "Gross Profit": 20475000000.0,
        "Cost Of Revenue": 13346000000.0,
        "Total Revenue": 33821000000.0,
        "Operating Revenue": 33821000000.0
    },
    "2025-12-31": {
        "Tax Effect Of Unusual Items": NaN,
        "Tax Rate For Calcs": NaN,
        "Normalized EBITDA": NaN,
        "Total Unusual Items": NaN,
        "Total Unusual Items Excluding Goodwill": NaN,
        "Net Income From Continuing Operation Net Minority Interest": NaN,
        "Reconciled Depreciation": NaN,
        "Reconciled Cost Of Revenue": NaN,
        "EBITDA": NaN,
        "EBIT": NaN,
        "Net Interest Income": NaN,
        "Interest Expense": NaN,
        "Interest Income": NaN,
        "Normalized Income": NaN,
        "Net Income From Continuing And Discontinued Operation": NaN,
        "Total Expenses": NaN,
        "Total Operating Income As Reported": NaN,
        "Diluted Average Shares": 4236000000.0,
        "Basic Average Shares": 4230000000.0,
        "Diluted EPS": 0.55,
        "Basic EPS": 0.55,
        "Diluted NI Availto Com Stockholders": NaN,
        "Net Income Common Stockholders": NaN,
        "Net Income": NaN,
        "Minority Interests": NaN,
        "Net Income Including Noncontrolling Interests": NaN,
        "Net Income Continuous Operations": NaN,
        "Tax Provision": NaN,
        "Pretax Income": NaN,
        "Other Income Expense": NaN,
        "Other Non Operating Income Expenses": NaN,
        "Special Income Charges": NaN,
        "Other Special Charges": NaN,
        "Earnings From Equity Interest": NaN,
        "Net Non Operating Interest Income Expense": NaN,
        "Interest Expense Non Operating": NaN,
        "Interest Income Non Operating": NaN,
        "Operating Income": NaN,
        "Operating Expense": NaN,
        "Depreciation Amortization Depletion Income Statement": NaN,
        "Depreciation And Amortization In Income Statement": NaN,
        "Selling General And Administration": NaN,
        "Gross Profit": NaN,
        "Cost Of Revenue": NaN,
        "Total Revenue": NaN,
        "Operating Revenue": NaN
    }
}