{
    "2024-01-31": {
        "Tax Effect Of Unusual Items": 0.0,
        "Tax Rate For Calcs": 0.0,
        "Normalized EBITDA": -4304054.0,
        "Total Unusual Items": -221375.0,
        "Total Unusual Items Excluding Goodwill": -221375.0,
        "Net Income From Continuing Operation Net Minority Interest": -4074203.0,
        "Reconciled Depreciation": 52732.0,
        "Reconciled Cost Of Revenue": 52732.0,
        "EBITDA": -4525429.0,
        "EBIT": -4578161.0,
        "Net Interest Income": 725333.0,
        "Interest Income": 725333.0,
        "Normalized Income": -3852828.0,
        "Net Income From Continuing And Discontinued Operation": -4074203.0,
        "Total Expenses": 4578161.0,
        "Diluted Average Shares": 208033701.0,
        "Basic Average Shares": 208033701.0,
        "Diluted EPS": -0.02,
        "Basic EPS": -0.02,
        "Diluted NI Availto Com Stockholders": -4074203.0,
        "Net Income Common Stockholders": -4074203.0,
        "Net Income": -4074203.0,
        "Net Income Including Noncontrolling Interests": -4074203.0,
        "Net Income Continuous Operations": -4074203.0,
        "Pretax Income": -4074203.0,
        "Other Income Expense": -221375.0,
        "Other Non Operating Income Expenses": NaN,
        "Special Income Charges": 0.0,
        "Other Special Charges": NaN,
        "Restructuring And Mergern Acquisition": 0.0,
        "Earnings From Equity Interest": 0.0,
        "Gain On Sale Of Security": -221375.0,
        "Net Non Operating Interest Income Expense": 725333.0,
        "Interest Income Non Operating": 725333.0,
        "Operating Income": -4578161.0,
        "Operating Expense": 4525429.0,
        "Other Operating Expenses": 615575.0,
        "Selling General And Administration": 3909854.0,
        "Selling And Marketing Expense": 1235447.0,
        "General And Administrative Expense": 2674407.0,
        "Other Gand A": 1025870.0,
        "Insurance And Claims": 156619.0,
        "Salaries And Wages": 1491918.0,
        "Gross Profit": -52732.0,
        "Cost Of Revenue": 52732.0,
        "Total Revenue": 0.0,
        "Operating Revenue": 0.0
    },
    "2023-10-31": {
        "Tax Effect Of Unusual Items": NaN,
        "Tax Rate For Calcs": NaN,
        "Normalized EBITDA": NaN,
        "Total Unusual Items": NaN,
        "Total Unusual Items Excluding Goodwill": NaN,
        "Net Income From Continuing Operation Net Minority Interest": NaN,
        "Reconciled Depreciation": NaN,
        "Reconciled Cost Of Revenue": NaN,
        "EBITDA": NaN,
        "EBIT": NaN,
        "Net Interest Income": NaN,
        "Interest Income": NaN,
        "Normalized Income": NaN,
        "Net Income From Continuing And Discontinued Operation": NaN,
        "Total Expenses": NaN,
        "Diluted Average Shares": 207991645.0,
        "Basic Average Shares": 207991645.0,
        "Diluted EPS": -0.02,
        "Basic EPS": -0.02,
        "Diluted NI Availto Com Stockholders": NaN,
        "Net Income Common Stockholders": NaN,
        "Net Income": NaN,
        "Net Income Including Noncontrolling Interests": NaN,
        "Net Income Continuous Operations": NaN,
        "Pretax Income": NaN,
        "Other Income Expense": NaN,
        "Other Non Operating Income Expenses": NaN,
        "Special Income Charges": 0.0,
        "Other Special Charges": NaN,
        "Restructuring And Mergern Acquisition": 0.0,
        "Earnings From Equity Interest": 0.0,
        "Gain On Sale Of Security": NaN,
        "Net Non Operating Interest Income Expense": NaN,
        "Interest Income Non Operating": NaN,
        "Operating Income": NaN,
        "Operating Expense": NaN,
        "Other Operating Expenses": 427494.0,
        "Selling General And Administration": NaN,
        "Selling And Marketing Expense": NaN,
        "General And Administrative Expense": NaN,
        "Other Gand A": NaN,
        "Insurance And Claims": NaN,
        "Salaries And Wages": NaN,
        "Gross Profit": NaN,
        "Cost Of Revenue": NaN,
        "Total Revenue": NaN,
        "Operating Revenue": NaN
    },
    "2023-07-31": {
        "Tax Effect Of Unusual Items": NaN,
        "Tax Rate For Calcs": NaN,
        "Normalized EBITDA": NaN,
        "Total Unusual Items": NaN,
        "Total Unusual Items Excluding Goodwill": NaN,
        "Net Income From Continuing Operation Net Minority Interest": NaN,
        "Reconciled Depreciation": NaN,
        "Reconciled Cost Of Revenue": NaN,
        "EBITDA": NaN,
        "EBIT": NaN,
        "Net Interest Income": NaN,
        "Interest Income": NaN,
        "Normalized Income": NaN,
        "Net Income From Continuing And Discontinued Operation": NaN,
        "Total Expenses": NaN,
        "Diluted Average Shares": NaN,
        "Basic Average Shares": NaN,
        "Diluted EPS": NaN,
        "Basic EPS": NaN,
        "Diluted NI Availto Com Stockholders": NaN,
        "Net Income Common Stockholders": NaN,
        "Net Income": NaN,
        "Net Income Including Noncontrolling Interests": NaN,
        "Net Income Continuous Operations": NaN,
        "Pretax Income": NaN,
        "Other Income Expense": NaN,
        "Other Non Operating Income Expenses": NaN,
        "Special Income Charges": NaN,
        "Other Special Charges": NaN,
        "Restructuring And Mergern Acquisition": NaN,
        "Earnings From Equity Interest": NaN,
        "Gain On Sale Of Security": NaN,
        "Net Non Operating Interest Income Expense": NaN,
        "Interest Income Non Operating": NaN,
        "Operating Income": NaN,
        "Operating Expense": NaN,
        "Other Operating Expenses": 197822.0,
        "Selling General And Administration": NaN,
        "Selling And Marketing Expense": NaN,
        "General And Administrative Expense": NaN,
        "Other Gand A": NaN,
        "Insurance And Claims": NaN,
        "Salaries And Wages": NaN,
        "Gross Profit": NaN,
        "Cost Of Revenue": NaN,
        "Total Revenue": NaN,
        "Operating Revenue": NaN
    },
    "2023-04-30": {
        "Tax Effect Of Unusual Items": NaN,
        "Tax Rate For Calcs": NaN,
        "Normalized EBITDA": NaN,
        "Total Unusual Items": NaN,
        "Total Unusual Items Excluding Goodwill": NaN,
        "Net Income From Continuing Operation Net Minority Interest": NaN,
        "Reconciled Depreciation": NaN,
        "Reconciled Cost Of Revenue": NaN,
        "EBITDA": NaN,
        "EBIT": NaN,
        "Net Interest Income": NaN,
        "Interest Income": NaN,
        "Normalized Income": NaN,
        "Net Income From Continuing And Discontinued Operation": NaN,
        "Total Expenses": NaN,
        "Diluted Average Shares": NaN,
        "Basic Average Shares": NaN,
        "Diluted EPS": NaN,
        "Basic EPS": NaN,
        "Diluted NI Availto Com Stockholders": NaN,
        "Net Income Common Stockholders": NaN,
        "Net Income": NaN,
        "Net Income Including Noncontrolling Interests": NaN,
        "Net Income Continuous Operations": NaN,
        "Pretax Income": NaN,
        "Other Income Expense": NaN,
        "Special Income Charges": -443930.0,
        "Other Special Charges": NaN,
        "Restructuring And Mergern Acquisition": NaN,
        "Gain On Sale Of Security": NaN,
        "Net Non Operating Interest Income Expense": NaN,
        "Interest Income Non Operating": NaN,
        "Operating Income": NaN,
        "Operating Expense": NaN,
        "Other Operating Expenses": NaN,
        "Selling General And Administration": NaN,
        "Selling And Marketing Expense": NaN,
        "General And Administrative Expense": NaN,
        "Other Gand A": NaN,
        "Insurance And Claims": NaN,
        "Salaries And Wages": NaN,
        "Gross Profit": NaN,
        "Cost Of Revenue": NaN,
        "Total Revenue": NaN,
        "Operating Revenue": NaN
    },
    "2023-01-31": {
        "Tax Effect Of Unusual Items": NaN,
        "Tax Rate For Calcs": NaN,
        "Normalized EBITDA": NaN,
        "Total Unusual Items": NaN,
        "Total Unusual Items Excluding Goodwill": NaN,
        "Net Income From Continuing Operation Net Minority Interest": NaN,
        "Reconciled Depreciation": NaN,
        "Reconciled Cost Of Revenue": NaN,
        "EBITDA": NaN,
        "EBIT": NaN,
        "Net Interest Income": NaN,
        "Interest Income": NaN,
        "Normalized Income": NaN,
        "Net Income From Continuing And Discontinued Operation": NaN,
        "Total Expenses": NaN,
        "Diluted Average Shares": 175112075.0,
        "Basic Average Shares": 175112075.0,
        "Diluted EPS": -0.02,
        "Basic EPS": -0.02,
        "Diluted NI Availto Com Stockholders": NaN,
        "Net Income Common Stockholders": NaN,
        "Net Income": NaN,
        "Net Income Including Noncontrolling Interests": NaN,
        "Net Income Continuous Operations": NaN,
        "Pretax Income": NaN,
        "Other Income Expense": NaN,
        "Special Income Charges": 0.0,
        "Other Special Charges": NaN,
        "Restructuring And Mergern Acquisition": 0.0,
        "Gain On Sale Of Security": NaN,
        "Net Non Operating Interest Income Expense": NaN,
        "Interest Income Non Operating": NaN,
        "Operating Income": NaN,
        "Operating Expense": NaN,
        "Other Operating Expenses": 877964.0,
        "Selling General And Administration": NaN,
        "Selling And Marketing Expense": NaN,
        "General And Administrative Expense": NaN,
        "Other Gand A": NaN,
        "Insurance And Claims": NaN,
        "Salaries And Wages": NaN,
        "Gross Profit": NaN,
        "Cost Of Revenue": NaN,
        "Total Revenue": NaN,
        "Operating Revenue": NaN
    },
    "2022-10-31": {
        "Tax Effect Of Unusual Items": NaN,
        "Tax Rate For Calcs": NaN,
        "Normalized EBITDA": NaN,
        "Total Unusual Items": NaN,
        "Total Unusual Items Excluding Goodwill": NaN,
        "Net Income From Continuing Operation Net Minority Interest": NaN,
        "Reconciled Depreciation": NaN,
        "Reconciled Cost Of Revenue": NaN,
        "EBITDA": NaN,
        "EBIT": NaN,
        "Net Interest Income": NaN,
        "Interest Income": NaN,
        "Normalized Income": NaN,
        "Net Income From Continuing And Discontinued Operation": NaN,
        "Total Expenses": NaN,
        "Diluted Average Shares": 154875802.0,
        "Basic Average Shares": 154875802.0,
        "Diluted EPS": -0.01,
        "Basic EPS": -0.01,
        "Diluted NI Availto Com Stockholders": NaN,
        "Net Income Common Stockholders": NaN,
        "Net Income": NaN,
        "Net Income Including Noncontrolling Interests": NaN,
        "Net Income Continuous Operations": NaN,
        "Pretax Income": NaN,
        "Other Income Expense": NaN,
        "Special Income Charges": 0.0,
        "Restructuring And Mergern Acquisition": 0.0,
        "Gain On Sale Of Security": NaN,
        "Net Non Operating Interest Income Expense": NaN,
        "Interest Income Non Operating": NaN,
        "Operating Income": NaN,
        "Operating Expense": NaN,
        "Other Operating Expenses": 461922.0,
        "Selling General And Administration": NaN,
        "Selling And Marketing Expense": NaN,
        "General And Administrative Expense": NaN,
        "Other Gand A": NaN,
        "Insurance And Claims": NaN,
        "Salaries And Wages": NaN,
        "Gross Profit": NaN,
        "Cost Of Revenue": NaN,
        "Total Revenue": NaN,
        "Operating Revenue": NaN
    },
    "2024-04-30": {
        "Tax Effect Of Unusual Items": 0.0,
        "Tax Rate For Calcs": 0.0,
        "Normalized EBITDA": -3177885.0,
        "Total Unusual Items": -238949.0,
        "Total Unusual Items Excluding Goodwill": -238949.0,
        "Net Income From Continuing Operation Net Minority Interest": -3277192.0,
        "Reconciled Depreciation": 102103.0,
        "Reconciled Cost Of Revenue": 102103.0,
        "EBITDA": -3416834.0,
        "EBIT": -3518937.0,
        "Net Interest Income": 480694.0,
        "Interest Income": 480694.0,
        "Normalized Income": -3038243.0,
        "Net Income From Continuing And Discontinued Operation": -3277192.0,
        "Total Expenses": 3518937.0,
        "Diluted Average Shares": NaN,
        "Basic Average Shares": NaN,
        "Diluted EPS": NaN,
        "Basic EPS": NaN,
        "Diluted NI Availto Com Stockholders": -3277192.0,
        "Net Income Common Stockholders": -3277192.0,
        "Net Income": -3277192.0,
        "Net Income Including Noncontrolling Interests": -3277192.0,
        "Net Income Continuous Operations": -3277192.0,
        "Pretax Income": -3277192.0,
        "Other Income Expense": -238949.0,
        "Other Non Operating Income Expenses": NaN,
        "Special Income Charges": NaN,
        "Other Special Charges": NaN,
        "Restructuring And Mergern Acquisition": NaN,
        "Earnings From Equity Interest": NaN,
        "Gain On Sale Of Security": -74253.0,
        "Net Non Operating Interest Income Expense": 480694.0,
        "Interest Income Non Operating": 480694.0,
        "Operating Income": -3518937.0,
        "Operating Expense": 3416834.0,
        "Other Operating Expenses": NaN,
        "Selling General And Administration": 4909542.0,
        "Selling And Marketing Expense": 1000546.0,
        "General And Administrative Expense": 3908996.0,
        "Other Gand A": 3529658.0,
        "Insurance And Claims": 112731.0,
        "Salaries And Wages": 266607.0,
        "Gross Profit": -102103.0,
        "Cost Of Revenue": 102103.0,
        "Total Revenue": 0.0,
        "Operating Revenue": 0.0
    },
    "2024-07-31": {
        "Tax Effect Of Unusual Items": 2106515.85,
        "Tax Rate For Calcs": 0.15,
        "Normalized EBITDA": -20438436.0,
        "Total Unusual Items": 14043439.0,
        "Total Unusual Items Excluding Goodwill": 14043439.0,
        "Net Income From Continuing Operation Net Minority Interest": 7924127.0,
        "Reconciled Depreciation": 65485.0,
        "Reconciled Cost Of Revenue": 65485.0,
        "EBITDA": -6394997.0,
        "EBIT": -6460482.0,
        "Net Interest Income": 341170.0,
        "Interest Income": 341170.0,
        "Normalized Income": -4012796.15,
        "Net Income From Continuing And Discontinued Operation": 7924127.0,
        "Total Expenses": 6460482.0,
        "Diluted Average Shares": 238246923.0,
        "Basic Average Shares": 238246923.0,
        "Diluted EPS": 0.03,
        "Basic EPS": 0.03,
        "Diluted NI Availto Com Stockholders": 7924127.0,
        "Net Income Common Stockholders": 7924127.0,
        "Net Income": 7924127.0,
        "Net Income Including Noncontrolling Interests": 7924127.0,
        "Net Income Continuous Operations": 7924127.0,
        "Pretax Income": 7924127.0,
        "Other Income Expense": 14043439.0,
        "Other Non Operating Income Expenses": NaN,
        "Special Income Charges": 13958286.0,
        "Other Special Charges": -321862.0,
        "Restructuring And Mergern Acquisition": -13636424.0,
        "Earnings From Equity Interest": NaN,
        "Gain On Sale Of Security": 85153.0,
        "Net Non Operating Interest Income Expense": 341170.0,
        "Interest Income Non Operating": 341170.0,
        "Operating Income": -6460482.0,
        "Operating Expense": 6394997.0,
        "Other Operating Expenses": NaN,
        "Selling General And Administration": 6394997.0,
        "Selling And Marketing Expense": 1016875.0,
        "General And Administrative Expense": 5378122.0,
        "Other Gand A": 1443504.0,
        "Insurance And Claims": 157805.0,
        "Salaries And Wages": 3776813.0,
        "Gross Profit": -65485.0,
        "Cost Of Revenue": 65485.0,
        "Total Revenue": 0.0,
        "Operating Revenue": 0.0
    },
    "2024-10-31": {
        "Tax Effect Of Unusual Items": 0.0,
        "Tax Rate For Calcs": 0.0,
        "Normalized EBITDA": -4608605.0,
        "Total Unusual Items": -468547.0,
        "Total Unusual Items Excluding Goodwill": -468547.0,
        "Net Income From Continuing Operation Net Minority Interest": -5381559.0,
        "Reconciled Depreciation": 71868.0,
        "Reconciled Cost Of Revenue": 71868.0,
        "EBITDA": -5077152.0,
        "EBIT": -5149020.0,
        "Net Interest Income": 797528.0,
        "Interest Income": 797528.0,
        "Normalized Income": -4913012.0,
        "Net Income From Continuing And Discontinued Operation": -5381559.0,
        "Total Expenses": 5149020.0,
        "Diluted Average Shares": 261580254.0,
        "Basic Average Shares": 261580254.0,
        "Diluted EPS": -0.02,
        "Basic EPS": -0.02,
        "Diluted NI Availto Com Stockholders": -5381559.0,
        "Net Income Common Stockholders": -5381559.0,
        "Net Income": -5381559.0,
        "Net Income Including Noncontrolling Interests": -5381559.0,
        "Net Income Continuous Operations": -5381559.0,
        "Pretax Income": -5381559.0,
        "Other Income Expense": -1030067.0,
        "Other Non Operating Income Expenses": NaN,
        "Special Income Charges": 0.0,
        "Other Special Charges": NaN,
        "Restructuring And Mergern Acquisition": 0.0,
        "Earnings From Equity Interest": -561520.0,
        "Gain On Sale Of Security": -468547.0,
        "Net Non Operating Interest Income Expense": 797528.0,
        "Interest Income Non Operating": 797528.0,
        "Operating Income": -5149020.0,
        "Operating Expense": 5077152.0,
        "Other Operating Expenses": 689788.0,
        "Selling General And Administration": 4387364.0,
        "Selling And Marketing Expense": 803740.0,
        "General And Administrative Expense": 3583624.0,
        "Other Gand A": 951429.0,
        "Insurance And Claims": 150231.0,
        "Salaries And Wages": 2481964.0,
        "Gross Profit": -71868.0,
        "Cost Of Revenue": 71868.0,
        "Total Revenue": 0.0,
        "Operating Revenue": 0.0
    },
    "2025-01-31": {
        "Tax Effect Of Unusual Items": 0.0,
        "Tax Rate For Calcs": 0.0,
        "Normalized EBITDA": -7768718.0,
        "Total Unusual Items": 508775.0,
        "Total Unusual Items Excluding Goodwill": 508775.0,
        "Net Income From Continuing Operation Net Minority Interest": -4131765.0,
        "Reconciled Depreciation": 82323.0,
        "Reconciled Cost Of Revenue": 82323.0,
        "EBITDA": -7259943.0,
        "EBIT": -7342266.0,
        "Net Interest Income": 970144.0,
        "Interest Income": 970144.0,
        "Normalized Income": -4640540.0,
        "Net Income From Continuing And Discontinued Operation": -4131765.0,
        "Total Expenses": 7342266.0,
        "Diluted Average Shares": 284372312.0,
        "Basic Average Shares": 284372312.0,
        "Diluted EPS": -0.01,
        "Basic EPS": -0.01,
        "Diluted NI Availto Com Stockholders": -4131765.0,
        "Net Income Common Stockholders": -4131765.0,
        "Net Income": -4131765.0,
        "Net Income Including Noncontrolling Interests": -4131765.0,
        "Net Income Continuous Operations": -4131765.0,
        "Pretax Income": -4131765.0,
        "Other Income Expense": 2240357.0,
        "Other Non Operating Income Expenses": 77543.0,
        "Special Income Charges": 0.0,
        "Other Special Charges": NaN,
        "Restructuring And Mergern Acquisition": 0.0,
        "Earnings From Equity Interest": 1654039.0,
        "Gain On Sale Of Security": 508775.0,
        "Net Non Operating Interest Income Expense": 970144.0,
        "Interest Income Non Operating": 970144.0,
        "Operating Income": -7342266.0,
        "Operating Expense": 7259943.0,
        "Other Operating Expenses": 1398777.0,
        "Selling General And Administration": 5861166.0,
        "Selling And Marketing Expense": 2451886.0,
        "General And Administrative Expense": 3409280.0,
        "Other Gand A": 1045963.0,
        "Insurance And Claims": 202105.0,
        "Salaries And Wages": 2161212.0,
        "Gross Profit": -82323.0,
        "Cost Of Revenue": 82323.0,
        "Total Revenue": 0.0,
        "Operating Revenue": 0.0
    }
}