{
    "2023-03-31": {
        "Tax Effect Of Unusual Items": NaN,
        "Tax Rate For Calcs": NaN,
        "Normalized EBITDA": NaN,
        "Total Unusual Items": NaN,
        "Total Unusual Items Excluding Goodwill": NaN,
        "Net Income From Continuing Operation Net Minority Interest": NaN,
        "Reconciled Depreciation": NaN,
        "Reconciled Cost Of Revenue": NaN,
        "EBITDA": NaN,
        "EBIT": NaN,
        "Net Interest Income": NaN,
        "Interest Expense": NaN,
        "Normalized Income": NaN,
        "Net Income From Continuing And Discontinued Operation": NaN,
        "Total Expenses": NaN,
        "Total Operating Income As Reported": NaN,
        "Diluted Average Shares": NaN,
        "Basic Average Shares": NaN,
        "Diluted EPS": NaN,
        "Basic EPS": NaN,
        "Diluted NI Availto Com Stockholders": NaN,
        "Net Income Common Stockholders": NaN,
        "Net Income": NaN,
        "Net Income Including Noncontrolling Interests": NaN,
        "Net Income Continuous Operations": NaN,
        "Tax Provision": NaN,
        "Pretax Income": NaN,
        "Other Income Expense": NaN,
        "Other Non Operating Income Expenses": NaN,
        "Special Income Charges": NaN,
        "Other Special Charges": NaN,
        "Write Off": NaN,
        "Impairment Of Capital Assets": 13000000.0,
        "Restructuring And Mergern Acquisition": NaN,
        "Net Non Operating Interest Income Expense": NaN,
        "Interest Expense Non Operating": NaN,
        "Operating Income": NaN,
        "Operating Expense": NaN,
        "Other Operating Expenses": NaN,
        "Selling General And Administration": NaN,
        "Selling And Marketing Expense": NaN,
        "General And Administrative Expense": NaN,
        "Other Gand A": NaN,
        "Gross Profit": NaN,
        "Cost Of Revenue": NaN,
        "Total Revenue": NaN,
        "Operating Revenue": NaN
    },
    "2022-12-31": {
        "Tax Effect Of Unusual Items": NaN,
        "Tax Rate For Calcs": NaN,
        "Normalized EBITDA": NaN,
        "Total Unusual Items": NaN,
        "Total Unusual Items Excluding Goodwill": NaN,
        "Net Income From Continuing Operation Net Minority Interest": NaN,
        "Reconciled Depreciation": NaN,
        "Reconciled Cost Of Revenue": NaN,
        "EBITDA": NaN,
        "EBIT": NaN,
        "Net Interest Income": NaN,
        "Interest Expense": NaN,
        "Normalized Income": NaN,
        "Net Income From Continuing And Discontinued Operation": NaN,
        "Total Expenses": NaN,
        "Total Operating Income As Reported": NaN,
        "Diluted Average Shares": NaN,
        "Basic Average Shares": NaN,
        "Diluted EPS": NaN,
        "Basic EPS": NaN,
        "Diluted NI Availto Com Stockholders": NaN,
        "Net Income Common Stockholders": NaN,
        "Net Income": NaN,
        "Net Income Including Noncontrolling Interests": NaN,
        "Net Income Continuous Operations": NaN,
        "Tax Provision": NaN,
        "Pretax Income": NaN,
        "Other Income Expense": NaN,
        "Other Non Operating Income Expenses": NaN,
        "Special Income Charges": NaN,
        "Other Special Charges": 0.0,
        "Write Off": NaN,
        "Impairment Of Capital Assets": NaN,
        "Restructuring And Mergern Acquisition": NaN,
        "Net Non Operating Interest Income Expense": NaN,
        "Interest Expense Non Operating": NaN,
        "Operating Income": NaN,
        "Operating Expense": NaN,
        "Other Operating Expenses": NaN,
        "Selling General And Administration": NaN,
        "Selling And Marketing Expense": NaN,
        "General And Administrative Expense": NaN,
        "Other Gand A": NaN,
        "Gross Profit": NaN,
        "Cost Of Revenue": NaN,
        "Total Revenue": NaN,
        "Operating Revenue": NaN
    },
    "2022-09-30": {
        "Tax Effect Of Unusual Items": NaN,
        "Tax Rate For Calcs": NaN,
        "Normalized EBITDA": NaN,
        "Total Unusual Items": NaN,
        "Total Unusual Items Excluding Goodwill": NaN,
        "Net Income From Continuing Operation Net Minority Interest": NaN,
        "Reconciled Depreciation": NaN,
        "Reconciled Cost Of Revenue": NaN,
        "EBITDA": NaN,
        "EBIT": NaN,
        "Net Interest Income": NaN,
        "Interest Expense": NaN,
        "Normalized Income": NaN,
        "Net Income From Continuing And Discontinued Operation": NaN,
        "Total Expenses": NaN,
        "Total Operating Income As Reported": NaN,
        "Diluted Average Shares": NaN,
        "Basic Average Shares": NaN,
        "Diluted EPS": NaN,
        "Basic EPS": NaN,
        "Diluted NI Availto Com Stockholders": NaN,
        "Average Dilution Earnings": 0.0,
        "Net Income Common Stockholders": NaN,
        "Net Income": NaN,
        "Net Income Including Noncontrolling Interests": NaN,
        "Net Income Continuous Operations": NaN,
        "Tax Provision": NaN,
        "Pretax Income": NaN,
        "Other Income Expense": NaN,
        "Other Non Operating Income Expenses": -1000000.0,
        "Special Income Charges": NaN,
        "Other Special Charges": -96000000.0,
        "Write Off": NaN,
        "Impairment Of Capital Assets": 0.0,
        "Restructuring And Mergern Acquisition": NaN,
        "Net Non Operating Interest Income Expense": NaN,
        "Interest Expense Non Operating": NaN,
        "Operating Income": NaN,
        "Operating Expense": NaN,
        "Other Operating Expenses": NaN,
        "Selling General And Administration": NaN,
        "Selling And Marketing Expense": NaN,
        "General And Administrative Expense": NaN,
        "Other Gand A": NaN,
        "Gross Profit": NaN,
        "Cost Of Revenue": NaN,
        "Total Revenue": NaN,
        "Operating Revenue": NaN
    },
    "2022-06-30": {
        "Tax Effect Of Unusual Items": -16000000.0,
        "Tax Rate For Calcs": 0.4,
        "Normalized EBITDA": -240000000.0,
        "Total Unusual Items": -40000000.0,
        "Total Unusual Items Excluding Goodwill": -40000000.0,
        "Net Income From Continuing Operation Net Minority Interest": -378000000.0,
        "Reconciled Depreciation": 91000000.0,
        "Reconciled Cost Of Revenue": 2388000000.0,
        "EBITDA": -280000000.0,
        "EBIT": -371000000.0,
        "Net Interest Income": -6000000.0,
        "Interest Expense": 6000000.0,
        "Normalized Income": -354000000.0,
        "Net Income From Continuing And Discontinued Operation": -378000000.0,
        "Total Expenses": 3616000000.0,
        "Total Operating Income As Reported": -372000000.0,
        "Diluted Average Shares": 105000000.0,
        "Basic Average Shares": 105000000.0,
        "Diluted EPS": -3.59,
        "Basic EPS": -3.59,
        "Diluted NI Availto Com Stockholders": -378000000.0,
        "Average Dilution Earnings": 0.0,
        "Net Income Common Stockholders": -378000000.0,
        "Net Income": -378000000.0,
        "Net Income Including Noncontrolling Interests": -378000000.0,
        "Net Income Continuous Operations": -378000000.0,
        "Tax Provision": 1000000.0,
        "Pretax Income": -377000000.0,
        "Other Income Expense": -39000000.0,
        "Other Non Operating Income Expenses": 1000000.0,
        "Special Income Charges": -40000000.0,
        "Other Special Charges": NaN,
        "Write Off": NaN,
        "Impairment Of Capital Assets": 40000000.0,
        "Restructuring And Mergern Acquisition": NaN,
        "Net Non Operating Interest Income Expense": -6000000.0,
        "Interest Expense Non Operating": 6000000.0,
        "Operating Income": -332000000.0,
        "Operating Expense": 1228000000.0,
        "Other Operating Expenses": 162000000.0,
        "Selling General And Administration": 1228000000.0,
        "Selling And Marketing Expense": 378000000.0,
        "General And Administrative Expense": 850000000.0,
        "Other Gand A": 850000000.0,
        "Gross Profit": 896000000.0,
        "Cost Of Revenue": 2388000000.0,
        "Total Revenue": 3284000000.0,
        "Operating Revenue": 3284000000.0
    },
    "2023-06-30": {
        "Tax Effect Of Unusual Items": NaN,
        "Tax Rate For Calcs": NaN,
        "Normalized EBITDA": NaN,
        "Total Unusual Items": NaN,
        "Total Unusual Items Excluding Goodwill": NaN,
        "Net Income From Continuing Operation Net Minority Interest": NaN,
        "Reconciled Depreciation": NaN,
        "Reconciled Cost Of Revenue": NaN,
        "EBITDA": NaN,
        "EBIT": NaN,
        "Net Interest Income": NaN,
        "Interest Expense": NaN,
        "Normalized Income": NaN,
        "Net Income From Continuing And Discontinued Operation": NaN,
        "Total Expenses": NaN,
        "Total Operating Income As Reported": NaN,
        "Diluted Average Shares": NaN,
        "Basic Average Shares": NaN,
        "Diluted EPS": NaN,
        "Basic EPS": NaN,
        "Diluted NI Availto Com Stockholders": NaN,
        "Net Income Common Stockholders": NaN,
        "Net Income": NaN,
        "Net Income Including Noncontrolling Interests": NaN,
        "Net Income Continuous Operations": NaN,
        "Tax Provision": NaN,
        "Pretax Income": NaN,
        "Other Income Expense": NaN,
        "Other Non Operating Income Expenses": 3000000.0,
        "Special Income Charges": NaN,
        "Other Special Charges": -100000000.0,
        "Write Off": NaN,
        "Impairment Of Capital Assets": 1000000.0,
        "Restructuring And Mergern Acquisition": NaN,
        "Net Non Operating Interest Income Expense": NaN,
        "Interest Expense Non Operating": NaN,
        "Operating Income": NaN,
        "Operating Expense": NaN,
        "Other Operating Expenses": NaN,
        "Selling General And Administration": NaN,
        "Selling And Marketing Expense": NaN,
        "General And Administrative Expense": NaN,
        "Other Gand A": NaN,
        "Gross Profit": NaN,
        "Cost Of Revenue": NaN,
        "Total Revenue": NaN,
        "Operating Revenue": NaN
    },
    "2023-09-30": {
        "Tax Effect Of Unusual Items": NaN,
        "Tax Rate For Calcs": NaN,
        "Normalized EBITDA": NaN,
        "Total Unusual Items": NaN,
        "Total Unusual Items Excluding Goodwill": NaN,
        "Net Income From Continuing Operation Net Minority Interest": NaN,
        "Reconciled Depreciation": NaN,
        "Reconciled Cost Of Revenue": NaN,
        "EBITDA": NaN,
        "EBIT": NaN,
        "Net Interest Income": NaN,
        "Interest Expense": NaN,
        "Normalized Income": NaN,
        "Net Income From Continuing And Discontinued Operation": NaN,
        "Total Expenses": NaN,
        "Total Operating Income As Reported": NaN,
        "Diluted Average Shares": NaN,
        "Basic Average Shares": NaN,
        "Diluted EPS": NaN,
        "Basic EPS": NaN,
        "Diluted NI Availto Com Stockholders": NaN,
        "Net Income Common Stockholders": NaN,
        "Net Income": NaN,
        "Net Income Including Noncontrolling Interests": NaN,
        "Net Income Continuous Operations": NaN,
        "Tax Provision": NaN,
        "Pretax Income": NaN,
        "Other Income Expense": NaN,
        "Other Non Operating Income Expenses": -4000000.0,
        "Special Income Charges": NaN,
        "Other Special Charges": NaN,
        "Write Off": NaN,
        "Impairment Of Capital Assets": 0.0,
        "Restructuring And Mergern Acquisition": NaN,
        "Net Non Operating Interest Income Expense": NaN,
        "Interest Expense Non Operating": NaN,
        "Operating Income": NaN,
        "Operating Expense": NaN,
        "Other Operating Expenses": NaN,
        "Selling General And Administration": NaN,
        "Selling And Marketing Expense": NaN,
        "General And Administrative Expense": NaN,
        "Other Gand A": NaN,
        "Gross Profit": NaN,
        "Cost Of Revenue": NaN,
        "Total Revenue": NaN,
        "Operating Revenue": NaN
    },
    "2023-12-31": {
        "Tax Effect Of Unusual Items": NaN,
        "Tax Rate For Calcs": NaN,
        "Normalized EBITDA": NaN,
        "Total Unusual Items": NaN,
        "Total Unusual Items Excluding Goodwill": NaN,
        "Net Income From Continuing Operation Net Minority Interest": NaN,
        "Reconciled Depreciation": NaN,
        "Reconciled Cost Of Revenue": NaN,
        "EBITDA": NaN,
        "EBIT": NaN,
        "Net Interest Income": NaN,
        "Interest Expense": NaN,
        "Normalized Income": NaN,
        "Net Income From Continuing And Discontinued Operation": NaN,
        "Total Expenses": NaN,
        "Total Operating Income As Reported": NaN,
        "Diluted Average Shares": NaN,
        "Basic Average Shares": NaN,
        "Diluted EPS": NaN,
        "Basic EPS": NaN,
        "Diluted NI Availto Com Stockholders": NaN,
        "Net Income Common Stockholders": NaN,
        "Net Income": NaN,
        "Net Income Including Noncontrolling Interests": NaN,
        "Net Income Continuous Operations": NaN,
        "Tax Provision": NaN,
        "Pretax Income": NaN,
        "Other Income Expense": NaN,
        "Other Non Operating Income Expenses": NaN,
        "Special Income Charges": NaN,
        "Other Special Charges": 0.0,
        "Write Off": NaN,
        "Restructuring And Mergern Acquisition": NaN,
        "Net Non Operating Interest Income Expense": NaN,
        "Interest Expense Non Operating": NaN,
        "Operating Income": NaN,
        "Operating Expense": NaN,
        "Other Operating Expenses": NaN,
        "Selling General And Administration": NaN,
        "Selling And Marketing Expense": NaN,
        "General And Administrative Expense": NaN,
        "Other Gand A": NaN,
        "Gross Profit": NaN,
        "Cost Of Revenue": NaN,
        "Total Revenue": NaN,
        "Operating Revenue": NaN
    },
    "2024-03-31": {
        "Tax Effect Of Unusual Items": NaN,
        "Tax Rate For Calcs": NaN,
        "Normalized EBITDA": NaN,
        "Total Unusual Items": NaN,
        "Total Unusual Items Excluding Goodwill": NaN,
        "Net Income From Continuing Operation Net Minority Interest": NaN,
        "Reconciled Depreciation": NaN,
        "Reconciled Cost Of Revenue": NaN,
        "EBITDA": NaN,
        "EBIT": NaN,
        "Net Interest Income": NaN,
        "Interest Expense": NaN,
        "Normalized Income": NaN,
        "Net Income From Continuing And Discontinued Operation": NaN,
        "Total Expenses": NaN,
        "Total Operating Income As Reported": NaN,
        "Diluted Average Shares": NaN,
        "Basic Average Shares": NaN,
        "Diluted EPS": NaN,
        "Basic EPS": NaN,
        "Diluted NI Availto Com Stockholders": NaN,
        "Net Income Common Stockholders": NaN,
        "Net Income": NaN,
        "Net Income Including Noncontrolling Interests": NaN,
        "Net Income Continuous Operations": NaN,
        "Tax Provision": NaN,
        "Pretax Income": NaN,
        "Other Income Expense": NaN,
        "Other Non Operating Income Expenses": -4000000.0,
        "Special Income Charges": NaN,
        "Other Special Charges": NaN,
        "Write Off": NaN,
        "Restructuring And Mergern Acquisition": NaN,
        "Net Non Operating Interest Income Expense": NaN,
        "Interest Expense Non Operating": NaN,
        "Operating Income": NaN,
        "Operating Expense": NaN,
        "Other Operating Expenses": NaN,
        "Selling General And Administration": NaN,
        "Selling And Marketing Expense": NaN,
        "General And Administrative Expense": NaN,
        "Other Gand A": NaN,
        "Gross Profit": NaN,
        "Cost Of Revenue": NaN,
        "Total Revenue": NaN,
        "Operating Revenue": NaN
    },
    "2024-06-30": {
        "Tax Effect Of Unusual Items": -210000.0,
        "Tax Rate For Calcs": 0.21,
        "Normalized EBITDA": 64000000.0,
        "Total Unusual Items": -1000000.0,
        "Total Unusual Items Excluding Goodwill": -1000000.0,
        "Net Income From Continuing Operation Net Minority Interest": -42000000.0,
        "Reconciled Depreciation": 99000000.0,
        "Reconciled Cost Of Revenue": 2176000000.0,
        "EBITDA": 63000000.0,
        "EBIT": -36000000.0,
        "Net Interest Income": -4000000.0,
        "Interest Expense": 4000000.0,
        "Normalized Income": -41210000.0,
        "Net Income From Continuing And Discontinued Operation": -42000000.0,
        "Total Expenses": 3151000000.0,
        "Total Operating Income As Reported": -35000000.0,
        "Diluted Average Shares": 122000000.0,
        "Basic Average Shares": 122000000.0,
        "Diluted EPS": -0.34,
        "Basic EPS": -0.34,
        "Diluted NI Availto Com Stockholders": -42000000.0,
        "Net Income Common Stockholders": -42000000.0,
        "Net Income": -42000000.0,
        "Net Income Including Noncontrolling Interests": -42000000.0,
        "Net Income Continuous Operations": -42000000.0,
        "Tax Provision": 2000000.0,
        "Pretax Income": -40000000.0,
        "Other Income Expense": -2000000.0,
        "Other Non Operating Income Expenses": -1000000.0,
        "Special Income Charges": -1000000.0,
        "Other Special Charges": NaN,
        "Write Off": 1000000.0,
        "Restructuring And Mergern Acquisition": 0.0,
        "Net Non Operating Interest Income Expense": -4000000.0,
        "Interest Expense Non Operating": 4000000.0,
        "Operating Income": -34000000.0,
        "Operating Expense": 975000000.0,
        "Other Operating Expenses": 121000000.0,
        "Selling General And Administration": 854000000.0,
        "Selling And Marketing Expense": 365000000.0,
        "General And Administrative Expense": 489000000.0,
        "Other Gand A": 489000000.0,
        "Gross Profit": 941000000.0,
        "Cost Of Revenue": 2176000000.0,
        "Total Revenue": 3117000000.0,
        "Operating Revenue": 3117000000.0
    },
    "2024-09-30": {
        "Tax Effect Of Unusual Items": -210000.0,
        "Tax Rate For Calcs": 0.21,
        "Normalized EBITDA": 29000000.0,
        "Total Unusual Items": -1000000.0,
        "Total Unusual Items Excluding Goodwill": -1000000.0,
        "Net Income From Continuing Operation Net Minority Interest": -74000000.0,
        "Reconciled Depreciation": 94000000.0,
        "Reconciled Cost Of Revenue": 2011000000.0,
        "EBITDA": 28000000.0,
        "EBIT": -66000000.0,
        "Net Interest Income": -5000000.0,
        "Interest Expense": 5000000.0,
        "Normalized Income": -73210000.0,
        "Net Income From Continuing And Discontinued Operation": -74000000.0,
        "Total Expenses": 2957000000.0,
        "Total Operating Income As Reported": -74000000.0,
        "Diluted Average Shares": 123000000.0,
        "Basic Average Shares": 123000000.0,
        "Diluted EPS": -0.6,
        "Basic EPS": -0.6,
        "Diluted NI Availto Com Stockholders": -74000000.0,
        "Net Income Common Stockholders": -74000000.0,
        "Net Income": -74000000.0,
        "Net Income Including Noncontrolling Interests": -74000000.0,
        "Net Income Continuous Operations": -74000000.0,
        "Tax Provision": 3000000.0,
        "Pretax Income": -71000000.0,
        "Other Income Expense": 7000000.0,
        "Other Non Operating Income Expenses": 8000000.0,
        "Special Income Charges": -1000000.0,
        "Other Special Charges": NaN,
        "Write Off": 1000000.0,
        "Restructuring And Mergern Acquisition": 0.0,
        "Net Non Operating Interest Income Expense": -5000000.0,
        "Interest Expense Non Operating": 5000000.0,
        "Operating Income": -73000000.0,
        "Operating Expense": 946000000.0,
        "Other Operating Expenses": 112000000.0,
        "Selling General And Administration": 834000000.0,
        "Selling And Marketing Expense": 354000000.0,
        "General And Administrative Expense": 480000000.0,
        "Other Gand A": 480000000.0,
        "Gross Profit": 873000000.0,
        "Cost Of Revenue": 2011000000.0,
        "Total Revenue": 2884000000.0,
        "Operating Revenue": 2884000000.0
    },
    "2024-12-31": {
        "Tax Effect Of Unusual Items": -5670000.0,
        "Tax Rate For Calcs": 0.21,
        "Normalized EBITDA": 5000000.0,
        "Total Unusual Items": -27000000.0,
        "Total Unusual Items Excluding Goodwill": -27000000.0,
        "Net Income From Continuing Operation Net Minority Interest": -128000000.0,
        "Reconciled Depreciation": 90000000.0,
        "Reconciled Cost Of Revenue": 2180000000.0,
        "EBITDA": -22000000.0,
        "EBIT": -112000000.0,
        "Net Interest Income": -14000000.0,
        "Interest Expense": 14000000.0,
        "Normalized Income": -106670000.0,
        "Net Income From Continuing And Discontinued Operation": -128000000.0,
        "Total Expenses": 3203000000.0,
        "Total Operating Income As Reported": -117000000.0,
        "Diluted Average Shares": 125000000.0,
        "Basic Average Shares": 125000000.0,
        "Diluted EPS": -1.02,
        "Basic EPS": -1.02,
        "Diluted NI Availto Com Stockholders": -128000000.0,
        "Net Income Common Stockholders": -128000000.0,
        "Net Income": -128000000.0,
        "Net Income Including Noncontrolling Interests": -128000000.0,
        "Net Income Continuous Operations": -128000000.0,
        "Tax Provision": 2000000.0,
        "Pretax Income": -126000000.0,
        "Other Income Expense": -30000000.0,
        "Other Non Operating Income Expenses": NaN,
        "Special Income Charges": -6000000.0,
        "Other Special Charges": NaN,
        "Write Off": 35000000.0,
        "Restructuring And Mergern Acquisition": 0.0,
        "Net Non Operating Interest Income Expense": -14000000.0,
        "Interest Expense Non Operating": 14000000.0,
        "Operating Income": -82000000.0,
        "Operating Expense": 1023000000.0,
        "Other Operating Expenses": 120000000.0,
        "Selling General And Administration": 903000000.0,
        "Selling And Marketing Expense": 429000000.0,
        "General And Administrative Expense": 474000000.0,
        "Other Gand A": 474000000.0,
        "Gross Profit": 941000000.0,
        "Cost Of Revenue": 2180000000.0,
        "Total Revenue": 3121000000.0,
        "Operating Revenue": 3121000000.0
    },
    "2025-03-31": {
        "Tax Effect Of Unusual Items": -11340000.0,
        "Tax Rate For Calcs": 0.21,
        "Normalized EBITDA": 48000000.0,
        "Total Unusual Items": -54000000.0,
        "Total Unusual Items Excluding Goodwill": -54000000.0,
        "Net Income From Continuing Operation Net Minority Interest": -113000000.0,
        "Reconciled Depreciation": 81000000.0,
        "Reconciled Cost Of Revenue": 1893000000.0,
        "EBITDA": -6000000.0,
        "EBIT": -87000000.0,
        "Net Interest Income": -23000000.0,
        "Interest Expense": 23000000.0,
        "Normalized Income": -70340000.0,
        "Net Income From Continuing And Discontinued Operation": -113000000.0,
        "Total Expenses": 2773000000.0,
        "Total Operating Income As Reported": -122000000.0,
        "Diluted Average Shares": 127000000.0,
        "Basic Average Shares": 127000000.0,
        "Diluted EPS": -0.89,
        "Basic EPS": -0.89,
        "Diluted NI Availto Com Stockholders": -113000000.0,
        "Net Income Common Stockholders": -113000000.0,
        "Net Income": -113000000.0,
        "Net Income Including Noncontrolling Interests": -113000000.0,
        "Net Income Continuous Operations": -113000000.0,
        "Tax Provision": 3000000.0,
        "Pretax Income": -110000000.0,
        "Other Income Expense": -44000000.0,
        "Other Non Operating Income Expenses": 10000000.0,
        "Special Income Charges": -54000000.0,
        "Other Special Charges": -25000000.0,
        "Write Off": 23000000.0,
        "Restructuring And Mergern Acquisition": 56000000.0,
        "Net Non Operating Interest Income Expense": -23000000.0,
        "Interest Expense Non Operating": 23000000.0,
        "Operating Income": -43000000.0,
        "Operating Expense": 880000000.0,
        "Other Operating Expenses": 107000000.0,
        "Selling General And Administration": 773000000.0,
        "Selling And Marketing Expense": 344000000.0,
        "General And Administrative Expense": 429000000.0,
        "Other Gand A": 429000000.0,
        "Gross Profit": 837000000.0,
        "Cost Of Revenue": 1893000000.0,
        "Total Revenue": 2730000000.0,
        "Operating Revenue": 2730000000.0
    },
    "2025-06-30": {
        "Tax Effect Of Unusual Items": -352941.176471,
        "Tax Rate For Calcs": 0.117647,
        "Normalized EBITDA": 127000000.0,
        "Total Unusual Items": -3000000.0,
        "Total Unusual Items Excluding Goodwill": -3000000.0,
        "Net Income From Continuing Operation Net Minority Interest": 15000000.0,
        "Reconciled Depreciation": 78000000.0,
        "Reconciled Cost Of Revenue": 2289000000.0,
        "EBITDA": 124000000.0,
        "EBIT": 46000000.0,
        "Net Interest Income": -29000000.0,
        "Interest Expense": 29000000.0,
        "Normalized Income": 17647058.823529,
        "Net Income From Continuing And Discontinued Operation": 15000000.0,
        "Total Expenses": 3247000000.0,
        "Total Operating Income As Reported": 17000000.0,
        "Diluted Average Shares": 129000000.0,
        "Basic Average Shares": 128000000.0,
        "Diluted EPS": 0.11,
        "Basic EPS": 0.11,
        "Diluted NI Availto Com Stockholders": 15000000.0,
        "Net Income Common Stockholders": 15000000.0,
        "Net Income": 15000000.0,
        "Net Income Including Noncontrolling Interests": 15000000.0,
        "Net Income Continuous Operations": 15000000.0,
        "Tax Provision": 2000000.0,
        "Pretax Income": 17000000.0,
        "Other Income Expense": 20000000.0,
        "Other Non Operating Income Expenses": 23000000.0,
        "Special Income Charges": -3000000.0,
        "Other Special Charges": -6000000.0,
        "Write Off": 0.0,
        "Restructuring And Mergern Acquisition": 9000000.0,
        "Net Non Operating Interest Income Expense": -29000000.0,
        "Interest Expense Non Operating": 29000000.0,
        "Operating Income": 26000000.0,
        "Operating Expense": 958000000.0,
        "Other Operating Expenses": 121000000.0,
        "Selling General And Administration": 837000000.0,
        "Selling And Marketing Expense": 372000000.0,
        "General And Administrative Expense": 465000000.0,
        "Other Gand A": 465000000.0,
        "Gross Profit": 984000000.0,
        "Cost Of Revenue": 2289000000.0,
        "Total Revenue": 3273000000.0,
        "Operating Revenue": 3273000000.0
    }
}