{
    "2023-03-31": {
        "Tax Effect Of Unusual Items": NaN,
        "Tax Rate For Calcs": NaN,
        "Normalized EBITDA": NaN,
        "Total Unusual Items": NaN,
        "Total Unusual Items Excluding Goodwill": NaN,
        "Net Income From Continuing Operation Net Minority Interest": NaN,
        "Reconciled Cost Of Revenue": NaN,
        "EBITDA": NaN,
        "EBIT": NaN,
        "Net Interest Income": NaN,
        "Interest Expense": NaN,
        "Interest Income": 2682000.0,
        "Normalized Income": NaN,
        "Net Income From Continuing And Discontinued Operation": NaN,
        "Total Expenses": NaN,
        "Total Operating Income As Reported": NaN,
        "Diluted Average Shares": NaN,
        "Basic Average Shares": NaN,
        "Diluted EPS": NaN,
        "Basic EPS": NaN,
        "Diluted NI Availto Com Stockholders": NaN,
        "Net Income Common Stockholders": NaN,
        "Net Income": NaN,
        "Minority Interests": NaN,
        "Net Income Including Noncontrolling Interests": NaN,
        "Net Income Continuous Operations": NaN,
        "Tax Provision": NaN,
        "Pretax Income": NaN,
        "Other Income Expense": NaN,
        "Special Income Charges": NaN,
        "Impairment Of Capital Assets": NaN,
        "Gain On Sale Of Security": NaN,
        "Net Non Operating Interest Income Expense": NaN,
        "Total Other Finance Cost": NaN,
        "Interest Expense Non Operating": NaN,
        "Interest Income Non Operating": 2682000.0,
        "Operating Income": NaN,
        "Operating Expense": NaN,
        "Research And Development": NaN,
        "Selling General And Administration": NaN,
        "Selling And Marketing Expense": NaN,
        "General And Administrative Expense": NaN,
        "Other Gand A": NaN,
        "Salaries And Wages": NaN,
        "Gross Profit": NaN,
        "Cost Of Revenue": NaN,
        "Total Revenue": NaN,
        "Operating Revenue": NaN
    },
    "2022-12-31": {
        "Tax Effect Of Unusual Items": NaN,
        "Tax Rate For Calcs": NaN,
        "Normalized EBITDA": NaN,
        "Total Unusual Items": NaN,
        "Total Unusual Items Excluding Goodwill": NaN,
        "Net Income From Continuing Operation Net Minority Interest": NaN,
        "Reconciled Cost Of Revenue": NaN,
        "EBITDA": NaN,
        "EBIT": NaN,
        "Net Interest Income": NaN,
        "Interest Expense": NaN,
        "Interest Income": NaN,
        "Normalized Income": NaN,
        "Net Income From Continuing And Discontinued Operation": NaN,
        "Total Expenses": NaN,
        "Total Operating Income As Reported": NaN,
        "Diluted Average Shares": NaN,
        "Basic Average Shares": NaN,
        "Diluted EPS": NaN,
        "Basic EPS": NaN,
        "Diluted NI Availto Com Stockholders": NaN,
        "Net Income Common Stockholders": NaN,
        "Net Income": NaN,
        "Minority Interests": NaN,
        "Net Income Including Noncontrolling Interests": NaN,
        "Net Income Continuous Operations": NaN,
        "Tax Provision": NaN,
        "Pretax Income": NaN,
        "Other Income Expense": NaN,
        "Special Income Charges": 238446000.0,
        "Write Off": -238446000.0,
        "Impairment Of Capital Assets": 0.0,
        "Gain On Sale Of Security": NaN,
        "Net Non Operating Interest Income Expense": NaN,
        "Total Other Finance Cost": NaN,
        "Interest Expense Non Operating": NaN,
        "Interest Income Non Operating": NaN,
        "Operating Income": NaN,
        "Operating Expense": NaN,
        "Research And Development": NaN,
        "Selling General And Administration": NaN,
        "Selling And Marketing Expense": NaN,
        "General And Administrative Expense": NaN,
        "Other Gand A": NaN,
        "Salaries And Wages": NaN,
        "Gross Profit": NaN,
        "Cost Of Revenue": NaN,
        "Total Revenue": NaN,
        "Operating Revenue": NaN
    },
    "2022-09-30": {
        "Tax Effect Of Unusual Items": NaN,
        "Tax Rate For Calcs": NaN,
        "Normalized EBITDA": NaN,
        "Total Unusual Items": NaN,
        "Total Unusual Items Excluding Goodwill": NaN,
        "Net Income From Continuing Operation Net Minority Interest": NaN,
        "Reconciled Cost Of Revenue": NaN,
        "EBITDA": NaN,
        "EBIT": NaN,
        "Net Interest Income": NaN,
        "Interest Expense": NaN,
        "Interest Income": NaN,
        "Normalized Income": NaN,
        "Net Income From Continuing And Discontinued Operation": NaN,
        "Total Expenses": NaN,
        "Total Operating Income As Reported": NaN,
        "Diluted Average Shares": NaN,
        "Basic Average Shares": NaN,
        "Diluted EPS": NaN,
        "Basic EPS": NaN,
        "Diluted NI Availto Com Stockholders": NaN,
        "Net Income Common Stockholders": NaN,
        "Net Income": NaN,
        "Minority Interests": NaN,
        "Net Income Including Noncontrolling Interests": NaN,
        "Net Income Continuous Operations": NaN,
        "Tax Provision": NaN,
        "Pretax Income": NaN,
        "Other Income Expense": NaN,
        "Special Income Charges": 0.0,
        "Write Off": 105901000.0,
        "Impairment Of Capital Assets": 0.0,
        "Gain On Sale Of Security": NaN,
        "Net Non Operating Interest Income Expense": NaN,
        "Total Other Finance Cost": 14460000.0,
        "Interest Expense Non Operating": NaN,
        "Interest Income Non Operating": NaN,
        "Operating Income": NaN,
        "Operating Expense": NaN,
        "Research And Development": NaN,
        "Selling General And Administration": NaN,
        "Selling And Marketing Expense": NaN,
        "General And Administrative Expense": NaN,
        "Other Gand A": NaN,
        "Salaries And Wages": NaN,
        "Gross Profit": NaN,
        "Cost Of Revenue": NaN,
        "Total Revenue": NaN,
        "Operating Revenue": NaN
    },
    "2022-06-30": {
        "Tax Effect Of Unusual Items": -13482342.536688,
        "Tax Rate For Calcs": 0.376056,
        "Normalized EBITDA": 139966000.0,
        "Total Unusual Items": -35852000.0,
        "Total Unusual Items Excluding Goodwill": -35852000.0,
        "Net Income From Continuing Operation Net Minority Interest": 28300000.0,
        "Reconciled Cost Of Revenue": 95314000.0,
        "EBITDA": 104114000.0,
        "EBIT": 104114000.0,
        "Net Interest Income": -21721000.0,
        "Interest Expense": NaN,
        "Interest Income": NaN,
        "Normalized Income": 50669657.463312,
        "Net Income From Continuing And Discontinued Operation": 28300000.0,
        "Total Expenses": 346038000.0,
        "Total Operating Income As Reported": 93938000.0,
        "Diluted Average Shares": 237025000.0,
        "Basic Average Shares": 235521000.0,
        "Diluted EPS": 0.12,
        "Basic EPS": 0.12,
        "Diluted NI Availto Com Stockholders": 28300000.0,
        "Net Income Common Stockholders": 28300000.0,
        "Net Income": 28300000.0,
        "Minority Interests": -739000.0,
        "Net Income Including Noncontrolling Interests": 29039000.0,
        "Net Income Continuous Operations": 29039000.0,
        "Tax Provision": 17502000.0,
        "Pretax Income": 46541000.0,
        "Other Income Expense": -35852000.0,
        "Special Income Charges": -35852000.0,
        "Write Off": 25676000.0,
        "Impairment Of Capital Assets": 10176000.0,
        "Gain On Sale Of Security": NaN,
        "Net Non Operating Interest Income Expense": -21721000.0,
        "Total Other Finance Cost": 21721000.0,
        "Interest Expense Non Operating": NaN,
        "Interest Income Non Operating": NaN,
        "Operating Income": 104114000.0,
        "Operating Expense": 250724000.0,
        "Research And Development": 106403000.0,
        "Selling General And Administration": 144321000.0,
        "Selling And Marketing Expense": 115512000.0,
        "General And Administrative Expense": 28809000.0,
        "Other Gand A": 28809000.0,
        "Salaries And Wages": NaN,
        "Gross Profit": 354838000.0,
        "Cost Of Revenue": 95314000.0,
        "Total Revenue": 450152000.0,
        "Operating Revenue": 450152000.0
    },
    "2023-06-30": {
        "Tax Effect Of Unusual Items": NaN,
        "Tax Rate For Calcs": NaN,
        "Normalized EBITDA": NaN,
        "Total Unusual Items": NaN,
        "Total Unusual Items Excluding Goodwill": NaN,
        "Net Income From Continuing Operation Net Minority Interest": NaN,
        "Reconciled Cost Of Revenue": NaN,
        "EBITDA": NaN,
        "EBIT": NaN,
        "Net Interest Income": NaN,
        "Interest Expense": NaN,
        "Interest Income": 11357000.0,
        "Normalized Income": NaN,
        "Net Income From Continuing And Discontinued Operation": NaN,
        "Total Expenses": NaN,
        "Total Operating Income As Reported": NaN,
        "Diluted Average Shares": NaN,
        "Basic Average Shares": NaN,
        "Diluted EPS": NaN,
        "Basic EPS": NaN,
        "Diluted NI Availto Com Stockholders": NaN,
        "Net Income Common Stockholders": NaN,
        "Net Income": NaN,
        "Minority Interests": NaN,
        "Net Income Including Noncontrolling Interests": NaN,
        "Net Income Continuous Operations": NaN,
        "Tax Provision": NaN,
        "Pretax Income": NaN,
        "Other Income Expense": NaN,
        "Special Income Charges": 0.0,
        "Impairment Of Capital Assets": 0.0,
        "Gain On Sale Of Security": NaN,
        "Net Non Operating Interest Income Expense": NaN,
        "Total Other Finance Cost": NaN,
        "Interest Expense Non Operating": NaN,
        "Interest Income Non Operating": 11357000.0,
        "Operating Income": NaN,
        "Operating Expense": NaN,
        "Research And Development": NaN,
        "Selling General And Administration": NaN,
        "Selling And Marketing Expense": NaN,
        "General And Administrative Expense": NaN,
        "Other Gand A": NaN,
        "Salaries And Wages": 10573000.0,
        "Gross Profit": NaN,
        "Cost Of Revenue": NaN,
        "Total Revenue": NaN,
        "Operating Revenue": NaN
    },
    "2023-09-30": {
        "Tax Effect Of Unusual Items": NaN,
        "Tax Rate For Calcs": NaN,
        "Normalized EBITDA": NaN,
        "Total Unusual Items": NaN,
        "Total Unusual Items Excluding Goodwill": NaN,
        "Net Income From Continuing Operation Net Minority Interest": NaN,
        "Reconciled Cost Of Revenue": NaN,
        "EBITDA": NaN,
        "EBIT": NaN,
        "Net Interest Income": NaN,
        "Interest Expense": 19498000.0,
        "Interest Income": NaN,
        "Normalized Income": NaN,
        "Net Income From Continuing And Discontinued Operation": NaN,
        "Total Expenses": NaN,
        "Total Operating Income As Reported": NaN,
        "Diluted Average Shares": NaN,
        "Basic Average Shares": NaN,
        "Diluted EPS": NaN,
        "Basic EPS": NaN,
        "Diluted NI Availto Com Stockholders": NaN,
        "Net Income Common Stockholders": NaN,
        "Net Income": NaN,
        "Minority Interests": NaN,
        "Net Income Including Noncontrolling Interests": NaN,
        "Net Income Continuous Operations": NaN,
        "Tax Provision": NaN,
        "Pretax Income": NaN,
        "Other Income Expense": NaN,
        "Special Income Charges": 0.0,
        "Impairment Of Capital Assets": 0.0,
        "Gain On Sale Of Security": NaN,
        "Net Non Operating Interest Income Expense": NaN,
        "Total Other Finance Cost": 19498000.0,
        "Interest Expense Non Operating": 19498000.0,
        "Interest Income Non Operating": NaN,
        "Operating Income": NaN,
        "Operating Expense": NaN,
        "Research And Development": NaN,
        "Selling General And Administration": NaN,
        "Selling And Marketing Expense": NaN,
        "General And Administrative Expense": NaN,
        "Other Gand A": NaN,
        "Gross Profit": NaN,
        "Cost Of Revenue": NaN,
        "Total Revenue": NaN,
        "Operating Revenue": NaN
    },
    "2023-12-31": {
        "Tax Effect Of Unusual Items": NaN,
        "Tax Rate For Calcs": NaN,
        "Normalized EBITDA": NaN,
        "Total Unusual Items": NaN,
        "Total Unusual Items Excluding Goodwill": NaN,
        "Net Income From Continuing Operation Net Minority Interest": NaN,
        "Reconciled Cost Of Revenue": NaN,
        "EBITDA": NaN,
        "EBIT": NaN,
        "Net Interest Income": NaN,
        "Interest Expense": NaN,
        "Interest Income": NaN,
        "Normalized Income": NaN,
        "Net Income From Continuing And Discontinued Operation": NaN,
        "Total Expenses": NaN,
        "Total Operating Income As Reported": NaN,
        "Diluted Average Shares": NaN,
        "Basic Average Shares": NaN,
        "Diluted EPS": NaN,
        "Basic EPS": NaN,
        "Diluted NI Availto Com Stockholders": NaN,
        "Net Income Common Stockholders": NaN,
        "Net Income": NaN,
        "Minority Interests": NaN,
        "Net Income Including Noncontrolling Interests": NaN,
        "Net Income Continuous Operations": NaN,
        "Tax Provision": NaN,
        "Pretax Income": NaN,
        "Other Income Expense": NaN,
        "Special Income Charges": -23642000.0,
        "Impairment Of Capital Assets": 0.0,
        "Gain On Sale Of Security": NaN,
        "Net Non Operating Interest Income Expense": NaN,
        "Interest Expense Non Operating": NaN,
        "Interest Income Non Operating": NaN,
        "Operating Income": NaN,
        "Operating Expense": NaN,
        "Research And Development": NaN,
        "Selling General And Administration": NaN,
        "Selling And Marketing Expense": NaN,
        "General And Administrative Expense": NaN,
        "Other Gand A": NaN,
        "Gross Profit": NaN,
        "Cost Of Revenue": NaN,
        "Total Revenue": NaN,
        "Operating Revenue": NaN
    },
    "2024-03-31": {
        "Tax Effect Of Unusual Items": NaN,
        "Tax Rate For Calcs": NaN,
        "Normalized EBITDA": NaN,
        "Total Unusual Items": NaN,
        "Total Unusual Items Excluding Goodwill": NaN,
        "Net Income From Continuing Operation Net Minority Interest": NaN,
        "Reconciled Cost Of Revenue": NaN,
        "EBITDA": NaN,
        "EBIT": NaN,
        "Net Interest Income": NaN,
        "Interest Expense": 18611000.0,
        "Interest Income": NaN,
        "Normalized Income": NaN,
        "Net Income From Continuing And Discontinued Operation": NaN,
        "Total Expenses": NaN,
        "Total Operating Income As Reported": NaN,
        "Diluted Average Shares": NaN,
        "Basic Average Shares": NaN,
        "Diluted EPS": NaN,
        "Basic EPS": NaN,
        "Diluted NI Availto Com Stockholders": NaN,
        "Net Income Common Stockholders": NaN,
        "Net Income": NaN,
        "Minority Interests": NaN,
        "Net Income Including Noncontrolling Interests": NaN,
        "Net Income Continuous Operations": NaN,
        "Tax Provision": NaN,
        "Pretax Income": NaN,
        "Other Income Expense": NaN,
        "Gain On Sale Of Security": NaN,
        "Net Non Operating Interest Income Expense": NaN,
        "Interest Expense Non Operating": 18611000.0,
        "Interest Income Non Operating": NaN,
        "Operating Income": NaN,
        "Operating Expense": NaN,
        "Research And Development": NaN,
        "Selling General And Administration": NaN,
        "Selling And Marketing Expense": NaN,
        "General And Administrative Expense": NaN,
        "Other Gand A": NaN,
        "Gross Profit": NaN,
        "Cost Of Revenue": NaN,
        "Total Revenue": NaN,
        "Operating Revenue": NaN
    },
    "2024-06-30": {
        "Tax Effect Of Unusual Items": NaN,
        "Tax Rate For Calcs": NaN,
        "Normalized EBITDA": NaN,
        "Total Unusual Items": NaN,
        "Total Unusual Items Excluding Goodwill": NaN,
        "Net Income From Continuing Operation Net Minority Interest": NaN,
        "Reconciled Cost Of Revenue": NaN,
        "EBITDA": NaN,
        "EBIT": NaN,
        "Net Interest Income": NaN,
        "Interest Expense": NaN,
        "Interest Income": 11182000.0,
        "Normalized Income": NaN,
        "Net Income From Continuing And Discontinued Operation": NaN,
        "Total Expenses": NaN,
        "Total Operating Income As Reported": NaN,
        "Diluted Average Shares": NaN,
        "Basic Average Shares": NaN,
        "Diluted EPS": NaN,
        "Basic EPS": NaN,
        "Diluted NI Availto Com Stockholders": NaN,
        "Net Income Common Stockholders": NaN,
        "Net Income": NaN,
        "Minority Interests": NaN,
        "Net Income Including Noncontrolling Interests": NaN,
        "Net Income Continuous Operations": NaN,
        "Tax Provision": NaN,
        "Pretax Income": NaN,
        "Other Income Expense": NaN,
        "Gain On Sale Of Security": NaN,
        "Net Non Operating Interest Income Expense": NaN,
        "Interest Expense Non Operating": NaN,
        "Interest Income Non Operating": 11182000.0,
        "Operating Income": NaN,
        "Operating Expense": NaN,
        "Research And Development": NaN,
        "Selling General And Administration": NaN,
        "Selling And Marketing Expense": NaN,
        "General And Administrative Expense": NaN,
        "Other Gand A": NaN,
        "Gross Profit": NaN,
        "Cost Of Revenue": NaN,
        "Total Revenue": NaN,
        "Operating Revenue": NaN
    },
    "2024-09-30": {
        "Tax Effect Of Unusual Items": 3300209.093775,
        "Tax Rate For Calcs": 0.195221,
        "Normalized EBITDA": 124417000.0,
        "Total Unusual Items": 16905000.0,
        "Total Unusual Items Excluding Goodwill": 16905000.0,
        "Net Income From Continuing Operation Net Minority Interest": 130567000.0,
        "Reconciled Cost Of Revenue": 92381000.0,
        "EBITDA": 141322000.0,
        "EBIT": 141322000.0,
        "Net Interest Income": 6699000.0,
        "Interest Expense": NaN,
        "Interest Income": 6699000.0,
        "Normalized Income": 116962209.093775,
        "Net Income From Continuing And Discontinued Operation": 130567000.0,
        "Total Expenses": 323158000.0,
        "Total Operating Income As Reported": 141322000.0,
        "Diluted Average Shares": 265824000.0,
        "Basic Average Shares": 237499000.0,
        "Diluted EPS": 0.5,
        "Basic EPS": 0.55,
        "Diluted NI Availto Com Stockholders": 130567000.0,
        "Net Income Common Stockholders": 130567000.0,
        "Net Income": 130567000.0,
        "Minority Interests": -2162000.0,
        "Net Income Including Noncontrolling Interests": 132729000.0,
        "Net Income Continuous Operations": 132729000.0,
        "Tax Provision": 32197000.0,
        "Pretax Income": 164926000.0,
        "Other Income Expense": 16905000.0,
        "Gain On Sale Of Security": 16905000.0,
        "Net Non Operating Interest Income Expense": 6699000.0,
        "Interest Expense Non Operating": NaN,
        "Interest Income Non Operating": 6699000.0,
        "Operating Income": 141322000.0,
        "Operating Expense": 230777000.0,
        "Research And Development": 80411000.0,
        "Selling General And Administration": 150366000.0,
        "Selling And Marketing Expense": 123069000.0,
        "General And Administrative Expense": 27297000.0,
        "Other Gand A": 27297000.0,
        "Gross Profit": 372099000.0,
        "Cost Of Revenue": 92381000.0,
        "Total Revenue": 464480000.0,
        "Operating Revenue": 464480000.0
    },
    "2024-12-31": {
        "Tax Effect Of Unusual Items": -21684250.0,
        "Tax Rate For Calcs": 0.25,
        "Normalized EBITDA": 224165000.0,
        "Total Unusual Items": -86737000.0,
        "Total Unusual Items Excluding Goodwill": -86737000.0,
        "Net Income From Continuing Operation Net Minority Interest": 8865000.0,
        "Reconciled Cost Of Revenue": 100529000.0,
        "EBITDA": 137428000.0,
        "EBIT": 137428000.0,
        "Net Interest Income": 18669000.0,
        "Interest Expense": 104667000.0,
        "Interest Income": NaN,
        "Normalized Income": 73917750.0,
        "Net Income From Continuing And Discontinued Operation": 8865000.0,
        "Total Expenses": 338947000.0,
        "Total Operating Income As Reported": 117880000.0,
        "Diluted Average Shares": 239983000.0,
        "Basic Average Shares": 237970000.0,
        "Diluted EPS": 0.04,
        "Basic EPS": 0.04,
        "Diluted NI Availto Com Stockholders": 16578000.0,
        "Net Income Common Stockholders": 8865000.0,
        "Net Income": 8865000.0,
        "Minority Interests": -3862000.0,
        "Net Income Including Noncontrolling Interests": 12727000.0,
        "Net Income Continuous Operations": 12727000.0,
        "Tax Provision": 20034000.0,
        "Pretax Income": 32761000.0,
        "Other Income Expense": -103788000.0,
        "Gain On Sale Of Security": 6645000.0,
        "Net Non Operating Interest Income Expense": 18669000.0,
        "Interest Expense Non Operating": 104667000.0,
        "Interest Income Non Operating": NaN,
        "Operating Income": 117880000.0,
        "Operating Expense": 238418000.0,
        "Research And Development": 75921000.0,
        "Selling General And Administration": 162497000.0,
        "Selling And Marketing Expense": 139863000.0,
        "General And Administrative Expense": 22634000.0,
        "Other Gand A": 22634000.0,
        "Gross Profit": 356298000.0,
        "Cost Of Revenue": 100529000.0,
        "Total Revenue": 456827000.0,
        "Operating Revenue": 456827000.0
    },
    "2025-03-31": {
        "Tax Effect Of Unusual Items": 1533081.245799,
        "Tax Rate For Calcs": 0.183449,
        "Normalized EBITDA": 101953000.0,
        "Total Unusual Items": 8357000.0,
        "Total Unusual Items Excluding Goodwill": 8357000.0,
        "Net Income From Continuing Operation Net Minority Interest": 106964000.0,
        "Reconciled Cost Of Revenue": 88802000.0,
        "EBITDA": 110310000.0,
        "EBIT": 110310000.0,
        "Net Interest Income": 13746000.0,
        "Interest Expense": NaN,
        "Interest Income": 13746000.0,
        "Normalized Income": 100140081.245799,
        "Net Income From Continuing And Discontinued Operation": 106964000.0,
        "Total Expenses": 286545000.0,
        "Total Operating Income As Reported": 110310000.0,
        "Diluted Average Shares": 266494000.0,
        "Basic Average Shares": 238284000.0,
        "Diluted EPS": 0.41,
        "Basic EPS": 0.45,
        "Diluted NI Availto Com Stockholders": 106964000.0,
        "Net Income Common Stockholders": 106964000.0,
        "Net Income": 106964000.0,
        "Minority Interests": -1158000.0,
        "Net Income Including Noncontrolling Interests": 108122000.0,
        "Net Income Continuous Operations": 108122000.0,
        "Tax Provision": 24291000.0,
        "Pretax Income": 132413000.0,
        "Other Income Expense": 8357000.0,
        "Gain On Sale Of Security": 8357000.0,
        "Net Non Operating Interest Income Expense": 13746000.0,
        "Interest Expense Non Operating": NaN,
        "Interest Income Non Operating": 13746000.0,
        "Operating Income": 110310000.0,
        "Operating Expense": 197743000.0,
        "Research And Development": 76021000.0,
        "Selling General And Administration": 121722000.0,
        "Selling And Marketing Expense": 95810000.0,
        "General And Administrative Expense": 25912000.0,
        "Other Gand A": 25912000.0,
        "Gross Profit": 308053000.0,
        "Cost Of Revenue": 88802000.0,
        "Total Revenue": 396855000.0,
        "Operating Revenue": 396855000.0
    },
    "2025-06-30": {
        "Tax Effect Of Unusual Items": -622879.364658,
        "Tax Rate For Calcs": 0.200154,
        "Normalized EBITDA": 148682000.0,
        "Total Unusual Items": -3112000.0,
        "Total Unusual Items Excluding Goodwill": -3112000.0,
        "Net Income From Continuing Operation Net Minority Interest": 125685000.0,
        "Reconciled Cost Of Revenue": 103451000.0,
        "EBITDA": 145570000.0,
        "EBIT": 145570000.0,
        "Net Interest Income": 15945000.0,
        "Interest Expense": NaN,
        "Interest Income": 15945000.0,
        "Normalized Income": 128174120.635342,
        "Net Income From Continuing And Discontinued Operation": 125685000.0,
        "Total Expenses": 299228000.0,
        "Total Operating Income As Reported": 145570000.0,
        "Diluted Average Shares": 268346000.0,
        "Basic Average Shares": 238632000.0,
        "Diluted EPS": 0.48,
        "Basic EPS": 0.53,
        "Diluted NI Availto Com Stockholders": 125685000.0,
        "Net Income Common Stockholders": 125685000.0,
        "Net Income": 125685000.0,
        "Minority Interests": -1013000.0,
        "Net Income Including Noncontrolling Interests": 126698000.0,
        "Net Income Continuous Operations": 126698000.0,
        "Tax Provision": 31705000.0,
        "Pretax Income": 158403000.0,
        "Other Income Expense": -3112000.0,
        "Gain On Sale Of Security": -3112000.0,
        "Net Non Operating Interest Income Expense": 15945000.0,
        "Interest Expense Non Operating": NaN,
        "Interest Income Non Operating": 15945000.0,
        "Operating Income": 145570000.0,
        "Operating Expense": 195777000.0,
        "Research And Development": 78068000.0,
        "Selling General And Administration": 117709000.0,
        "Selling And Marketing Expense": 109747000.0,
        "General And Administrative Expense": 7962000.0,
        "Other Gand A": 7962000.0,
        "Gross Profit": 341347000.0,
        "Cost Of Revenue": 103451000.0,
        "Total Revenue": 444798000.0,
        "Operating Revenue": 444798000.0
    },
    "2025-09-30": {
        "Tax Effect Of Unusual Items": 8100711.933467,
        "Tax Rate For Calcs": 0.203879,
        "Normalized EBITDA": 77609000.0,
        "Total Unusual Items": 39733000.0,
        "Total Unusual Items Excluding Goodwill": 39733000.0,
        "Net Income From Continuing Operation Net Minority Interest": 221093000.0,
        "Reconciled Cost Of Revenue": 106188000.0,
        "EBITDA": 117342000.0,
        "EBIT": 117342000.0,
        "Net Interest Income": 123690000.0,
        "Interest Expense": NaN,
        "Interest Income": 123690000.0,
        "Normalized Income": 189460711.933467,
        "Net Income From Continuing And Discontinued Operation": 221093000.0,
        "Total Expenses": 324963000.0,
        "Total Operating Income As Reported": 117342000.0,
        "Diluted Average Shares": 269382000.0,
        "Basic Average Shares": 238938000.0,
        "Diluted EPS": 0.83,
        "Basic EPS": 0.93,
        "Diluted NI Availto Com Stockholders": 221093000.0,
        "Net Income Common Stockholders": 221093000.0,
        "Net Income": 221093000.0,
        "Minority Interests": -2430000.0,
        "Net Income Including Noncontrolling Interests": 223523000.0,
        "Net Income Continuous Operations": 223523000.0,
        "Tax Provision": 57242000.0,
        "Pretax Income": 280765000.0,
        "Other Income Expense": 39733000.0,
        "Gain On Sale Of Security": 39733000.0,
        "Net Non Operating Interest Income Expense": 123690000.0,
        "Interest Expense Non Operating": NaN,
        "Interest Income Non Operating": 123690000.0,
        "Operating Income": 117342000.0,
        "Operating Expense": 218775000.0,
        "Research And Development": 77909000.0,
        "Selling General And Administration": 140866000.0,
        "Selling And Marketing Expense": 131399000.0,
        "General And Administrative Expense": 9467000.0,
        "Other Gand A": 9467000.0,
        "Gross Profit": 336117000.0,
        "Cost Of Revenue": 106188000.0,
        "Total Revenue": 442305000.0,
        "Operating Revenue": 442305000.0
    }
}