{
    "2023-05-31": {
        "Tax Effect Of Unusual Items": NaN,
        "Tax Rate For Calcs": NaN,
        "Normalized EBITDA": NaN,
        "Total Unusual Items": 0.0,
        "Total Unusual Items Excluding Goodwill": 0.0,
        "Net Income From Continuing Operation Net Minority Interest": NaN,
        "Reconciled Depreciation": NaN,
        "Reconciled Cost Of Revenue": NaN,
        "EBITDA": NaN,
        "EBIT": NaN,
        "Net Interest Income": NaN,
        "Interest Expense": NaN,
        "Normalized Income": NaN,
        "Net Income From Continuing And Discontinued Operation": NaN,
        "Total Expenses": NaN,
        "Total Operating Income As Reported": NaN,
        "Diluted Average Shares": 863800000.0,
        "Basic Average Shares": 863100000.0,
        "Diluted EPS": 0.14,
        "Basic EPS": 0.14,
        "Diluted NI Availto Com Stockholders": NaN,
        "Net Income Common Stockholders": NaN,
        "Net Income": NaN,
        "Minority Interests": NaN,
        "Net Income Including Noncontrolling Interests": NaN,
        "Net Income Continuous Operations": NaN,
        "Earnings From Equity Interest Net Of Tax": NaN,
        "Tax Provision": NaN,
        "Pretax Income": NaN,
        "Other Income Expense": NaN,
        "Other Non Operating Income Expenses": NaN,
        "Special Income Charges": 0.0,
        "Impairment Of Capital Assets": 0.0,
        "Earnings From Equity Interest": NaN,
        "Net Non Operating Interest Income Expense": NaN,
        "Interest Expense Non Operating": NaN,
        "Operating Income": NaN,
        "Operating Expense": NaN,
        "Selling General And Administration": NaN,
        "Gross Profit": NaN,
        "Cost Of Revenue": NaN,
        "Total Revenue": NaN,
        "Operating Revenue": NaN
    },
    "2023-02-28": {
        "Tax Effect Of Unusual Items": NaN,
        "Tax Rate For Calcs": NaN,
        "Normalized EBITDA": NaN,
        "Total Unusual Items": 0.0,
        "Total Unusual Items Excluding Goodwill": 0.0,
        "Net Income From Continuing Operation Net Minority Interest": NaN,
        "Reconciled Depreciation": NaN,
        "Reconciled Cost Of Revenue": NaN,
        "EBITDA": NaN,
        "EBIT": NaN,
        "Net Interest Income": NaN,
        "Interest Expense": NaN,
        "Normalized Income": NaN,
        "Net Income From Continuing And Discontinued Operation": NaN,
        "Total Expenses": NaN,
        "Total Operating Income As Reported": NaN,
        "Diluted Average Shares": 863400000.0,
        "Basic Average Shares": 862600000.0,
        "Diluted EPS": 0.81,
        "Basic EPS": 0.81,
        "Diluted NI Availto Com Stockholders": NaN,
        "Net Income Common Stockholders": NaN,
        "Net Income": NaN,
        "Minority Interests": NaN,
        "Net Income Including Noncontrolling Interests": NaN,
        "Net Income Continuous Operations": NaN,
        "Earnings From Equity Interest Net Of Tax": NaN,
        "Tax Provision": NaN,
        "Pretax Income": NaN,
        "Other Income Expense": NaN,
        "Other Non Operating Income Expenses": NaN,
        "Special Income Charges": 0.0,
        "Impairment Of Capital Assets": 0.0,
        "Earnings From Equity Interest": NaN,
        "Net Non Operating Interest Income Expense": NaN,
        "Interest Expense Non Operating": NaN,
        "Operating Income": NaN,
        "Operating Expense": NaN,
        "Selling General And Administration": NaN,
        "Gross Profit": NaN,
        "Cost Of Revenue": NaN,
        "Total Revenue": NaN,
        "Operating Revenue": NaN
    },
    "2022-11-30": {
        "Tax Effect Of Unusual Items": NaN,
        "Tax Rate For Calcs": NaN,
        "Normalized EBITDA": NaN,
        "Total Unusual Items": NaN,
        "Total Unusual Items Excluding Goodwill": NaN,
        "Net Income From Continuing Operation Net Minority Interest": NaN,
        "Reconciled Depreciation": NaN,
        "Reconciled Cost Of Revenue": NaN,
        "EBITDA": NaN,
        "EBIT": NaN,
        "Net Interest Income": NaN,
        "Interest Expense": NaN,
        "Normalized Income": NaN,
        "Net Income From Continuing And Discontinued Operation": NaN,
        "Total Expenses": NaN,
        "Total Operating Income As Reported": NaN,
        "Diluted Average Shares": 863600000.0,
        "Basic Average Shares": 863600000.0,
        "Diluted EPS": -4.31,
        "Basic EPS": -4.31,
        "Diluted NI Availto Com Stockholders": NaN,
        "Net Income Common Stockholders": NaN,
        "Net Income": NaN,
        "Minority Interests": NaN,
        "Net Income Including Noncontrolling Interests": NaN,
        "Net Income Continuous Operations": NaN,
        "Earnings From Equity Interest Net Of Tax": NaN,
        "Tax Provision": NaN,
        "Pretax Income": NaN,
        "Other Income Expense": NaN,
        "Other Non Operating Income Expenses": NaN,
        "Special Income Charges": NaN,
        "Impairment Of Capital Assets": NaN,
        "Earnings From Equity Interest": NaN,
        "Net Non Operating Interest Income Expense": NaN,
        "Interest Expense Non Operating": NaN,
        "Operating Income": NaN,
        "Operating Expense": NaN,
        "Selling General And Administration": NaN,
        "Gross Profit": NaN,
        "Cost Of Revenue": NaN,
        "Total Revenue": NaN,
        "Operating Revenue": NaN
    },
    "2022-08-31": {
        "Tax Effect Of Unusual Items": NaN,
        "Tax Rate For Calcs": NaN,
        "Normalized EBITDA": NaN,
        "Total Unusual Items": NaN,
        "Total Unusual Items Excluding Goodwill": NaN,
        "Net Income From Continuing Operation Net Minority Interest": NaN,
        "Reconciled Depreciation": NaN,
        "Reconciled Cost Of Revenue": NaN,
        "EBITDA": NaN,
        "EBIT": NaN,
        "Net Interest Income": NaN,
        "Interest Expense": NaN,
        "Normalized Income": NaN,
        "Net Income From Continuing And Discontinued Operation": NaN,
        "Total Expenses": NaN,
        "Total Operating Income As Reported": NaN,
        "Diluted Average Shares": NaN,
        "Basic Average Shares": NaN,
        "Diluted EPS": NaN,
        "Basic EPS": NaN,
        "Diluted NI Availto Com Stockholders": NaN,
        "Net Income Common Stockholders": NaN,
        "Net Income": NaN,
        "Minority Interests": NaN,
        "Net Income Including Noncontrolling Interests": NaN,
        "Net Income Discontinuous Operations": 0.0,
        "Net Income Continuous Operations": NaN,
        "Earnings From Equity Interest Net Of Tax": NaN,
        "Tax Provision": NaN,
        "Pretax Income": NaN,
        "Other Income Expense": NaN,
        "Other Non Operating Income Expenses": NaN,
        "Special Income Charges": NaN,
        "Impairment Of Capital Assets": NaN,
        "Earnings From Equity Interest": NaN,
        "Net Non Operating Interest Income Expense": NaN,
        "Interest Expense Non Operating": NaN,
        "Operating Income": NaN,
        "Operating Expense": NaN,
        "Selling General And Administration": NaN,
        "Gross Profit": NaN,
        "Cost Of Revenue": NaN,
        "Total Revenue": NaN,
        "Operating Revenue": NaN
    },
    "2022-05-31": {
        "Tax Effect Of Unusual Items": 0.0,
        "Tax Rate For Calcs": 0.4,
        "Normalized EBITDA": 568000000.0,
        "Net Income From Continuing Operation Net Minority Interest": 289000000.0,
        "Reconciled Depreciation": 478000000.0,
        "Reconciled Cost Of Revenue": 26025000000.0,
        "EBIT": 90000000.0,
        "Net Interest Income": -108000000.0,
        "Interest Expense": 108000000.0,
        "Normalized Income": 289000000.0,
        "Net Income From Continuing And Discontinued Operation": 289000000.0,
        "Total Expenses": 33044000000.0,
        "Total Operating Income As Reported": -320000000.0,
        "Diluted Average Shares": 865300000.0,
        "Basic Average Shares": 864000000.0,
        "Diluted EPS": 0.33,
        "Basic EPS": 0.33,
        "Diluted NI Availto Com Stockholders": 289000000.0,
        "Net Income Common Stockholders": 289000000.0,
        "Net Income": 289000000.0,
        "Minority Interests": 60000000.0,
        "Net Income Including Noncontrolling Interests": 229000000.0,
        "Net Income Discontinuous Operations": 0.0,
        "Net Income Continuous Operations": 229000000.0,
        "Earnings From Equity Interest Net Of Tax": 5000000.0,
        "Tax Provision": -242000000.0,
        "Pretax Income": -18000000.0,
        "Other Income Expense": 537000000.0,
        "Other Non Operating Income Expenses": 410000000.0,
        "Earnings From Equity Interest": 127000000.0,
        "Net Non Operating Interest Income Expense": -108000000.0,
        "Interest Expense Non Operating": 108000000.0,
        "Operating Income": -447000000.0,
        "Operating Expense": 7019000000.0,
        "Selling General And Administration": 7019000000.0,
        "Gross Profit": 6572000000.0,
        "Cost Of Revenue": 26025000000.0,
        "Total Revenue": 32597000000.0,
        "Operating Revenue": 32597000000.0
    },
    "2022-02-28": {
        "Diluted EPS": 1.02,
        "Total Revenue": NaN,
        "Gross Profit": NaN,
        "Operating Income": NaN,
        "EBIT": NaN,
        "Net Income": 883
    },
    "2021-11-30": {
        "Diluted EPS": 4.13,
        "Total Revenue": NaN,
        "Gross Profit": NaN,
        "Operating Income": NaN,
        "EBIT": NaN,
        "Net Income": NaN
    },
    "2021-08-31": {
        "Diluted EPS": 0.72,
        "Total Revenue": NaN,
        "Gross Profit": NaN,
        "Operating Income": 911,
        "EBIT": NaN,
        "Net Income": 628
    },
    "2021-05-31": {
        "Diluted EPS": 1.38,
        "Total Revenue": NaN,
        "Gross Profit": NaN,
        "Operating Income": NaN,
        "EBIT": NaN,
        "Net Income": NaN
    },
    "2021-02-28": {
        "Diluted EPS": 1.19,
        "Total Revenue": NaN,
        "Gross Profit": NaN,
        "Operating Income": 832,
        "EBIT": NaN,
        "Net Income": NaN
    },
    "2020-11-30": {
        "Diluted EPS": -0.36,
        "Total Revenue": NaN,
        "Gross Profit": NaN,
        "Operating Income": -535,
        "EBIT": NaN,
        "Net Income": -308
    },
    "2020-08-31": {
        "Diluted EPS": 0.45,
        "Total Revenue": NaN,
        "Gross Profit": NaN,
        "Operating Income": 515,
        "EBIT": NaN,
        "Net Income": 373
    },
    "2020-05-31": {
        "Diluted EPS": -1.95,
        "Total Revenue": NaN,
        "Gross Profit": NaN,
        "Operating Income": NaN,
        "EBIT": -962,
        "Net Income": NaN
    },
    "2020-02-29": {
        "Diluted EPS": 1.07,
        "Total Revenue": NaN,
        "Gross Profit": NaN,
        "Operating Income": NaN,
        "EBIT": NaN,
        "Net Income": 946
    },
    "2019-11-30": {
        "Diluted EPS": 0.95,
        "Total Revenue": NaN,
        "Gross Profit": NaN,
        "Operating Income": NaN,
        "EBIT": NaN,
        "Net Income": 845
    },
    "2019-08-31": {
        "Diluted EPS": 0.76,
        "Total Revenue": NaN,
        "Gross Profit": NaN,
        "Operating Income": 646,
        "EBIT": NaN,
        "Net Income": 678
    },
    "2019-05-31": {
        "Diluted EPS": 1.13,
        "Total Revenue": NaN,
        "Gross Profit": NaN,
        "Operating Income": NaN,
        "EBIT": NaN,
        "Net Income": NaN
    },
    "2019-02-28": {
        "Diluted EPS": 1.24,
        "Total Revenue": NaN,
        "Gross Profit": NaN,
        "Operating Income": NaN,
        "EBIT": NaN,
        "Net Income": NaN
    },
    "2018-11-30": {
        "Diluted EPS": 1.18,
        "Total Revenue": NaN,
        "Gross Profit": NaN,
        "Operating Income": NaN,
        "EBIT": NaN,
        "Net Income": NaN
    },
    "2018-08-31": {
        "Diluted EPS": 1.53,
        "Total Revenue": NaN,
        "Gross Profit": NaN,
        "Operating Income": NaN,
        "EBIT": NaN,
        "Net Income": NaN
    },
    "2018-05-31": {
        "Diluted EPS": 1.35,
        "Total Revenue": NaN,
        "Gross Profit": NaN,
        "Operating Income": NaN,
        "EBIT": NaN,
        "Net Income": NaN
    },
    "2018-02-28": {
        "Diluted EPS": 1.36,
        "Total Revenue": NaN,
        "Gross Profit": NaN,
        "Operating Income": NaN,
        "EBIT": NaN,
        "Net Income": NaN
    },
    "2017-11-30": {
        "Diluted EPS": 0.81,
        "Total Revenue": NaN,
        "Gross Profit": NaN,
        "Operating Income": NaN,
        "EBIT": NaN,
        "Net Income": 821
    },
    "2017-08-31": {
        "Diluted EPS": 0.76,
        "Total Revenue": NaN,
        "Gross Profit": NaN,
        "Operating Income": NaN,
        "EBIT": NaN,
        "Net Income": 802
    },
    "2017-05-31": {
        "Diluted EPS": 1.07,
        "Total Revenue": NaN,
        "Gross Profit": NaN,
        "Operating Income": NaN,
        "EBIT": NaN,
        "Net Income": NaN
    },
    "2017-02-28": {
        "Diluted EPS": 0.98,
        "Total Revenue": NaN,
        "Gross Profit": NaN,
        "Operating Income": NaN,
        "EBIT": NaN,
        "Net Income": NaN
    },
    "2016-11-30": {
        "Diluted EPS": 0.97,
        "Total Revenue": NaN,
        "Gross Profit": NaN,
        "Operating Income": NaN,
        "EBIT": NaN,
        "Net Income": NaN
    },
    "2016-08-31": {
        "Diluted EPS": 0.95,
        "Total Revenue": NaN,
        "Gross Profit": NaN,
        "Operating Income": NaN,
        "EBIT": NaN,
        "Net Income": NaN
    },
    "2016-05-31": {
        "Diluted EPS": 1.01,
        "Total Revenue": NaN,
        "Gross Profit": NaN,
        "Operating Income": NaN,
        "EBIT": NaN,
        "Net Income": NaN
    },
    "2016-02-29": {
        "Diluted EPS": 0.85,
        "Total Revenue": NaN,
        "Gross Profit": NaN,
        "Operating Income": NaN,
        "EBIT": NaN,
        "Net Income": 930
    },
    "2015-11-30": {
        "Diluted EPS": 1.01,
        "Total Revenue": NaN,
        "Gross Profit": NaN,
        "Operating Income": NaN,
        "EBIT": NaN,
        "Net Income": NaN
    },
    "2015-08-31": {
        "Diluted EPS": 0.0,
        "Total Revenue": NaN,
        "Gross Profit": NaN,
        "Operating Income": 836,
        "EBIT": NaN,
        "Net Income": 26
    },
    "2015-05-31": {
        "Diluted EPS": 1.18,
        "Total Revenue": NaN,
        "Gross Profit": NaN,
        "Operating Income": NaN,
        "EBIT": NaN,
        "Net Income": NaN
    },
    "2015-02-28": {
        "Diluted EPS": 1.93,
        "Total Revenue": NaN,
        "Gross Profit": NaN,
        "Operating Income": NaN,
        "EBIT": NaN,
        "Net Income": NaN
    },
    "2014-11-30": {
        "Diluted EPS": 0.89,
        "Total Revenue": NaN,
        "Gross Profit": NaN,
        "Operating Income": NaN,
        "EBIT": NaN,
        "Net Income": 850
    },
    "2014-08-31": {
        "Diluted EPS": -0.2,
        "Total Revenue": NaN,
        "Gross Profit": NaN,
        "Operating Income": NaN,
        "EBIT": NaN,
        "Net Income": -193
    },
    "2014-05-31": {
        "Diluted EPS": 0.74,
        "Total Revenue": NaN,
        "Gross Profit": NaN,
        "Operating Income": NaN,
        "EBIT": NaN,
        "Net Income": 714
    },
    "2014-02-28": {
        "Diluted EPS": 0.74,
        "Total Revenue": NaN,
        "Gross Profit": NaN,
        "Operating Income": NaN,
        "EBIT": NaN,
        "Net Income": 716
    },
    "2013-11-30": {
        "Diluted EPS": 0.72,
        "Total Revenue": NaN,
        "Gross Profit": NaN,
        "Operating Income": 924,
        "EBIT": NaN,
        "Net Income": 695
    },
    "2013-08-31": {
        "Diluted EPS": 0.8,
        "Total Revenue": NaN,
        "Gross Profit": NaN,
        "Operating Income": NaN,
        "EBIT": NaN,
        "Net Income": 755
    },
    "2013-05-31": {
        "Diluted EPS": 0.65,
        "Total Revenue": NaN,
        "Gross Profit": NaN,
        "Operating Income": 991,
        "EBIT": NaN,
        "Net Income": 624
    },
    "2013-02-28": {
        "Diluted EPS": 0.79,
        "Total Revenue": NaN,
        "Gross Profit": NaN,
        "Operating Income": NaN,
        "EBIT": NaN,
        "Net Income": 756
    },
    "2012-11-30": {
        "Diluted EPS": 0.43,
        "Total Revenue": NaN,
        "Gross Profit": NaN,
        "Operating Income": 705,
        "EBIT": NaN,
        "Net Income": 413
    },
    "2012-08-31": {
        "Diluted EPS": 0.39,
        "Total Revenue": NaN,
        "Gross Profit": NaN,
        "Operating Income": 586,
        "EBIT": 896,
        "Net Income": 353
    },
    "2012-05-31": {
        "Diluted EPS": 0.62,
        "Total Revenue": NaN,
        "Gross Profit": NaN,
        "Operating Income": 873,
        "EBIT": NaN,
        "Net Income": 537
    },
    "2012-02-29": {
        "Diluted EPS": 0.78,
        "Total Revenue": NaN,
        "Gross Profit": NaN,
        "Operating Income": NaN,
        "EBIT": NaN,
        "Net Income": 683
    },
    "2011-11-30": {
        "Diluted EPS": 0.63,
        "Total Revenue": NaN,
        "Gross Profit": NaN,
        "Operating Income": 900,
        "EBIT": NaN,
        "Net Income": 554
    },
    "2011-08-31": {
        "Diluted EPS": 0.87,
        "Total Revenue": NaN,
        "Gross Profit": NaN,
        "Operating Income": NaN,
        "EBIT": NaN,
        "Net Income": 792
    },
    "2011-05-31": {
        "Diluted EPS": 0.65,
        "Total Revenue": NaN,
        "Gross Profit": NaN,
        "Operating Income": 951,
        "EBIT": NaN,
        "Net Income": 603
    },
    "2011-02-28": {
        "Diluted EPS": 0.8,
        "Total Revenue": NaN,
        "Gross Profit": NaN,
        "Operating Income": NaN,
        "EBIT": NaN,
        "Net Income": 739
    },
    "2010-11-30": {
        "Diluted EPS": 0.62,
        "Total Revenue": NaN,
        "Gross Profit": NaN,
        "Operating Income": 941,
        "EBIT": NaN,
        "Net Income": 580
    },
    "2010-08-31": {
        "Diluted EPS": 0.48,
        "Total Revenue": NaN,
        "Gross Profit": NaN,
        "Operating Income": 746,
        "EBIT": NaN,
        "Net Income": 470
    },
    "2010-05-31": {
        "Diluted EPS": 0.47,
        "Total Revenue": NaN,
        "Gross Profit": NaN,
        "Operating Income": 829,
        "EBIT": NaN,
        "Net Income": 463
    },
    "2010-02-28": {
        "Diluted EPS": 0.68,
        "Total Revenue": NaN,
        "Gross Profit": NaN,
        "Operating Income": NaN,
        "EBIT": NaN,
        "Net Income": 669
    },
    "2009-11-30": {
        "Diluted EPS": 0.49,
        "Total Revenue": NaN,
        "Gross Profit": NaN,
        "Operating Income": 797,
        "EBIT": NaN,
        "Net Income": 489
    },
    "2009-08-31": {
        "Diluted EPS": 0.43,
        "Total Revenue": NaN,
        "Gross Profit": NaN,
        "Operating Income": 702,
        "EBIT": 936,
        "Net Income": 436
    },
    "2009-05-31": {
        "Diluted EPS": 0.53,
        "Total Revenue": NaN,
        "Gross Profit": NaN,
        "Operating Income": 846,
        "EBIT": NaN,
        "Net Income": 522
    },
    "2009-02-28": {
        "Diluted EPS": 0.65,
        "Total Revenue": NaN,
        "Gross Profit": NaN,
        "Operating Income": NaN,
        "EBIT": NaN,
        "Net Income": 640
    },
    "2023-08-31": {
        "Tax Effect Of Unusual Items": 0.0,
        "Tax Rate For Calcs": 0.4,
        "Normalized EBITDA": 385000000.0,
        "Total Unusual Items": NaN,
        "Total Unusual Items Excluding Goodwill": NaN,
        "Net Income From Continuing Operation Net Minority Interest": -180000000.0,
        "Reconciled Depreciation": 605000000.0,
        "Reconciled Cost Of Revenue": 28947000000.0,
        "EBITDA": 385000000.0,
        "EBIT": -220000000.0,
        "Net Interest Income": -155000000.0,
        "Interest Expense": 155000000.0,
        "Normalized Income": -180000000.0,
        "Net Income From Continuing And Discontinued Operation": -180000000.0,
        "Total Expenses": 35937000000.0,
        "Total Operating Income As Reported": -451000000.0,
        "Diluted Average Shares": NaN,
        "Basic Average Shares": NaN,
        "Diluted EPS": NaN,
        "Basic EPS": NaN,
        "Diluted NI Availto Com Stockholders": -180000000.0,
        "Net Income Common Stockholders": -180000000.0,
        "Net Income": -180000000.0,
        "Minority Interests": 28000000.0,
        "Net Income Including Noncontrolling Interests": -208000000.0,
        "Net Income Continuous Operations": -209000000.0,
        "Earnings From Equity Interest Net Of Tax": 15000000.0,
        "Tax Provision": -151000000.0,
        "Pretax Income": -375000000.0,
        "Other Income Expense": 296000000.0,
        "Other Non Operating Income Expenses": 231000000.0,
        "Special Income Charges": NaN,
        "Impairment Of Capital Assets": NaN,
        "Earnings From Equity Interest": 65000000.0,
        "Net Non Operating Interest Income Expense": -155000000.0,
        "Interest Expense Non Operating": 155000000.0,
        "Operating Income": -514000000.0,
        "Operating Expense": 6990000000.0,
        "Selling General And Administration": 6990000000.0,
        "Gross Profit": 6476000000.0,
        "Cost Of Revenue": 28947000000.0,
        "Total Revenue": 35422000000.0,
        "Operating Revenue": 35422000000.0
    },
    "2023-11-30": {
        "Tax Effect Of Unusual Items": 0.0,
        "Tax Rate For Calcs": 0.206704,
        "Normalized EBITDA": 357000000.0,
        "Total Unusual Items": NaN,
        "Total Unusual Items Excluding Goodwill": NaN,
        "Net Income From Continuing Operation Net Minority Interest": -67000000.0,
        "Reconciled Depreciation": 616000000.0,
        "Reconciled Cost Of Revenue": 29937000000.0,
        "EBITDA": 357000000.0,
        "EBIT": -259000000.0,
        "Net Interest Income": -99000000.0,
        "Interest Expense": 99000000.0,
        "Normalized Income": -67000000.0,
        "Net Income From Continuing And Discontinued Operation": -67000000.0,
        "Total Expenses": 36788000000.0,
        "Total Operating Income As Reported": -39000000.0,
        "Diluted Average Shares": 863000000.0,
        "Basic Average Shares": 863000000.0,
        "Diluted EPS": -0.08,
        "Basic EPS": -0.08,
        "Diluted NI Availto Com Stockholders": -67000000.0,
        "Net Income Common Stockholders": -67000000.0,
        "Net Income": -67000000.0,
        "Minority Interests": 210000000.0,
        "Net Income Including Noncontrolling Interests": -278000000.0,
        "Net Income Continuous Operations": -278000000.0,
        "Earnings From Equity Interest Net Of Tax": 6000000.0,
        "Tax Provision": -74000000.0,
        "Pretax Income": -358000000.0,
        "Other Income Expense": -178000000.0,
        "Other Non Operating Income Expenses": -220000000.0,
        "Special Income Charges": NaN,
        "Impairment Of Capital Assets": NaN,
        "Earnings From Equity Interest": 42000000.0,
        "Net Non Operating Interest Income Expense": -99000000.0,
        "Interest Expense Non Operating": 99000000.0,
        "Operating Income": -80000000.0,
        "Operating Expense": 6851000000.0,
        "Selling General And Administration": 6851000000.0,
        "Gross Profit": 6771000000.0,
        "Cost Of Revenue": 29937000000.0,
        "Total Revenue": 36707000000.0,
        "Operating Revenue": 36707000000.0
    },
    "2024-02-29": {
        "Tax Effect Of Unusual Items": -742140000.0,
        "Tax Rate For Calcs": 0.06,
        "Normalized EBITDA": 7000000.0,
        "Total Unusual Items": -12369000000.0,
        "Total Unusual Items Excluding Goodwill": -12369000000.0,
        "Net Income From Continuing Operation Net Minority Interest": -5908000000.0,
        "Reconciled Depreciation": 614000000.0,
        "Reconciled Cost Of Revenue": 30012000000.0,
        "EBITDA": -12362000000.0,
        "EBIT": -12976000000.0,
        "Net Interest Income": -138000000.0,
        "Interest Expense": 138000000.0,
        "Normalized Income": 5718860000.0,
        "Net Income From Continuing And Discontinued Operation": -5908000000.0,
        "Total Expenses": 37933000000.0,
        "Total Operating Income As Reported": -13171000000.0,
        "Diluted Average Shares": 862500000.0,
        "Basic Average Shares": 862500000.0,
        "Diluted EPS": -6.85,
        "Basic EPS": -6.85,
        "Diluted NI Availto Com Stockholders": -5908000000.0,
        "Net Income Common Stockholders": -5908000000.0,
        "Net Income": -5908000000.0,
        "Minority Interests": 6415000000.0,
        "Net Income Including Noncontrolling Interests": -12322000000.0,
        "Net Income Continuous Operations": -12322000000.0,
        "Earnings From Equity Interest Net Of Tax": 10000000.0,
        "Tax Provision": -782000000.0,
        "Pretax Income": -13114000000.0,
        "Other Income Expense": -12095000000.0,
        "Other Non Operating Income Expenses": 195000000.0,
        "Special Income Charges": -12369000000.0,
        "Impairment Of Capital Assets": 12369000000.0,
        "Earnings From Equity Interest": 79000000.0,
        "Net Non Operating Interest Income Expense": -138000000.0,
        "Interest Expense Non Operating": 138000000.0,
        "Operating Income": -880000000.0,
        "Operating Expense": 7921000000.0,
        "Selling General And Administration": 7921000000.0,
        "Gross Profit": 7041000000.0,
        "Cost Of Revenue": 30012000000.0,
        "Total Revenue": 37052000000.0,
        "Operating Revenue": 37052000000.0
    },
    "2024-05-31": {
        "Tax Effect Of Unusual Items": 0.0,
        "Tax Rate For Calcs": 0.08,
        "Normalized EBITDA": 971000000.0,
        "Total Unusual Items": 0.0,
        "Total Unusual Items Excluding Goodwill": 0.0,
        "Net Income From Continuing Operation Net Minority Interest": 344000000.0,
        "Reconciled Depreciation": 607000000.0,
        "Reconciled Cost Of Revenue": 29892000000.0,
        "EBITDA": 971000000.0,
        "EBIT": 364000000.0,
        "Net Interest Income": -113000000.0,
        "Interest Expense": 113000000.0,
        "Normalized Income": 344000000.0,
        "Net Income From Continuing And Discontinued Operation": 344000000.0,
        "Total Expenses": 36285000000.0,
        "Total Operating Income As Reported": 111000000.0,
        "Diluted Average Shares": 864300000.0,
        "Basic Average Shares": 863100000.0,
        "Diluted EPS": 0.4,
        "Basic EPS": 0.4,
        "Diluted NI Availto Com Stockholders": 344000000.0,
        "Net Income Common Stockholders": 344000000.0,
        "Net Income": 344000000.0,
        "Minority Interests": 114000000.0,
        "Net Income Including Noncontrolling Interests": 230000000.0,
        "Net Income Continuous Operations": 230000000.0,
        "Earnings From Equity Interest Net Of Tax": -1000000.0,
        "Tax Provision": 20000000.0,
        "Pretax Income": 251000000.0,
        "Other Income Expense": 298000000.0,
        "Other Non Operating Income Expenses": 254000000.0,
        "Special Income Charges": 0.0,
        "Impairment Of Capital Assets": 0.0,
        "Earnings From Equity Interest": 44000000.0,
        "Net Non Operating Interest Income Expense": -113000000.0,
        "Interest Expense Non Operating": 113000000.0,
        "Operating Income": 67000000.0,
        "Operating Expense": 6393000000.0,
        "Selling General And Administration": 6393000000.0,
        "Gross Profit": 6460000000.0,
        "Cost Of Revenue": 29892000000.0,
        "Total Revenue": 36351000000.0,
        "Operating Revenue": 36351000000.0
    },
    "2024-08-31": {
        "Tax Effect Of Unusual Items": -69720000.0,
        "Tax Rate For Calcs": 0.21,
        "Normalized EBITDA": 87000000.0,
        "Total Unusual Items": -332000000.0,
        "Total Unusual Items Excluding Goodwill": -332000000.0,
        "Net Income From Continuing Operation Net Minority Interest": -3005000000.0,
        "Reconciled Depreciation": 622000000.0,
        "Reconciled Cost Of Revenue": 31294000000.0,
        "EBITDA": -245000000.0,
        "EBIT": -867000000.0,
        "Net Interest Income": -131000000.0,
        "Interest Expense": 131000000.0,
        "Normalized Income": -2742720000.0,
        "Net Income From Continuing And Discontinued Operation": -3005000000.0,
        "Total Expenses": 38242000000.0,
        "Total Operating Income As Reported": -977000000.0,
        "Diluted Average Shares": NaN,
        "Basic Average Shares": NaN,
        "Diluted EPS": NaN,
        "Basic EPS": NaN,
        "Diluted NI Availto Com Stockholders": -3005000000.0,
        "Net Income Common Stockholders": -3005000000.0,
        "Net Income": -3005000000.0,
        "Minority Interests": 73000000.0,
        "Net Income Including Noncontrolling Interests": -3078000000.0,
        "Net Income Continuous Operations": -3078000000.0,
        "Earnings From Equity Interest Net Of Tax": 2000000.0,
        "Tax Provision": 2082000000.0,
        "Pretax Income": -998000000.0,
        "Other Income Expense": -172000000.0,
        "Other Non Operating Income Expenses": 111000000.0,
        "Special Income Charges": -332000000.0,
        "Impairment Of Capital Assets": 332000000.0,
        "Earnings From Equity Interest": 49000000.0,
        "Net Non Operating Interest Income Expense": -131000000.0,
        "Interest Expense Non Operating": 131000000.0,
        "Operating Income": -695000000.0,
        "Operating Expense": 6948000000.0,
        "Selling General And Administration": 6948000000.0,
        "Gross Profit": 6253000000.0,
        "Cost Of Revenue": 31294000000.0,
        "Total Revenue": 37547000000.0,
        "Operating Revenue": 37547000000.0
    },
    "2024-11-30": {
        "Tax Effect Of Unusual Items": 0.0,
        "Tax Rate For Calcs": 0.21,
        "Normalized EBITDA": 209000000.0,
        "Total Unusual Items": NaN,
        "Total Unusual Items Excluding Goodwill": NaN,
        "Net Income From Continuing Operation Net Minority Interest": -265000000.0,
        "Reconciled Depreciation": 625000000.0,
        "Reconciled Cost Of Revenue": 32680000000.0,
        "EBITDA": 209000000.0,
        "EBIT": -416000000.0,
        "Net Interest Income": -122000000.0,
        "Interest Expense": 122000000.0,
        "Normalized Income": -265000000.0,
        "Net Income From Continuing And Discontinued Operation": -265000000.0,
        "Total Expenses": 39695000000.0,
        "Total Operating Income As Reported": -245000000.0,
        "Diluted Average Shares": 863800000.0,
        "Basic Average Shares": 863800000.0,
        "Diluted EPS": -0.31,
        "Basic EPS": -0.31,
        "Diluted NI Availto Com Stockholders": -265000000.0,
        "Net Income Common Stockholders": -265000000.0,
        "Net Income": -265000000.0,
        "Minority Interests": 340000000.0,
        "Net Income Including Noncontrolling Interests": -605000000.0,
        "Net Income Continuous Operations": -605000000.0,
        "Earnings From Equity Interest Net Of Tax": -1000000.0,
        "Tax Provision": 66000000.0,
        "Pretax Income": -538000000.0,
        "Other Income Expense": -180000000.0,
        "Other Non Operating Income Expenses": -171000000.0,
        "Special Income Charges": NaN,
        "Impairment Of Capital Assets": NaN,
        "Earnings From Equity Interest": -9000000.0,
        "Net Non Operating Interest Income Expense": -122000000.0,
        "Interest Expense Non Operating": 122000000.0,
        "Operating Income": -236000000.0,
        "Operating Expense": 7015000000.0,
        "Selling General And Administration": 7015000000.0,
        "Gross Profit": 6779000000.0,
        "Cost Of Revenue": 32680000000.0,
        "Total Revenue": 39459000000.0,
        "Operating Revenue": 39459000000.0
    }
}