{
    "2023-03-31": {
        "Tax Effect Of Unusual Items": NaN,
        "Tax Rate For Calcs": NaN,
        "Normalized EBITDA": NaN,
        "Total Unusual Items": NaN,
        "Total Unusual Items Excluding Goodwill": NaN,
        "Net Income From Continuing Operation Net Minority Interest": NaN,
        "Reconciled Depreciation": NaN,
        "Reconciled Cost Of Revenue": NaN,
        "EBITDA": NaN,
        "EBIT": NaN,
        "Net Interest Income": NaN,
        "Interest Expense": NaN,
        "Interest Income": NaN,
        "Normalized Income": NaN,
        "Net Income From Continuing And Discontinued Operation": NaN,
        "Total Expenses": NaN,
        "Total Operating Income As Reported": NaN,
        "Diluted Average Shares": NaN,
        "Basic Average Shares": NaN,
        "Diluted EPS": NaN,
        "Basic EPS": NaN,
        "Diluted NI Availto Com Stockholders": NaN,
        "Average Dilution Earnings": 0.0,
        "Net Income Common Stockholders": NaN,
        "Net Income": NaN,
        "Minority Interests": NaN,
        "Net Income Including Noncontrolling Interests": NaN,
        "Net Income Continuous Operations": NaN,
        "Tax Provision": NaN,
        "Pretax Income": NaN,
        "Other Income Expense": NaN,
        "Other Non Operating Income Expenses": NaN,
        "Special Income Charges": NaN,
        "Gain On Sale Of Business": NaN,
        "Other Special Charges": NaN,
        "Impairment Of Capital Assets": NaN,
        "Restructuring And Mergern Acquisition": NaN,
        "Earnings From Equity Interest": NaN,
        "Gain On Sale Of Security": NaN,
        "Net Non Operating Interest Income Expense": NaN,
        "Interest Expense Non Operating": NaN,
        "Interest Income Non Operating": NaN,
        "Operating Income": NaN,
        "Operating Expense": NaN,
        "Depreciation Amortization Depletion Income Statement": NaN,
        "Depreciation And Amortization In Income Statement": NaN,
        "Selling General And Administration": NaN,
        "Gross Profit": NaN,
        "Cost Of Revenue": NaN,
        "Total Revenue": NaN,
        "Operating Revenue": NaN
    },
    "2022-12-31": {
        "Tax Effect Of Unusual Items": NaN,
        "Tax Rate For Calcs": NaN,
        "Normalized EBITDA": NaN,
        "Total Unusual Items": NaN,
        "Total Unusual Items Excluding Goodwill": NaN,
        "Net Income From Continuing Operation Net Minority Interest": NaN,
        "Reconciled Depreciation": NaN,
        "Reconciled Cost Of Revenue": NaN,
        "EBITDA": NaN,
        "EBIT": NaN,
        "Net Interest Income": NaN,
        "Interest Expense": NaN,
        "Interest Income": NaN,
        "Normalized Income": NaN,
        "Net Income From Continuing And Discontinued Operation": NaN,
        "Total Expenses": NaN,
        "Total Operating Income As Reported": NaN,
        "Diluted Average Shares": NaN,
        "Basic Average Shares": NaN,
        "Diluted EPS": NaN,
        "Basic EPS": NaN,
        "Diluted NI Availto Com Stockholders": NaN,
        "Average Dilution Earnings": 0.0,
        "Net Income Common Stockholders": NaN,
        "Preferred Stock Dividends": 0.0,
        "Net Income": NaN,
        "Minority Interests": NaN,
        "Net Income Including Noncontrolling Interests": NaN,
        "Net Income Continuous Operations": NaN,
        "Tax Provision": NaN,
        "Pretax Income": NaN,
        "Other Income Expense": NaN,
        "Other Non Operating Income Expenses": NaN,
        "Special Income Charges": NaN,
        "Gain On Sale Of Business": 101000000.0,
        "Other Special Charges": NaN,
        "Impairment Of Capital Assets": NaN,
        "Restructuring And Mergern Acquisition": NaN,
        "Earnings From Equity Interest": NaN,
        "Gain On Sale Of Security": NaN,
        "Net Non Operating Interest Income Expense": NaN,
        "Interest Expense Non Operating": NaN,
        "Interest Income Non Operating": NaN,
        "Operating Income": NaN,
        "Operating Expense": NaN,
        "Depreciation Amortization Depletion Income Statement": NaN,
        "Depreciation And Amortization In Income Statement": NaN,
        "Selling General And Administration": NaN,
        "Gross Profit": NaN,
        "Cost Of Revenue": NaN,
        "Total Revenue": NaN,
        "Operating Revenue": NaN
    },
    "2022-09-30": {
        "Tax Effect Of Unusual Items": NaN,
        "Tax Rate For Calcs": NaN,
        "Normalized EBITDA": NaN,
        "Total Unusual Items": NaN,
        "Total Unusual Items Excluding Goodwill": NaN,
        "Net Income From Continuing Operation Net Minority Interest": NaN,
        "Reconciled Depreciation": NaN,
        "Reconciled Cost Of Revenue": NaN,
        "EBITDA": NaN,
        "EBIT": NaN,
        "Net Interest Income": NaN,
        "Interest Expense": NaN,
        "Interest Income": 20000000.0,
        "Normalized Income": NaN,
        "Net Income From Continuing And Discontinued Operation": NaN,
        "Total Expenses": NaN,
        "Total Operating Income As Reported": NaN,
        "Diluted Average Shares": 2428000000.0,
        "Basic Average Shares": 2428000000.0,
        "Diluted EPS": -0.95,
        "Basic EPS": -0.95,
        "Diluted NI Availto Com Stockholders": NaN,
        "Average Dilution Earnings": 0.0,
        "Net Income Common Stockholders": NaN,
        "Preferred Stock Dividends": NaN,
        "Net Income": NaN,
        "Minority Interests": NaN,
        "Net Income Including Noncontrolling Interests": NaN,
        "Net Income Continuous Operations": NaN,
        "Tax Provision": NaN,
        "Pretax Income": NaN,
        "Other Income Expense": NaN,
        "Other Non Operating Income Expenses": NaN,
        "Special Income Charges": NaN,
        "Gain On Sale Of Business": 8000000.0,
        "Other Special Charges": NaN,
        "Impairment Of Capital Assets": NaN,
        "Restructuring And Mergern Acquisition": NaN,
        "Earnings From Equity Interest": NaN,
        "Gain On Sale Of Security": NaN,
        "Net Non Operating Interest Income Expense": NaN,
        "Interest Expense Non Operating": NaN,
        "Interest Income Non Operating": 20000000.0,
        "Operating Income": NaN,
        "Operating Expense": NaN,
        "Depreciation Amortization Depletion Income Statement": NaN,
        "Depreciation And Amortization In Income Statement": NaN,
        "Selling General And Administration": NaN,
        "Gross Profit": NaN,
        "Cost Of Revenue": NaN,
        "Total Revenue": NaN,
        "Operating Revenue": NaN
    },
    "2022-06-30": {
        "Tax Effect Of Unusual Items": -212545711.592837,
        "Tax Rate For Calcs": 0.196984,
        "Normalized EBITDA": 5230000000.0,
        "Total Unusual Items": -1079000000.0,
        "Total Unusual Items Excluding Goodwill": -1079000000.0,
        "Net Income From Continuing Operation Net Minority Interest": -3418000000.0,
        "Reconciled Depreciation": 7884000000.0,
        "Reconciled Cost Of Revenue": 1007000000.0,
        "EBITDA": 4151000000.0,
        "EBIT": -3733000000.0,
        "Net Interest Income": -511000000.0,
        "Interest Expense": 511000000.0,
        "Interest Income": NaN,
        "Normalized Income": -2551545711.592837,
        "Net Income From Continuing And Discontinued Operation": -3418000000.0,
        "Total Expenses": 12429000000.0,
        "Total Operating Income As Reported": -3639000000.0,
        "Diluted Average Shares": 2286000000.0,
        "Basic Average Shares": 2286000000.0,
        "Diluted EPS": -1.5,
        "Basic EPS": -1.5,
        "Diluted NI Availto Com Stockholders": -3418000000.0,
        "Average Dilution Earnings": 0.0,
        "Net Income Common Stockholders": -3418000000.0,
        "Preferred Stock Dividends": NaN,
        "Net Income": -3418000000.0,
        "Minority Interests": -10000000.0,
        "Net Income Including Noncontrolling Interests": -3408000000.0,
        "Net Income Continuous Operations": -3408000000.0,
        "Tax Provision": -836000000.0,
        "Pretax Income": -4244000000.0,
        "Other Income Expense": -1131000000.0,
        "Other Non Operating Income Expenses": -9000000.0,
        "Special Income Charges": -904000000.0,
        "Gain On Sale Of Business": 129000000.0,
        "Other Special Charges": NaN,
        "Impairment Of Capital Assets": NaN,
        "Restructuring And Mergern Acquisition": 1033000000.0,
        "Earnings From Equity Interest": -43000000.0,
        "Gain On Sale Of Security": -175000000.0,
        "Net Non Operating Interest Income Expense": -511000000.0,
        "Interest Expense Non Operating": 511000000.0,
        "Interest Income Non Operating": NaN,
        "Operating Income": -2602000000.0,
        "Operating Expense": 5804000000.0,
        "Depreciation Amortization Depletion Income Statement": 2266000000.0,
        "Depreciation And Amortization In Income Statement": 2266000000.0,
        "Selling General And Administration": 3538000000.0,
        "Gross Profit": 3202000000.0,
        "Cost Of Revenue": 6625000000.0,
        "Total Revenue": 9827000000.0,
        "Operating Revenue": 9623000000.0
    },
    "2023-06-30": {
        "Tax Effect Of Unusual Items": NaN,
        "Tax Rate For Calcs": NaN,
        "Normalized EBITDA": NaN,
        "Total Unusual Items": NaN,
        "Total Unusual Items Excluding Goodwill": NaN,
        "Net Income From Continuing Operation Net Minority Interest": NaN,
        "Reconciled Depreciation": NaN,
        "Reconciled Cost Of Revenue": NaN,
        "EBITDA": NaN,
        "EBIT": NaN,
        "Net Interest Income": NaN,
        "Interest Expense": NaN,
        "Interest Income": NaN,
        "Normalized Income": NaN,
        "Net Income From Continuing And Discontinued Operation": NaN,
        "Total Expenses": NaN,
        "Total Operating Income As Reported": NaN,
        "Diluted Average Shares": 2437000000.0,
        "Basic Average Shares": 2437000000.0,
        "Diluted EPS": -0.51,
        "Basic EPS": -0.51,
        "Diluted NI Availto Com Stockholders": NaN,
        "Net Income Common Stockholders": NaN,
        "Net Income": NaN,
        "Minority Interests": NaN,
        "Net Income Including Noncontrolling Interests": NaN,
        "Net Income Continuous Operations": NaN,
        "Tax Provision": NaN,
        "Pretax Income": NaN,
        "Other Income Expense": NaN,
        "Other Non Operating Income Expenses": NaN,
        "Special Income Charges": NaN,
        "Gain On Sale Of Business": NaN,
        "Other Special Charges": NaN,
        "Impairment Of Capital Assets": NaN,
        "Restructuring And Mergern Acquisition": NaN,
        "Earnings From Equity Interest": NaN,
        "Gain On Sale Of Security": NaN,
        "Net Non Operating Interest Income Expense": NaN,
        "Interest Expense Non Operating": NaN,
        "Interest Income Non Operating": NaN,
        "Operating Income": NaN,
        "Operating Expense": NaN,
        "Depreciation Amortization Depletion Income Statement": NaN,
        "Depreciation And Amortization In Income Statement": NaN,
        "Selling General And Administration": NaN,
        "Gross Profit": NaN,
        "Cost Of Revenue": NaN,
        "Total Revenue": NaN,
        "Operating Revenue": NaN
    },
    "2022-03-31": {
        "Diluted EPS": 0.69,
        "Total Revenue": NaN,
        "Gross Profit": NaN,
        "Operating Income": 353,
        "EBIT": NaN,
        "Net Income": 456
    },
    "2021-12-31": {
        "Diluted EPS": 0.08,
        "Total Revenue": NaN,
        "Gross Profit": NaN,
        "Operating Income": 508,
        "EBIT": NaN,
        "Net Income": 38
    },
    "2021-09-30": {
        "Diluted EPS": 0.24,
        "Total Revenue": NaN,
        "Gross Profit": NaN,
        "Operating Income": 329,
        "EBIT": NaN,
        "Net Income": 156
    },
    "2021-06-30": {
        "Diluted EPS": 1.01,
        "Total Revenue": NaN,
        "Gross Profit": NaN,
        "Operating Income": 779,
        "EBIT": NaN,
        "Net Income": 672
    },
    "2021-03-31": {
        "Diluted EPS": 0.21,
        "Total Revenue": NaN,
        "Gross Profit": NaN,
        "Operating Income": 396,
        "EBIT": NaN,
        "Net Income": 140
    },
    "2020-12-31": {
        "Diluted EPS": 0.42,
        "Total Revenue": NaN,
        "Gross Profit": NaN,
        "Operating Income": 488,
        "EBIT": NaN,
        "Net Income": 271
    },
    "2020-09-30": {
        "Diluted EPS": 0.44,
        "Total Revenue": NaN,
        "Gross Profit": NaN,
        "Operating Income": 531,
        "EBIT": NaN,
        "Net Income": 300
    },
    "2020-06-30": {
        "Diluted EPS": 0.4,
        "Total Revenue": NaN,
        "Gross Profit": NaN,
        "Operating Income": 717,
        "EBIT": NaN,
        "Net Income": 271
    },
    "2020-03-31": {
        "Diluted EPS": 0.55,
        "Total Revenue": NaN,
        "Gross Profit": NaN,
        "Operating Income": 779,
        "EBIT": NaN,
        "Net Income": 377
    },
    "2019-12-31": {
        "Diluted EPS": 0.67,
        "Total Revenue": NaN,
        "Gross Profit": NaN,
        "Operating Income": 705,
        "EBIT": NaN,
        "Net Income": 476
    },
    "2019-09-30": {
        "Diluted EPS": 0.35,
        "Total Revenue": NaN,
        "Gross Profit": NaN,
        "Operating Income": 619,
        "EBIT": NaN,
        "Net Income": 262
    },
    "2019-06-30": {
        "Diluted EPS": 1.33,
        "Total Revenue": NaN,
        "Gross Profit": NaN,
        "Operating Income": 911,
        "EBIT": NaN,
        "Net Income": 947
    },
    "2019-03-31": {
        "Diluted EPS": 0.53,
        "Total Revenue": NaN,
        "Gross Profit": NaN,
        "Operating Income": 774,
        "EBIT": NaN,
        "Net Income": 384
    },
    "2018-12-31": {
        "Diluted EPS": 0.41,
        "Total Revenue": NaN,
        "Gross Profit": NaN,
        "Operating Income": 711,
        "EBIT": NaN,
        "Net Income": 269
    },
    "2018-09-30": {
        "Diluted EPS": 0.16,
        "Total Revenue": NaN,
        "Gross Profit": NaN,
        "Operating Income": 369,
        "EBIT": NaN,
        "Net Income": 117
    },
    "2018-06-30": {
        "Diluted EPS": 0.3,
        "Total Revenue": NaN,
        "Gross Profit": NaN,
        "Operating Income": 650,
        "EBIT": NaN,
        "Net Income": 216
    },
    "2018-03-31": {
        "Diluted EPS": -0.01,
        "Total Revenue": NaN,
        "Gross Profit": NaN,
        "Operating Income": 204,
        "EBIT": NaN,
        "Net Income": -8
    },
    "2017-12-31": {
        "Diluted EPS": -1.98,
        "Total Revenue": NaN,
        "Gross Profit": NaN,
        "Operating Income": -837,
        "EBIT": NaN,
        "Net Income": NaN
    },
    "2017-09-30": {
        "Diluted EPS": 0.38,
        "Total Revenue": NaN,
        "Gross Profit": 981,
        "Operating Income": 433,
        "EBIT": NaN,
        "Net Income": 218
    },
    "2017-06-30": {
        "Diluted EPS": 0.64,
        "Total Revenue": NaN,
        "Gross Profit": NaN,
        "Operating Income": 630,
        "EBIT": NaN,
        "Net Income": 374
    },
    "2017-03-31": {
        "Diluted EPS": 0.37,
        "Total Revenue": NaN,
        "Gross Profit": NaN,
        "Operating Income": 487,
        "EBIT": 567,
        "Net Income": 215
    },
    "2016-12-31": {
        "Diluted EPS": 0.52,
        "Total Revenue": NaN,
        "Gross Profit": NaN,
        "Operating Income": 525,
        "EBIT": NaN,
        "Net Income": 304
    },
    "2016-09-30": {
        "Diluted EPS": 0.36,
        "Total Revenue": NaN,
        "Gross Profit": 964,
        "Operating Income": 458,
        "EBIT": 967,
        "Net Income": 219
    },
    "2016-06-30": {
        "Diluted EPS": 0.66,
        "Total Revenue": NaN,
        "Gross Profit": NaN,
        "Operating Income": 586,
        "EBIT": NaN,
        "Net Income": 408
    },
    "2016-03-31": {
        "Diluted EPS": 0.42,
        "Total Revenue": NaN,
        "Gross Profit": 969,
        "Operating Income": 489,
        "EBIT": NaN,
        "Net Income": 263
    },
    "2015-12-31": {
        "Diluted EPS": 0.34,
        "Total Revenue": NaN,
        "Gross Profit": NaN,
        "Operating Income": 441,
        "EBIT": 994,
        "Net Income": 333
    },
    "2015-09-30": {
        "Diluted EPS": 0.43,
        "Total Revenue": NaN,
        "Gross Profit": 983,
        "Operating Income": 505,
        "EBIT": NaN,
        "Net Income": 218
    },
    "2015-06-30": {
        "Diluted EPS": 0.44,
        "Total Revenue": NaN,
        "Gross Profit": NaN,
        "Operating Income": 557,
        "EBIT": NaN,
        "Net Income": 286
    },
    "2015-03-31": {
        "Diluted EPS": 0.37,
        "Total Revenue": NaN,
        "Gross Profit": 972,
        "Operating Income": 482,
        "EBIT": 970,
        "Net Income": 197
    },
    "2014-12-31": {
        "Diluted EPS": 0.38,
        "Total Revenue": NaN,
        "Gross Profit": NaN,
        "Operating Income": 476,
        "EBIT": NaN,
        "Net Income": 434
    },
    "2014-09-30": {
        "Diluted EPS": 0.41,
        "Total Revenue": NaN,
        "Gross Profit": NaN,
        "Operating Income": 511,
        "EBIT": 974,
        "Net Income": 222
    },
    "2014-06-30": {
        "Diluted EPS": 0.54,
        "Total Revenue": NaN,
        "Gross Profit": NaN,
        "Operating Income": 640,
        "EBIT": NaN,
        "Net Income": 299
    },
    "2014-03-31": {
        "Diluted EPS": 0.33,
        "Total Revenue": NaN,
        "Gross Profit": 929,
        "Operating Income": 434,
        "EBIT": 869,
        "Net Income": 184
    },
    "2013-12-31": {
        "Diluted EPS": -0.31,
        "Total Revenue": NaN,
        "Gross Profit": NaN,
        "Operating Income": 522,
        "EBIT": 934,
        "Net Income": 292
    },
    "2013-09-30": {
        "Diluted EPS": 0.35,
        "Total Revenue": NaN,
        "Gross Profit": 940,
        "Operating Income": 488,
        "EBIT": 880,
        "Net Income": 255
    },
    "2013-06-30": {
        "Diluted EPS": 0.82,
        "Total Revenue": NaN,
        "Gross Profit": NaN,
        "Operating Income": 549,
        "EBIT": 943,
        "Net Income": 297
    },
    "2013-03-31": {
        "Diluted EPS": 0.63,
        "Total Revenue": NaN,
        "Gross Profit": 814,
        "Operating Income": 416,
        "EBIT": 684,
        "Net Income": 231
    },
    "2012-12-31": {
        "Diluted EPS": -0.64,
        "Total Revenue": NaN,
        "Gross Profit": 872,
        "Operating Income": 485,
        "EBIT": 762,
        "Net Income": 224
    },
    "2012-09-30": {
        "Diluted EPS": 0.55,
        "Total Revenue": NaN,
        "Gross Profit": 780,
        "Operating Income": 438,
        "EBIT": 681,
        "Net Income": 205
    },
    "2012-06-30": {
        "Diluted EPS": 0.76,
        "Total Revenue": NaN,
        "Gross Profit": 828,
        "Operating Income": 488,
        "EBIT": 733,
        "Net Income": 293
    },
    "2012-03-31": {
        "Diluted EPS": 0.57,
        "Total Revenue": NaN,
        "Gross Profit": 789,
        "Operating Income": 448,
        "EBIT": 685,
        "Net Income": 221
    },
    "2011-12-31": {
        "Diluted EPS": 0.85,
        "Total Revenue": NaN,
        "Gross Profit": 783,
        "Operating Income": 423,
        "EBIT": 727,
        "Net Income": 336
    },
    "2011-09-30": {
        "Diluted EPS": 0.59,
        "Total Revenue": NaN,
        "Gross Profit": 752,
        "Operating Income": 428,
        "EBIT": 700,
        "Net Income": 237
    },
    "2011-06-30": {
        "Diluted EPS": 0.62,
        "Total Revenue": NaN,
        "Gross Profit": 779,
        "Operating Income": 445,
        "EBIT": 671,
        "Net Income": 254
    },
    "2011-03-31": {
        "Diluted EPS": 0.74,
        "Total Revenue": 951,
        "Gross Profit": 678,
        "Operating Income": 507,
        "EBIT": 722,
        "Net Income": 305
    },
    "2010-12-31": {
        "Diluted EPS": 0.45,
        "Total Revenue": 948,
        "Gross Profit": 717,
        "Operating Income": 411,
        "EBIT": NaN,
        "Net Income": 191
    },
    "2010-09-30": {
        "Diluted EPS": 0.43,
        "Total Revenue": 926,
        "Gross Profit": 665,
        "Operating Income": 312,
        "EBIT": 356,
        "Net Income": 186
    },
    "2010-06-30": {
        "Diluted EPS": 0.25,
        "Total Revenue": 963,
        "Gross Profit": 709,
        "Operating Income": 372,
        "EBIT": 405,
        "Net Income": 106
    },
    "2010-03-31": {
        "Diluted EPS": 0.39,
        "Total Revenue": 869,
        "Gross Profit": 602,
        "Operating Income": 282,
        "EBIT": 316,
        "Net Income": 169
    },
    "2009-12-31": {
        "Diluted EPS": 0.35,
        "Total Revenue": 941,
        "Gross Profit": 651,
        "Operating Income": 308,
        "EBIT": 539,
        "Net Income": 151
    },
    "2009-09-30": {
        "Diluted EPS": 0.22,
        "Total Revenue": 837,
        "Gross Profit": 586,
        "Operating Income": 221,
        "EBIT": 438,
        "Net Income": 94
    },
    "2009-06-30": {
        "Diluted EPS": 0.42,
        "Total Revenue": 865,
        "Gross Profit": 614,
        "Operating Income": 497,
        "EBIT": 709,
        "Net Income": 177
    },
    "2009-03-31": {
        "Diluted EPS": 0.28,
        "Total Revenue": 815,
        "Gross Profit": 563,
        "Operating Income": 248,
        "EBIT": 452,
        "Net Income": 119
    },
    "2023-09-30": {
        "Tax Effect Of Unusual Items": NaN,
        "Tax Rate For Calcs": NaN,
        "Normalized EBITDA": NaN,
        "Total Unusual Items": NaN,
        "Total Unusual Items Excluding Goodwill": NaN,
        "Net Income From Continuing Operation Net Minority Interest": NaN,
        "Reconciled Depreciation": NaN,
        "Reconciled Cost Of Revenue": NaN,
        "EBITDA": NaN,
        "EBIT": NaN,
        "Net Interest Income": NaN,
        "Interest Expense": NaN,
        "Interest Income": NaN,
        "Normalized Income": NaN,
        "Net Income From Continuing And Discontinued Operation": NaN,
        "Total Expenses": NaN,
        "Total Operating Income As Reported": NaN,
        "Diluted Average Shares": 2438000000.0,
        "Basic Average Shares": 2438000000.0,
        "Diluted EPS": -0.17,
        "Basic EPS": -0.17,
        "Diluted NI Availto Com Stockholders": NaN,
        "Net Income Common Stockholders": NaN,
        "Net Income": NaN,
        "Minority Interests": NaN,
        "Net Income Including Noncontrolling Interests": NaN,
        "Net Income Continuous Operations": NaN,
        "Tax Provision": NaN,
        "Pretax Income": NaN,
        "Other Income Expense": NaN,
        "Other Non Operating Income Expenses": NaN,
        "Special Income Charges": NaN,
        "Gain On Sale Of Business": 0.0,
        "Other Special Charges": NaN,
        "Impairment Of Capital Assets": NaN,
        "Restructuring And Mergern Acquisition": NaN,
        "Earnings From Equity Interest": NaN,
        "Gain On Sale Of Security": NaN,
        "Net Non Operating Interest Income Expense": NaN,
        "Interest Expense Non Operating": NaN,
        "Interest Income Non Operating": NaN,
        "Operating Income": NaN,
        "Operating Expense": NaN,
        "Depreciation Amortization Depletion Income Statement": NaN,
        "Depreciation And Amortization In Income Statement": NaN,
        "Selling General And Administration": NaN,
        "Gross Profit": NaN,
        "Cost Of Revenue": NaN,
        "Total Revenue": NaN,
        "Operating Revenue": NaN
    },
    "2023-12-31": {
        "Tax Effect Of Unusual Items": -14781402.936378,
        "Tax Rate For Calcs": 0.360522,
        "Normalized EBITDA": 5431000000.0,
        "Total Unusual Items": -41000000.0,
        "Total Unusual Items Excluding Goodwill": -41000000.0,
        "Net Income From Continuing Operation Net Minority Interest": -400000000.0,
        "Reconciled Depreciation": 5501000000.0,
        "Reconciled Cost Of Revenue": 2419000000.0,
        "EBITDA": 5390000000.0,
        "EBIT": -111000000.0,
        "Net Interest Income": -451000000.0,
        "Interest Expense": 502000000.0,
        "Interest Income": 51000000.0,
        "Normalized Income": -373781402.936378,
        "Net Income From Continuing And Discontinued Operation": -400000000.0,
        "Total Expenses": 10375000000.0,
        "Total Operating Income As Reported": -182000000.0,
        "Diluted Average Shares": NaN,
        "Basic Average Shares": NaN,
        "Diluted EPS": NaN,
        "Basic EPS": NaN,
        "Diluted NI Availto Com Stockholders": -400000000.0,
        "Net Income Common Stockholders": -400000000.0,
        "Net Income": -400000000.0,
        "Minority Interests": -8000000.0,
        "Net Income Including Noncontrolling Interests": -392000000.0,
        "Net Income Continuous Operations": -392000000.0,
        "Tax Provision": -221000000.0,
        "Pretax Income": -613000000.0,
        "Other Income Expense": -71000000.0,
        "Other Non Operating Income Expenses": -21000000.0,
        "Special Income Charges": -91000000.0,
        "Gain On Sale Of Business": 0.0,
        "Other Special Charges": 0.0,
        "Impairment Of Capital Assets": 16000000.0,
        "Restructuring And Mergern Acquisition": 75000000.0,
        "Earnings From Equity Interest": -9000000.0,
        "Gain On Sale Of Security": 50000000.0,
        "Net Non Operating Interest Income Expense": -451000000.0,
        "Interest Expense Non Operating": 502000000.0,
        "Interest Income Non Operating": 51000000.0,
        "Operating Income": -91000000.0,
        "Operating Expense": 4479000000.0,
        "Depreciation Amortization Depletion Income Statement": 2024000000.0,
        "Depreciation And Amortization In Income Statement": 2024000000.0,
        "Selling General And Administration": 2455000000.0,
        "Gross Profit": 4388000000.0,
        "Cost Of Revenue": 5896000000.0,
        "Total Revenue": 10284000000.0,
        "Operating Revenue": 9963000000.0
    },
    "2024-03-31": {
        "Tax Effect Of Unusual Items": -18900000.0,
        "Tax Rate For Calcs": 0.21,
        "Normalized EBITDA": 5501000000.0,
        "Total Unusual Items": -90000000.0,
        "Total Unusual Items Excluding Goodwill": -90000000.0,
        "Net Income From Continuing Operation Net Minority Interest": -966000000.0,
        "Reconciled Depreciation": 5715000000.0,
        "Reconciled Cost Of Revenue": 2231000000.0,
        "EBITDA": 5411000000.0,
        "EBIT": -304000000.0,
        "Net Interest Income": -455000000.0,
        "Interest Expense": 515000000.0,
        "Interest Income": 60000000.0,
        "Normalized Income": -894900000.0,
        "Net Income From Continuing And Discontinued Operation": -966000000.0,
        "Total Expenses": 10178000000.0,
        "Total Operating Income As Reported": -267000000.0,
        "Diluted Average Shares": 2443000000.0,
        "Basic Average Shares": 2443000000.0,
        "Diluted EPS": -0.4,
        "Basic EPS": -0.4,
        "Diluted NI Availto Com Stockholders": -966000000.0,
        "Net Income Common Stockholders": -966000000.0,
        "Net Income": -966000000.0,
        "Minority Interests": -11000000.0,
        "Net Income Including Noncontrolling Interests": -955000000.0,
        "Net Income Continuous Operations": -955000000.0,
        "Tax Provision": 136000000.0,
        "Pretax Income": -819000000.0,
        "Other Income Expense": -144000000.0,
        "Other Non Operating Income Expenses": -6000000.0,
        "Special Income Charges": 68000000.0,
        "Gain On Sale Of Business": NaN,
        "Other Special Charges": -115000000.0,
        "Impairment Of Capital Assets": 12000000.0,
        "Restructuring And Mergern Acquisition": 35000000.0,
        "Earnings From Equity Interest": -48000000.0,
        "Gain On Sale Of Security": -158000000.0,
        "Net Non Operating Interest Income Expense": -455000000.0,
        "Interest Expense Non Operating": 515000000.0,
        "Interest Income Non Operating": 60000000.0,
        "Operating Income": -220000000.0,
        "Operating Expense": 4120000000.0,
        "Depreciation Amortization Depletion Income Statement": 1888000000.0,
        "Depreciation And Amortization In Income Statement": 1888000000.0,
        "Selling General And Administration": 2232000000.0,
        "Gross Profit": 3900000000.0,
        "Cost Of Revenue": 6058000000.0,
        "Total Revenue": 9958000000.0,
        "Operating Revenue": 9691000000.0
    },
    "2024-06-30": {
        "Tax Effect Of Unusual Items": -6170602.889885,
        "Tax Rate For Calcs": 0.000698,
        "Normalized EBITDA": 4993000000.0,
        "Total Unusual Items": -8846000000.0,
        "Total Unusual Items Excluding Goodwill": -8846000000.0,
        "Net Income From Continuing Operation Net Minority Interest": -9986000000.0,
        "Reconciled Depreciation": 5664000000.0,
        "Reconciled Cost Of Revenue": 2284000000.0,
        "EBITDA": -3853000000.0,
        "EBIT": -9517000000.0,
        "Net Interest Income": -455000000.0,
        "Interest Expense": 518000000.0,
        "Interest Income": 63000000.0,
        "Normalized Income": -1146170602.889885,
        "Net Income From Continuing And Discontinued Operation": -9986000000.0,
        "Total Expenses": 10409000000.0,
        "Total Operating Income As Reported": -10208000000.0,
        "Diluted Average Shares": 2451000000.0,
        "Basic Average Shares": 2451000000.0,
        "Diluted EPS": -4.07,
        "Basic EPS": -4.07,
        "Diluted NI Availto Com Stockholders": -9986000000.0,
        "Net Income Common Stockholders": -9986000000.0,
        "Net Income": -9986000000.0,
        "Minority Interests": 42000000.0,
        "Net Income Including Noncontrolling Interests": -10028000000.0,
        "Net Income Continuous Operations": -10028000000.0,
        "Tax Provision": -7000000.0,
        "Pretax Income": -10035000000.0,
        "Other Income Expense": -8884000000.0,
        "Other Non Operating Income Expenses": -15000000.0,
        "Special Income Charges": -8761000000.0,
        "Gain On Sale Of Business": 203000000.0,
        "Other Special Charges": -548000000.0,
        "Impairment Of Capital Assets": 9395000000.0,
        "Restructuring And Mergern Acquisition": 117000000.0,
        "Earnings From Equity Interest": -23000000.0,
        "Gain On Sale Of Security": -85000000.0,
        "Net Non Operating Interest Income Expense": -455000000.0,
        "Interest Expense Non Operating": 518000000.0,
        "Interest Income Non Operating": 63000000.0,
        "Operating Income": -696000000.0,
        "Operating Expense": 4205000000.0,
        "Depreciation Amortization Depletion Income Statement": 1744000000.0,
        "Depreciation And Amortization In Income Statement": 1744000000.0,
        "Selling General And Administration": 2461000000.0,
        "Gross Profit": 3509000000.0,
        "Cost Of Revenue": 6204000000.0,
        "Total Revenue": 9713000000.0,
        "Operating Revenue": 9418000000.0
    },
    "2024-09-30": {
        "Tax Effect Of Unusual Items": -2730000.0,
        "Tax Rate For Calcs": 0.21,
        "Normalized EBITDA": 5223000000.0,
        "Total Unusual Items": -13000000.0,
        "Total Unusual Items Excluding Goodwill": -13000000.0,
        "Net Income From Continuing Operation Net Minority Interest": 135000000.0,
        "Reconciled Depreciation": 4894000000.0,
        "Reconciled Cost Of Revenue": 2049000000.0,
        "EBITDA": 5210000000.0,
        "EBIT": 316000000.0,
        "Net Interest Income": -445000000.0,
        "Interest Expense": 494000000.0,
        "Interest Income": 49000000.0,
        "Normalized Income": 145270000.0,
        "Net Income From Continuing And Discontinued Operation": 135000000.0,
        "Total Expenses": 9328000000.0,
        "Total Operating Income As Reported": 281000000.0,
        "Diluted Average Shares": 2470000000.0,
        "Basic Average Shares": 2453000000.0,
        "Diluted EPS": 0.05,
        "Basic EPS": 0.06,
        "Diluted NI Availto Com Stockholders": 135000000.0,
        "Net Income Common Stockholders": 135000000.0,
        "Net Income": 135000000.0,
        "Minority Interests": -6000000.0,
        "Net Income Including Noncontrolling Interests": 141000000.0,
        "Net Income Continuous Operations": 141000000.0,
        "Tax Provision": -319000000.0,
        "Pretax Income": -178000000.0,
        "Other Income Expense": -28000000.0,
        "Other Non Operating Income Expenses": 3000000.0,
        "Special Income Charges": 13000000.0,
        "Gain On Sale Of Business": 0.0,
        "Other Special Charges": -27000000.0,
        "Impairment Of Capital Assets": 5000000.0,
        "Restructuring And Mergern Acquisition": 9000000.0,
        "Earnings From Equity Interest": -18000000.0,
        "Gain On Sale Of Security": -26000000.0,
        "Net Non Operating Interest Income Expense": -445000000.0,
        "Interest Expense Non Operating": 494000000.0,
        "Interest Income Non Operating": 49000000.0,
        "Operating Income": 295000000.0,
        "Operating Expense": 4147000000.0,
        "Depreciation Amortization Depletion Income Statement": 1762000000.0,
        "Depreciation And Amortization In Income Statement": 1762000000.0,
        "Selling General And Administration": 2385000000.0,
        "Gross Profit": 4442000000.0,
        "Cost Of Revenue": 5181000000.0,
        "Total Revenue": 9623000000.0,
        "Operating Revenue": 9323000000.0
    },
    "2024-12-31": {
        "Tax Effect Of Unusual Items": -113820000.0,
        "Tax Rate For Calcs": 0.21,
        "Normalized EBITDA": 5386000000.0,
        "Total Unusual Items": -542000000.0,
        "Total Unusual Items Excluding Goodwill": -542000000.0,
        "Net Income From Continuing Operation Net Minority Interest": -494000000.0,
        "Reconciled Depreciation": 4710000000.0,
        "Reconciled Cost Of Revenue": 2460000000.0,
        "EBITDA": 4844000000.0,
        "EBIT": 134000000.0,
        "Net Interest Income": -452000000.0,
        "Interest Expense": 490000000.0,
        "Interest Income": 38000000.0,
        "Normalized Income": -65820000.0,
        "Net Income From Continuing And Discontinued Operation": -494000000.0,
        "Total Expenses": 9388000000.0,
        "Total Operating Income As Reported": 162000000.0,
        "Diluted Average Shares": NaN,
        "Basic Average Shares": NaN,
        "Diluted EPS": NaN,
        "Basic EPS": NaN,
        "Diluted NI Availto Com Stockholders": -497000000.0,
        "Net Income Common Stockholders": -497000000.0,
        "Net Income": -494000000.0,
        "Minority Interests": 146000000.0,
        "Net Income Including Noncontrolling Interests": -640000000.0,
        "Net Income Continuous Operations": -640000000.0,
        "Tax Provision": 284000000.0,
        "Pretax Income": -356000000.0,
        "Other Income Expense": -543000000.0,
        "Other Non Operating Income Expenses": 31000000.0,
        "Special Income Charges": -467000000.0,
        "Gain On Sale Of Business": -9000000.0,
        "Other Special Charges": -19000000.0,
        "Impairment Of Capital Assets": 191000000.0,
        "Restructuring And Mergern Acquisition": 286000000.0,
        "Earnings From Equity Interest": -32000000.0,
        "Gain On Sale Of Security": -75000000.0,
        "Net Non Operating Interest Income Expense": -452000000.0,
        "Interest Expense Non Operating": 490000000.0,
        "Interest Income Non Operating": 38000000.0,
        "Operating Income": 639000000.0,
        "Operating Expense": 3861000000.0,
        "Depreciation Amortization Depletion Income Statement": 1643000000.0,
        "Depreciation And Amortization In Income Statement": 1643000000.0,
        "Selling General And Administration": 2218000000.0,
        "Gross Profit": 4500000000.0,
        "Cost Of Revenue": 5527000000.0,
        "Total Revenue": 10027000000.0,
        "Operating Revenue": 9656000000.0
    }
}