{
    "2024-03-31": {
        "Tax Effect Of Unusual Items": 0.0,
        "Tax Rate For Calcs": 0.21,
        "Normalized EBITDA": 21969000.0,
        "Net Income From Continuing Operation Net Minority Interest": 6192000.0,
        "Reconciled Depreciation": 9035000.0,
        "Reconciled Cost Of Revenue": 244385000.0,
        "EBITDA": 21969000.0,
        "EBIT": 12934000.0,
        "Net Interest Income": 1202000.0,
        "Interest Expense": 33000.0,
        "Interest Income": 1235000.0,
        "Normalized Income": 6192000.0,
        "Net Income From Continuing And Discontinued Operation": 6192000.0,
        "Total Expenses": 312556000.0,
        "Total Operating Income As Reported": 14188000.0,
        "Diluted Average Shares": 126886102.0,
        "Basic Average Shares": 126886102.0,
        "Diluted EPS": 0.0488,
        "Basic EPS": 0.0488,
        "Diluted NI Availto Com Stockholders": 6192000.0,
        "Average Dilution Earnings": NaN,
        "Net Income Common Stockholders": 6192000.0,
        "Otherunder Preferred Stock Dividend": NaN,
        "Net Income": 6192000.0,
        "Minority Interests": -41000.0,
        "Net Income Including Noncontrolling Interests": 6233000.0,
        "Net Income Continuous Operations": 6233000.0,
        "Tax Provision": 6668000.0,
        "Pretax Income": 12901000.0,
        "Other Income Expense": -2489000.0,
        "Other Non Operating Income Expenses": -1437000.0,
        "Earnings From Equity Interest": -1052000.0,
        "Net Non Operating Interest Income Expense": 1202000.0,
        "Interest Expense Non Operating": 33000.0,
        "Interest Income Non Operating": 1235000.0,
        "Operating Income": 14188000.0,
        "Operating Expense": 68171000.0,
        "Selling General And Administration": 68171000.0,
        "Selling And Marketing Expense": 19478000.0,
        "General And Administrative Expense": 48693000.0,
        "Other Gand A": 48693000.0,
        "Gross Profit": 82359000.0,
        "Cost Of Revenue": 244385000.0,
        "Total Revenue": 326744000.0,
        "Operating Revenue": 326744000.0
    },
    "2023-03-31": {
        "Tax Effect Of Unusual Items": 0.0,
        "Tax Rate For Calcs": 0.21,
        "Normalized EBITDA": -6418000.0,
        "Net Income From Continuing Operation Net Minority Interest": -17561000.0,
        "Reconciled Depreciation": 9474000.0,
        "Reconciled Cost Of Revenue": 244407000.0,
        "EBITDA": -6418000.0,
        "EBIT": -15892000.0,
        "Net Interest Income": 334000.0,
        "Interest Expense": 23000.0,
        "Interest Income": 357000.0,
        "Normalized Income": -17561000.0,
        "Net Income From Continuing And Discontinued Operation": -17561000.0,
        "Total Expenses": 330020000.0,
        "Total Operating Income As Reported": -19763000.0,
        "Diluted Average Shares": 126886102.0,
        "Basic Average Shares": 126886102.0,
        "Diluted EPS": -0.1384,
        "Basic EPS": -0.1384,
        "Diluted NI Availto Com Stockholders": -17561000.0,
        "Average Dilution Earnings": NaN,
        "Net Income Common Stockholders": -17561000.0,
        "Otherunder Preferred Stock Dividend": NaN,
        "Net Income": -17561000.0,
        "Minority Interests": 731000.0,
        "Net Income Including Noncontrolling Interests": -18292000.0,
        "Net Income Continuous Operations": -18292000.0,
        "Tax Provision": 2377000.0,
        "Pretax Income": -15915000.0,
        "Other Income Expense": 3514000.0,
        "Other Non Operating Income Expenses": 4038000.0,
        "Earnings From Equity Interest": -524000.0,
        "Net Non Operating Interest Income Expense": 334000.0,
        "Interest Expense Non Operating": 23000.0,
        "Interest Income Non Operating": 357000.0,
        "Operating Income": -19763000.0,
        "Operating Expense": 85613000.0,
        "Selling General And Administration": 85613000.0,
        "Selling And Marketing Expense": 29244000.0,
        "General And Administrative Expense": 56369000.0,
        "Other Gand A": 56369000.0,
        "Gross Profit": 65850000.0,
        "Cost Of Revenue": 244407000.0,
        "Total Revenue": 310257000.0,
        "Operating Revenue": 310257000.0
    },
    "2024-06-30": {
        "Tax Effect Of Unusual Items": 0.0,
        "Tax Rate For Calcs": 0.21,
        "Normalized EBITDA": -65735000.0,
        "Net Income From Continuing Operation Net Minority Interest": -76885000.0,
        "Reconciled Depreciation": 8915000.0,
        "Reconciled Cost Of Revenue": 237915000.0,
        "EBITDA": -65735000.0,
        "EBIT": -74650000.0,
        "Net Interest Income": 2032000.0,
        "Interest Expense": 11000.0,
        "Interest Income": 2043000.0,
        "Normalized Income": -76885000.0,
        "Net Income From Continuing And Discontinued Operation": -76885000.0,
        "Total Expenses": 400068000.0,
        "Total Operating Income As Reported": -79096000.0,
        "Diluted Average Shares": NaN,
        "Basic Average Shares": NaN,
        "Diluted EPS": NaN,
        "Basic EPS": NaN,
        "Diluted NI Availto Com Stockholders": -76890000.0,
        "Average Dilution Earnings": -5000.0,
        "Net Income Common Stockholders": -76885000.0,
        "Otherunder Preferred Stock Dividend": 0.0,
        "Net Income": -76885000.0,
        "Minority Interests": -317000.0,
        "Net Income Including Noncontrolling Interests": -76568000.0,
        "Net Income Continuous Operations": -76568000.0,
        "Tax Provision": 1907000.0,
        "Pretax Income": -74661000.0,
        "Other Income Expense": 2403000.0,
        "Other Non Operating Income Expenses": 2283000.0,
        "Earnings From Equity Interest": 120000.0,
        "Net Non Operating Interest Income Expense": 2032000.0,
        "Interest Expense Non Operating": 11000.0,
        "Interest Income Non Operating": 2043000.0,
        "Operating Income": -79096000.0,
        "Operating Expense": 162153000.0,
        "Selling General And Administration": 162153000.0,
        "Selling And Marketing Expense": 23448000.0,
        "General And Administrative Expense": 138705000.0,
        "Other Gand A": 138705000.0,
        "Gross Profit": 83057000.0,
        "Cost Of Revenue": 237915000.0,
        "Total Revenue": 320972000.0,
        "Operating Revenue": 320972000.0
    },
    "2023-06-30": {
        "Tax Effect Of Unusual Items": NaN,
        "Tax Rate For Calcs": NaN,
        "Normalized EBITDA": NaN,
        "Net Income From Continuing Operation Net Minority Interest": NaN,
        "Reconciled Depreciation": NaN,
        "Reconciled Cost Of Revenue": NaN,
        "EBITDA": NaN,
        "EBIT": NaN,
        "Net Interest Income": NaN,
        "Interest Expense": NaN,
        "Interest Income": NaN,
        "Normalized Income": NaN,
        "Net Income From Continuing And Discontinued Operation": NaN,
        "Total Expenses": NaN,
        "Total Operating Income As Reported": NaN,
        "Diluted Average Shares": 126886102.0,
        "Basic Average Shares": 126886102.0,
        "Diluted EPS": -0.158181,
        "Basic EPS": -0.158181,
        "Diluted NI Availto Com Stockholders": NaN,
        "Average Dilution Earnings": 0.0,
        "Net Income Common Stockholders": NaN,
        "Otherunder Preferred Stock Dividend": -47000.0,
        "Net Income": NaN,
        "Minority Interests": NaN,
        "Net Income Including Noncontrolling Interests": NaN,
        "Net Income Continuous Operations": NaN,
        "Tax Provision": NaN,
        "Pretax Income": NaN,
        "Other Income Expense": NaN,
        "Other Non Operating Income Expenses": NaN,
        "Earnings From Equity Interest": NaN,
        "Net Non Operating Interest Income Expense": NaN,
        "Interest Expense Non Operating": NaN,
        "Interest Income Non Operating": NaN,
        "Operating Income": NaN,
        "Operating Expense": NaN,
        "Selling General And Administration": NaN,
        "Selling And Marketing Expense": NaN,
        "General And Administrative Expense": NaN,
        "Other Gand A": NaN,
        "Gross Profit": NaN,
        "Cost Of Revenue": NaN,
        "Total Revenue": NaN,
        "Operating Revenue": NaN
    },
    "2024-09-30": {
        "Tax Effect Of Unusual Items": 0.0,
        "Tax Rate For Calcs": 0.21,
        "Normalized EBITDA": 20090000.0,
        "Net Income From Continuing Operation Net Minority Interest": 19753000.0,
        "Reconciled Depreciation": 10003000.0,
        "Reconciled Cost Of Revenue": 256534000.0,
        "EBITDA": 20090000.0,
        "EBIT": 10087000.0,
        "Net Interest Income": 6512000.0,
        "Interest Expense": 0.0,
        "Interest Income": 6512000.0,
        "Normalized Income": 19753000.0,
        "Net Income From Continuing And Discontinued Operation": 19753000.0,
        "Total Expenses": 356000000.0,
        "Total Operating Income As Reported": -8085000.0,
        "Diluted Average Shares": 130817876.0,
        "Basic Average Shares": 128327971.0,
        "Diluted EPS": 0.15,
        "Basic EPS": 0.15,
        "Diluted NI Availto Com Stockholders": 19753000.0,
        "Average Dilution Earnings": NaN,
        "Net Income Common Stockholders": 19753000.0,
        "Otherunder Preferred Stock Dividend": NaN,
        "Net Income": 19753000.0,
        "Minority Interests": -233000.0,
        "Net Income Including Noncontrolling Interests": 19986000.0,
        "Net Income Continuous Operations": 19986000.0,
        "Tax Provision": -9899000.0,
        "Pretax Income": 10087000.0,
        "Other Income Expense": 11660000.0,
        "Other Non Operating Income Expenses": 11798000.0,
        "Earnings From Equity Interest": -138000.0,
        "Net Non Operating Interest Income Expense": 6512000.0,
        "Interest Expense Non Operating": 0.0,
        "Interest Income Non Operating": 6512000.0,
        "Operating Income": -8085000.0,
        "Operating Expense": 99466000.0,
        "Selling General And Administration": 99466000.0,
        "Selling And Marketing Expense": 32719000.0,
        "General And Administrative Expense": 66747000.0,
        "Other Gand A": 66747000.0,
        "Gross Profit": 91381000.0,
        "Cost Of Revenue": 256534000.0,
        "Total Revenue": 347915000.0,
        "Operating Revenue": 347915000.0
    },
    "2023-12-31": {
        "Tax Effect Of Unusual Items": 0.0,
        "Tax Rate For Calcs": 0.073035,
        "Normalized EBITDA": -92336000.0,
        "Net Income From Continuing Operation Net Minority Interest": -67601000.0,
        "Reconciled Depreciation": 10416000.0,
        "Reconciled Cost Of Revenue": 257667000.0,
        "EBITDA": -92336000.0,
        "EBIT": -102752000.0,
        "Net Interest Income": 701000.0,
        "Interest Expense": 20000.0,
        "Interest Income": 721000.0,
        "Normalized Income": -67601000.0,
        "Net Income From Continuing And Discontinued Operation": -67601000.0,
        "Total Expenses": 329683000.0,
        "Total Operating Income As Reported": -4382000.0,
        "Diluted Average Shares": NaN,
        "Basic Average Shares": NaN,
        "Diluted EPS": NaN,
        "Basic EPS": NaN,
        "Diluted NI Availto Com Stockholders": -67601000.0,
        "Average Dilution Earnings": NaN,
        "Net Income Common Stockholders": -67601000.0,
        "Otherunder Preferred Stock Dividend": NaN,
        "Net Income": -67601000.0,
        "Minority Interests": 27665000.0,
        "Net Income Including Noncontrolling Interests": -95266000.0,
        "Net Income Continuous Operations": -95266000.0,
        "Tax Provision": -7506000.0,
        "Pretax Income": -102772000.0,
        "Other Income Expense": -107854000.0,
        "Other Non Operating Income Expenses": 611000.0,
        "Earnings From Equity Interest": -14878000.0,
        "Net Non Operating Interest Income Expense": 701000.0,
        "Interest Expense Non Operating": 20000.0,
        "Interest Income Non Operating": 721000.0,
        "Operating Income": 4381000.0,
        "Operating Expense": 72016000.0,
        "Selling General And Administration": 72016000.0,
        "Selling And Marketing Expense": 25634000.0,
        "General And Administrative Expense": 46382000.0,
        "Other Gand A": 55145000.0,
        "Gross Profit": 76397000.0,
        "Cost Of Revenue": 257667000.0,
        "Total Revenue": 334064000.0,
        "Operating Revenue": 334064000.0
    },
    "2023-09-30": {
        "Tax Effect Of Unusual Items": NaN,
        "Tax Rate For Calcs": NaN,
        "Normalized EBITDA": NaN,
        "Net Income From Continuing Operation Net Minority Interest": NaN,
        "Reconciled Depreciation": NaN,
        "Reconciled Cost Of Revenue": NaN,
        "EBITDA": NaN,
        "EBIT": NaN,
        "Net Interest Income": NaN,
        "Interest Expense": NaN,
        "Interest Income": NaN,
        "Normalized Income": NaN,
        "Net Income From Continuing And Discontinued Operation": NaN,
        "Total Expenses": NaN,
        "Total Operating Income As Reported": NaN,
        "Diluted Average Shares": 126886102.0,
        "Basic Average Shares": 126886102.0,
        "Diluted EPS": -0.088071,
        "Basic EPS": -0.088071,
        "Diluted NI Availto Com Stockholders": NaN,
        "Average Dilution Earnings": NaN,
        "Net Income Common Stockholders": NaN,
        "Otherunder Preferred Stock Dividend": NaN,
        "Net Income": NaN,
        "Minority Interests": NaN,
        "Net Income Including Noncontrolling Interests": NaN,
        "Net Income Continuous Operations": NaN,
        "Tax Provision": NaN,
        "Pretax Income": NaN,
        "Other Income Expense": NaN,
        "Other Non Operating Income Expenses": NaN,
        "Earnings From Equity Interest": NaN,
        "Net Non Operating Interest Income Expense": NaN,
        "Interest Expense Non Operating": NaN,
        "Interest Income Non Operating": NaN,
        "Operating Income": NaN,
        "Operating Expense": NaN,
        "Selling General And Administration": NaN,
        "Selling And Marketing Expense": NaN,
        "General And Administrative Expense": NaN,
        "Other Gand A": NaN,
        "Gross Profit": NaN,
        "Cost Of Revenue": NaN,
        "Total Revenue": NaN,
        "Operating Revenue": NaN
    },
    "2024-12-31": {
        "Tax Effect Of Unusual Items": 0.0,
        "Tax Rate For Calcs": 0.21,
        "Normalized EBITDA": -85513000.0,
        "Net Income From Continuing Operation Net Minority Interest": -92965000.0,
        "Reconciled Depreciation": 12121000.0,
        "Reconciled Cost Of Revenue": 270576000.0,
        "EBITDA": -85513000.0,
        "EBIT": -97634000.0,
        "Net Interest Income": 6029000.0,
        "Interest Expense": 1000.0,
        "Interest Income": 6030000.0,
        "Normalized Income": -92965000.0,
        "Net Income From Continuing And Discontinued Operation": -92965000.0,
        "Total Expenses": 377746000.0,
        "Total Operating Income As Reported": -27706000.0,
        "Diluted Average Shares": 128787043.0,
        "Basic Average Shares": 128787043.0,
        "Diluted EPS": -0.72,
        "Basic EPS": -0.72,
        "Diluted NI Availto Com Stockholders": -92965000.0,
        "Average Dilution Earnings": NaN,
        "Net Income Common Stockholders": -92965000.0,
        "Otherunder Preferred Stock Dividend": NaN,
        "Net Income": -92965000.0,
        "Minority Interests": 9598000.0,
        "Net Income Including Noncontrolling Interests": -102563000.0,
        "Net Income Continuous Operations": -102563000.0,
        "Tax Provision": 4928000.0,
        "Pretax Income": -97635000.0,
        "Other Income Expense": -78765000.0,
        "Other Non Operating Income Expenses": -10955000.0,
        "Earnings From Equity Interest": -53000.0,
        "Net Non Operating Interest Income Expense": 6029000.0,
        "Interest Expense Non Operating": 1000.0,
        "Interest Income Non Operating": 6030000.0,
        "Operating Income": -24899000.0,
        "Operating Expense": 107170000.0,
        "Selling General And Administration": 107170000.0,
        "Selling And Marketing Expense": 32138000.0,
        "General And Administrative Expense": 75032000.0,
        "Other Gand A": 77839000.0,
        "Gross Profit": 82271000.0,
        "Cost Of Revenue": 270576000.0,
        "Total Revenue": 352847000.0,
        "Operating Revenue": 352847000.0
    },
    "2025-03-31": {
        "Tax Effect Of Unusual Items": 0.0,
        "Tax Rate For Calcs": 0.21,
        "Normalized EBITDA": -10983000.0,
        "Net Income From Continuing Operation Net Minority Interest": -22389000.0,
        "Reconciled Depreciation": 8437000.0,
        "Reconciled Cost Of Revenue": 254096000.0,
        "EBITDA": -10983000.0,
        "EBIT": -19420000.0,
        "Net Interest Income": 5111000.0,
        "Interest Expense": 2000.0,
        "Interest Income": 5113000.0,
        "Normalized Income": -22389000.0,
        "Net Income From Continuing And Discontinued Operation": -22389000.0,
        "Total Expenses": 352341000.0,
        "Total Operating Income As Reported": -26634000.0,
        "Diluted Average Shares": 129598942.0,
        "Basic Average Shares": 129598942.0,
        "Diluted EPS": -0.17,
        "Basic EPS": -0.17,
        "Diluted NI Availto Com Stockholders": -22389000.0,
        "Average Dilution Earnings": NaN,
        "Net Income Common Stockholders": -22389000.0,
        "Otherunder Preferred Stock Dividend": NaN,
        "Net Income": -22389000.0,
        "Minority Interests": -420000.0,
        "Net Income Including Noncontrolling Interests": -21969000.0,
        "Net Income Continuous Operations": -21969000.0,
        "Tax Provision": 2547000.0,
        "Pretax Income": -19422000.0,
        "Other Income Expense": 2101000.0,
        "Other Non Operating Income Expenses": 2670000.0,
        "Earnings From Equity Interest": -569000.0,
        "Net Non Operating Interest Income Expense": 5111000.0,
        "Interest Expense Non Operating": 2000.0,
        "Interest Income Non Operating": 5113000.0,
        "Operating Income": -26634000.0,
        "Operating Expense": 98245000.0,
        "Selling General And Administration": 98245000.0,
        "Selling And Marketing Expense": 31543000.0,
        "General And Administrative Expense": 66702000.0,
        "Other Gand A": 66702000.0,
        "Gross Profit": 71611000.0,
        "Cost Of Revenue": 254096000.0,
        "Total Revenue": 325707000.0,
        "Operating Revenue": 325707000.0
    },
    "2025-06-30": {
        "Tax Effect Of Unusual Items": 0.0,
        "Tax Rate For Calcs": 0.176,
        "Normalized EBITDA": 3694000.0,
        "Net Income From Continuing Operation Net Minority Interest": -4326000.0,
        "Reconciled Depreciation": 8407000.0,
        "Reconciled Cost Of Revenue": 260992000.0,
        "EBITDA": 3694000.0,
        "EBIT": -4713000.0,
        "Net Interest Income": 4908000.0,
        "Interest Expense": 2000.0,
        "Interest Income": 4910000.0,
        "Normalized Income": -4326000.0,
        "Net Income From Continuing And Discontinued Operation": -4326000.0,
        "Total Expenses": 357034000.0,
        "Total Operating Income As Reported": -8763000.0,
        "Diluted Average Shares": 130358706.0,
        "Basic Average Shares": 130358706.0,
        "Diluted EPS": -0.03,
        "Basic EPS": -0.03,
        "Diluted NI Availto Com Stockholders": -4367000.0,
        "Average Dilution Earnings": -3000.0,
        "Net Income Common Stockholders": -4364000.0,
        "Otherunder Preferred Stock Dividend": 38000.0,
        "Net Income": -4326000.0,
        "Minority Interests": -443000.0,
        "Net Income Including Noncontrolling Interests": -3883000.0,
        "Net Income Continuous Operations": -3883000.0,
        "Tax Provision": -832000.0,
        "Pretax Income": -4715000.0,
        "Other Income Expense": -860000.0,
        "Other Non Operating Income Expenses": -1367000.0,
        "Earnings From Equity Interest": 507000.0,
        "Net Non Operating Interest Income Expense": 4908000.0,
        "Interest Expense Non Operating": 2000.0,
        "Interest Income Non Operating": 4910000.0,
        "Operating Income": -8763000.0,
        "Operating Expense": 96042000.0,
        "Selling General And Administration": 96042000.0,
        "Selling And Marketing Expense": 31070000.0,
        "General And Administrative Expense": 64972000.0,
        "Other Gand A": 64972000.0,
        "Gross Profit": 87279000.0,
        "Cost Of Revenue": 260992000.0,
        "Total Revenue": 348271000.0,
        "Operating Revenue": 348271000.0
    },
    "2025-09-30": {
        "Tax Effect Of Unusual Items": NaN,
        "Tax Rate For Calcs": NaN,
        "Normalized EBITDA": NaN,
        "Net Income From Continuing Operation Net Minority Interest": NaN,
        "Reconciled Depreciation": NaN,
        "Reconciled Cost Of Revenue": NaN,
        "EBITDA": NaN,
        "EBIT": NaN,
        "Net Interest Income": NaN,
        "Interest Expense": NaN,
        "Interest Income": NaN,
        "Normalized Income": NaN,
        "Net Income From Continuing And Discontinued Operation": NaN,
        "Total Expenses": NaN,
        "Total Operating Income As Reported": NaN,
        "Diluted Average Shares": 130644101.0,
        "Basic Average Shares": 130644101.0,
        "Diluted EPS": -0.09,
        "Basic EPS": -0.09,
        "Diluted NI Availto Com Stockholders": NaN,
        "Average Dilution Earnings": NaN,
        "Net Income Common Stockholders": NaN,
        "Otherunder Preferred Stock Dividend": NaN,
        "Net Income": NaN,
        "Minority Interests": NaN,
        "Net Income Including Noncontrolling Interests": NaN,
        "Net Income Continuous Operations": NaN,
        "Tax Provision": NaN,
        "Pretax Income": NaN,
        "Other Income Expense": NaN,
        "Other Non Operating Income Expenses": NaN,
        "Earnings From Equity Interest": NaN,
        "Net Non Operating Interest Income Expense": NaN,
        "Interest Expense Non Operating": NaN,
        "Interest Income Non Operating": NaN,
        "Operating Income": NaN,
        "Operating Expense": NaN,
        "Selling General And Administration": NaN,
        "Selling And Marketing Expense": NaN,
        "General And Administrative Expense": NaN,
        "Other Gand A": NaN,
        "Gross Profit": NaN,
        "Cost Of Revenue": NaN,
        "Total Revenue": NaN,
        "Operating Revenue": NaN
    }
}