{
    "2023-03-31": {
        "Tax Effect Of Unusual Items": NaN,
        "Tax Rate For Calcs": NaN,
        "Normalized EBITDA": NaN,
        "Total Unusual Items": -20700000.0,
        "Total Unusual Items Excluding Goodwill": -20700000.0,
        "Net Income From Continuing Operation Net Minority Interest": NaN,
        "Reconciled Depreciation": NaN,
        "Reconciled Cost Of Revenue": NaN,
        "EBITDA": NaN,
        "EBIT": NaN,
        "Net Interest Income": NaN,
        "Interest Expense": NaN,
        "Normalized Income": NaN,
        "Net Income From Continuing And Discontinued Operation": NaN,
        "Total Expenses": NaN,
        "Total Operating Income As Reported": NaN,
        "Diluted Average Shares": NaN,
        "Basic Average Shares": NaN,
        "Diluted EPS": NaN,
        "Basic EPS": NaN,
        "Diluted NI Availto Com Stockholders": NaN,
        "Net Income Common Stockholders": NaN,
        "Preferred Stock Dividends": NaN,
        "Net Income": NaN,
        "Minority Interests": NaN,
        "Net Income Including Noncontrolling Interests": NaN,
        "Net Income Continuous Operations": NaN,
        "Tax Provision": NaN,
        "Pretax Income": NaN,
        "Other Income Expense": NaN,
        "Other Non Operating Income Expenses": NaN,
        "Special Income Charges": -11200000.0,
        "Gain On Sale Of Ppe": NaN,
        "Gain On Sale Of Business": NaN,
        "Restructuring And Mergern Acquisition": 11200000.0,
        "Gain On Sale Of Security": -9500000.0,
        "Net Non Operating Interest Income Expense": NaN,
        "Interest Expense Non Operating": NaN,
        "Operating Income": NaN,
        "Operating Expense": NaN,
        "Other Taxes": NaN,
        "Depreciation Amortization Depletion Income Statement": NaN,
        "Depreciation And Amortization In Income Statement": NaN,
        "Selling General And Administration": NaN,
        "Selling And Marketing Expense": NaN,
        "General And Administrative Expense": 806200000.0,
        "Other Gand A": 806500000.0,
        "Salaries And Wages": -300000.0,
        "Gross Profit": NaN,
        "Cost Of Revenue": NaN,
        "Total Revenue": NaN,
        "Operating Revenue": NaN
    },
    "2022-12-31": {
        "Tax Effect Of Unusual Items": 0.0,
        "Tax Rate For Calcs": 0.245629,
        "Normalized EBITDA": 428207000.0,
        "Total Unusual Items": NaN,
        "Total Unusual Items Excluding Goodwill": NaN,
        "Net Income From Continuing Operation Net Minority Interest": 218920000.0,
        "Reconciled Depreciation": 43445000.0,
        "Reconciled Cost Of Revenue": 4340233000.0,
        "EBITDA": 428207000.0,
        "EBIT": 384762000.0,
        "Net Interest Income": -87265000.0,
        "Interest Expense": NaN,
        "Normalized Income": 218920000.0,
        "Net Income From Continuing And Discontinued Operation": 218920000.0,
        "Total Expenses": 5176739000.0,
        "Total Operating Income As Reported": 381755000.0,
        "Diluted Average Shares": 52404000.0,
        "Basic Average Shares": 50759482.0,
        "Diluted EPS": 3.9,
        "Basic EPS": 4.030144,
        "Diluted NI Availto Com Stockholders": 204568000.0,
        "Net Income Common Stockholders": 204568000.0,
        "Preferred Stock Dividends": 14352000.0,
        "Net Income": 218920000.0,
        "Minority Interests": -212000.0,
        "Net Income Including Noncontrolling Interests": 219132000.0,
        "Net Income Continuous Operations": 219132000.0,
        "Tax Provision": 71351000.0,
        "Pretax Income": 290483000.0,
        "Other Income Expense": -4007000.0,
        "Other Non Operating Income Expenses": -4007000.0,
        "Special Income Charges": NaN,
        "Restructuring And Mergern Acquisition": NaN,
        "Gain On Sale Of Security": NaN,
        "Net Non Operating Interest Income Expense": -87265000.0,
        "Interest Expense Non Operating": NaN,
        "Operating Income": 381755000.0,
        "Operating Expense": 836506000.0,
        "Depreciation Amortization Depletion Income Statement": 43445000.0,
        "Depreciation And Amortization In Income Statement": 43445000.0,
        "Selling General And Administration": 793061000.0,
        "Selling And Marketing Expense": NaN,
        "General And Administrative Expense": NaN,
        "Salaries And Wages": NaN,
        "Gross Profit": 1218261000.0,
        "Cost Of Revenue": 4340233000.0,
        "Total Revenue": 5558494000.0,
        "Operating Revenue": 5558494000.0
    },
    "2022-09-30": {
        "Tax Effect Of Unusual Items": NaN,
        "Tax Rate For Calcs": NaN,
        "Normalized EBITDA": NaN,
        "Total Unusual Items": -17600000.0,
        "Total Unusual Items Excluding Goodwill": -17600000.0,
        "Net Income From Continuing Operation Net Minority Interest": NaN,
        "Reconciled Depreciation": NaN,
        "Reconciled Cost Of Revenue": NaN,
        "EBITDA": NaN,
        "EBIT": NaN,
        "Net Interest Income": NaN,
        "Interest Expense": NaN,
        "Normalized Income": NaN,
        "Net Income From Continuing And Discontinued Operation": NaN,
        "Total Expenses": NaN,
        "Total Operating Income As Reported": NaN,
        "Diluted Average Shares": NaN,
        "Basic Average Shares": NaN,
        "Diluted EPS": NaN,
        "Basic EPS": NaN,
        "Diluted NI Availto Com Stockholders": NaN,
        "Net Income Common Stockholders": NaN,
        "Preferred Stock Dividends": NaN,
        "Net Income": NaN,
        "Minority Interests": NaN,
        "Net Income Including Noncontrolling Interests": NaN,
        "Net Income Continuous Operations": NaN,
        "Tax Provision": NaN,
        "Pretax Income": NaN,
        "Other Income Expense": NaN,
        "Other Non Operating Income Expenses": NaN,
        "Special Income Charges": -13200000.0,
        "Restructuring And Mergern Acquisition": 13200000.0,
        "Gain On Sale Of Security": -4400000.0,
        "Net Non Operating Interest Income Expense": NaN,
        "Interest Expense Non Operating": NaN,
        "Operating Income": NaN,
        "Operating Expense": NaN,
        "Other Taxes": NaN,
        "Depreciation Amortization Depletion Income Statement": NaN,
        "Depreciation And Amortization In Income Statement": NaN,
        "Selling General And Administration": NaN,
        "Selling And Marketing Expense": 747000000.0,
        "General And Administrative Expense": 750400000.0,
        "Other Gand A": 747000000.0,
        "Salaries And Wages": 3400000.0,
        "Gross Profit": NaN,
        "Cost Of Revenue": NaN,
        "Total Revenue": NaN,
        "Operating Revenue": NaN
    },
    "2022-06-30": {
        "Tax Effect Of Unusual Items": 0.0,
        "Tax Rate For Calcs": 0.265,
        "Normalized EBITDA": 415380000.0,
        "Net Income From Continuing Operation Net Minority Interest": 220706000.0,
        "Reconciled Depreciation": 45866000.0,
        "Reconciled Cost Of Revenue": 4294086000.0,
        "EBITDA": 415380000.0,
        "EBIT": 369514000.0,
        "Net Interest Income": -68478000.0,
        "Interest Expense": 68478000.0,
        "Normalized Income": 220706000.0,
        "Net Income From Continuing And Discontinued Operation": 220706000.0,
        "Total Expenses": 5112816000.0,
        "Total Operating Income As Reported": 370709000.0,
        "Diluted Average Shares": 52200000.0,
        "Basic Average Shares": 50700000.0,
        "Diluted EPS": 3.95,
        "Basic EPS": 4.07,
        "Diluted NI Availto Com Stockholders": 206354000.0,
        "Net Income Common Stockholders": 206354000.0,
        "Preferred Stock Dividends": 14352000.0,
        "Net Income": 220706000.0,
        "Minority Interests": -443000.0,
        "Net Income Including Noncontrolling Interests": 221149000.0,
        "Net Income Continuous Operations": 221149000.0,
        "Tax Provision": 79887000.0,
        "Pretax Income": 301036000.0,
        "Other Income Expense": -1195000.0,
        "Other Non Operating Income Expenses": -1195000.0,
        "Net Non Operating Interest Income Expense": -68478000.0,
        "Interest Expense Non Operating": 68478000.0,
        "Operating Income": 370709000.0,
        "Operating Expense": 818730000.0,
        "Depreciation Amortization Depletion Income Statement": 45866000.0,
        "Depreciation And Amortization In Income Statement": 45866000.0,
        "Selling General And Administration": 772864000.0,
        "Gross Profit": 1189439000.0,
        "Cost Of Revenue": 4294086000.0,
        "Total Revenue": 5483525000.0,
        "Operating Revenue": 5483525000.0
    },
    "2023-06-30": {
        "Tax Effect Of Unusual Items": 0.0,
        "Tax Rate For Calcs": 0.272,
        "Normalized EBITDA": 409900000.0,
        "Total Unusual Items": NaN,
        "Total Unusual Items Excluding Goodwill": NaN,
        "Net Income From Continuing Operation Net Minority Interest": 193100000.0,
        "Reconciled Depreciation": 46900000.0,
        "Reconciled Cost Of Revenue": 4503100000.0,
        "EBITDA": 409900000.0,
        "EBIT": 363000000.0,
        "Net Interest Income": -98800000.0,
        "Interest Expense": 98800000.0,
        "Normalized Income": 193100000.0,
        "Net Income From Continuing And Discontinued Operation": 193100000.0,
        "Total Expenses": 5381700000.0,
        "Total Operating Income As Reported": 363800000.0,
        "Diluted Average Shares": 52400000.0,
        "Basic Average Shares": 51293059.0,
        "Diluted EPS": 3.41,
        "Basic EPS": 3.483902,
        "Diluted NI Availto Com Stockholders": 178700000.0,
        "Net Income Common Stockholders": 178700000.0,
        "Preferred Stock Dividends": 14400000.0,
        "Net Income": 193100000.0,
        "Minority Interests": 700000.0,
        "Net Income Including Noncontrolling Interests": 192400000.0,
        "Net Income Continuous Operations": 192400000.0,
        "Tax Provision": 71800000.0,
        "Pretax Income": 264200000.0,
        "Other Income Expense": -800000.0,
        "Other Non Operating Income Expenses": -800000.0,
        "Special Income Charges": NaN,
        "Gain On Sale Of Ppe": NaN,
        "Gain On Sale Of Business": NaN,
        "Restructuring And Mergern Acquisition": NaN,
        "Gain On Sale Of Security": NaN,
        "Net Non Operating Interest Income Expense": -98800000.0,
        "Interest Expense Non Operating": 98800000.0,
        "Operating Income": 363800000.0,
        "Operating Expense": 878600000.0,
        "Other Taxes": NaN,
        "Depreciation Amortization Depletion Income Statement": 46900000.0,
        "Depreciation And Amortization In Income Statement": 46900000.0,
        "Selling General And Administration": 831700000.0,
        "Selling And Marketing Expense": NaN,
        "General And Administrative Expense": NaN,
        "Other Gand A": NaN,
        "Salaries And Wages": NaN,
        "Gross Profit": 1242400000.0,
        "Cost Of Revenue": 4503100000.0,
        "Total Revenue": 5745500000.0,
        "Operating Revenue": 5745500000.0
    },
    "2022-03-31": {
        "Diluted EPS": 3.19,
        "Total Revenue": NaN,
        "Gross Profit": NaN,
        "Operating Income": 284,
        "EBIT": 336,
        "Net Income": 167
    },
    "2021-12-31": {
        "Diluted EPS": 2.93,
        "Total Revenue": NaN,
        "Gross Profit": NaN,
        "Operating Income": 220,
        "EBIT": 278,
        "Net Income": 153
    },
    "2021-09-30": {
        "Diluted EPS": 2.02,
        "Total Revenue": NaN,
        "Gross Profit": NaN,
        "Operating Income": 229,
        "EBIT": 292,
        "Net Income": 105
    },
    "2021-06-30": {
        "Diluted EPS": 2.02,
        "Total Revenue": NaN,
        "Gross Profit": 965,
        "Operating Income": 219,
        "EBIT": 270,
        "Net Income": 105
    },
    "2021-03-31": {
        "Diluted EPS": 0.87,
        "Total Revenue": NaN,
        "Gross Profit": 811,
        "Operating Income": 133,
        "EBIT": 180,
        "Net Income": 45
    },
    "2020-12-31": {
        "Diluted EPS": 0.22,
        "Total Revenue": NaN,
        "Gross Profit": 772,
        "Operating Income": 93,
        "EBIT": 138,
        "Net Income": 6
    },
    "2020-09-30": {
        "Diluted EPS": 1.31,
        "Total Revenue": NaN,
        "Gross Profit": 786,
        "Operating Income": 178,
        "EBIT": 228,
        "Net Income": 66
    },
    "2020-06-30": {
        "Diluted EPS": -0.84,
        "Total Revenue": NaN,
        "Gross Profit": 394,
        "Operating Income": 15,
        "EBIT": 36,
        "Net Income": -36
    },
    "2020-03-31": {
        "Diluted EPS": 0.82,
        "Total Revenue": NaN,
        "Gross Profit": 376,
        "Operating Income": 61,
        "EBIT": 77,
        "Net Income": 34
    },
    "2019-12-31": {
        "Diluted EPS": 1.24,
        "Total Revenue": NaN,
        "Gross Profit": 390,
        "Operating Income": 84,
        "EBIT": 103,
        "Net Income": 53
    },
    "2019-09-30": {
        "Diluted EPS": 1.52,
        "Total Revenue": NaN,
        "Gross Profit": 400,
        "Operating Income": 94,
        "EBIT": 109,
        "Net Income": 64
    },
    "2019-06-30": {
        "Diluted EPS": 1.45,
        "Total Revenue": NaN,
        "Gross Profit": 409,
        "Operating Income": 98,
        "EBIT": 113,
        "Net Income": 63
    },
    "2019-03-31": {
        "Diluted EPS": 0.93,
        "Total Revenue": NaN,
        "Gross Profit": 382,
        "Operating Income": 71,
        "EBIT": 86,
        "Net Income": 42
    },
    "2018-12-31": {
        "Diluted EPS": 1.26,
        "Total Revenue": NaN,
        "Gross Profit": 390,
        "Operating Income": 90,
        "EBIT": 106,
        "Net Income": 58
    },
    "2018-09-30": {
        "Diluted EPS": 1.41,
        "Total Revenue": NaN,
        "Gross Profit": 397,
        "Operating Income": 98,
        "EBIT": 113,
        "Net Income": 67
    },
    "2018-06-30": {
        "Diluted EPS": 1.22,
        "Total Revenue": NaN,
        "Gross Profit": 400,
        "Operating Income": 91,
        "EBIT": 107,
        "Net Income": 58
    },
    "2018-03-31": {
        "Diluted EPS": 0.93,
        "Total Revenue": NaN,
        "Gross Profit": 380,
        "Operating Income": 73,
        "EBIT": 89,
        "Net Income": 44
    },
    "2017-12-31": {
        "Diluted EPS": 0.48,
        "Total Revenue": NaN,
        "Gross Profit": 383,
        "Operating Income": 81,
        "EBIT": 97,
        "Net Income": 23
    },
    "2017-09-30": {
        "Diluted EPS": 1.12,
        "Total Revenue": NaN,
        "Gross Profit": 385,
        "Operating Income": 89,
        "EBIT": 105,
        "Net Income": 54
    },
    "2017-06-30": {
        "Diluted EPS": 1.02,
        "Total Revenue": NaN,
        "Gross Profit": 366,
        "Operating Income": 83,
        "EBIT": 98,
        "Net Income": 50
    },
    "2017-03-31": {
        "Diluted EPS": 0.76,
        "Total Revenue": NaN,
        "Gross Profit": 350,
        "Operating Income": 67,
        "EBIT": 83,
        "Net Income": 38
    },
    "2016-12-31": {
        "Diluted EPS": 1.04,
        "Total Revenue": NaN,
        "Gross Profit": 349,
        "Operating Income": 80,
        "EBIT": 104,
        "Net Income": 47
    },
    "2016-09-30": {
        "Diluted EPS": -0.73,
        "Total Revenue": NaN,
        "Gross Profit": 365,
        "Operating Income": 93,
        "EBIT": 109,
        "Net Income": -32
    },
    "2016-06-30": {
        "Diluted EPS": 1.02,
        "Total Revenue": NaN,
        "Gross Profit": 379,
        "Operating Income": 88,
        "EBIT": 105,
        "Net Income": 50
    },
    "2016-03-31": {
        "Diluted EPS": 0.77,
        "Total Revenue": NaN,
        "Gross Profit": 355,
        "Operating Income": 70,
        "EBIT": 86,
        "Net Income": 36
    },
    "2015-12-31": {
        "Diluted EPS": 1.0,
        "Total Revenue": NaN,
        "Gross Profit": 364,
        "Operating Income": 90,
        "EBIT": 119,
        "Net Income": 48
    },
    "2015-09-30": {
        "Diluted EPS": 1.28,
        "Total Revenue": NaN,
        "Gross Profit": 381,
        "Operating Income": 106,
        "EBIT": 123,
        "Net Income": 64
    },
    "2015-06-30": {
        "Diluted EPS": 1.0,
        "Total Revenue": NaN,
        "Gross Profit": 382,
        "Operating Income": 90,
        "EBIT": 106,
        "Net Income": 52
    },
    "2015-03-31": {
        "Diluted EPS": 0.9,
        "Total Revenue": NaN,
        "Gross Profit": 368,
        "Operating Income": 87,
        "EBIT": 103,
        "Net Income": 47
    },
    "2014-12-31": {
        "Diluted EPS": 1.4,
        "Total Revenue": NaN,
        "Gross Profit": 402,
        "Operating Income": 124,
        "EBIT": 150,
        "Net Income": 74
    },
    "2014-09-30": {
        "Diluted EPS": 1.52,
        "Total Revenue": NaN,
        "Gross Profit": 422,
        "Operating Income": 133,
        "EBIT": 151,
        "Net Income": 81
    },
    "2014-06-30": {
        "Diluted EPS": 1.29,
        "Total Revenue": NaN,
        "Gross Profit": 412,
        "Operating Income": 116,
        "EBIT": 133,
        "Net Income": 69
    },
    "2014-03-31": {
        "Diluted EPS": 0.97,
        "Total Revenue": NaN,
        "Gross Profit": 375,
        "Operating Income": 93,
        "EBIT": 109,
        "Net Income": 52
    },
    "2013-12-31": {
        "Diluted EPS": 1.08,
        "Total Revenue": NaN,
        "Gross Profit": 376,
        "Operating Income": 111,
        "EBIT": 137,
        "Net Income": 58
    },
    "2013-09-30": {
        "Diluted EPS": 1.32,
        "Total Revenue": NaN,
        "Gross Profit": 396,
        "Operating Income": 124,
        "EBIT": 140,
        "Net Income": 69
    },
    "2013-06-30": {
        "Diluted EPS": 1.25,
        "Total Revenue": NaN,
        "Gross Profit": 393,
        "Operating Income": 110,
        "EBIT": 127,
        "Net Income": 65
    },
    "2013-03-31": {
        "Diluted EPS": 1.6,
        "Total Revenue": NaN,
        "Gross Profit": 381,
        "Operating Income": 137,
        "EBIT": 154,
        "Net Income": 84
    },
    "2012-12-31": {
        "Diluted EPS": 0.52,
        "Total Revenue": NaN,
        "Gross Profit": 337,
        "Operating Income": 50,
        "EBIT": 66,
        "Net Income": 27
    },
    "2012-09-30": {
        "Diluted EPS": 1.25,
        "Total Revenue": NaN,
        "Gross Profit": 339,
        "Operating Income": 103,
        "EBIT": 113,
        "Net Income": 63
    },
    "2012-06-30": {
        "Diluted EPS": 1.15,
        "Total Revenue": NaN,
        "Gross Profit": 336,
        "Operating Income": 96,
        "EBIT": 104,
        "Net Income": 59
    },
    "2012-03-31": {
        "Diluted EPS": 1.03,
        "Total Revenue": NaN,
        "Gross Profit": 320,
        "Operating Income": 84,
        "EBIT": 92,
        "Net Income": 53
    },
    "2011-12-31": {
        "Diluted EPS": 1.11,
        "Total Revenue": NaN,
        "Gross Profit": 328,
        "Operating Income": 91,
        "EBIT": 101,
        "Net Income": 55
    },
    "2011-09-30": {
        "Diluted EPS": 1.11,
        "Total Revenue": NaN,
        "Gross Profit": 316,
        "Operating Income": 92,
        "EBIT": 103,
        "Net Income": 54
    },
    "2011-06-30": {
        "Diluted EPS": 1.0,
        "Total Revenue": NaN,
        "Gross Profit": 307,
        "Operating Income": 85,
        "EBIT": 94,
        "Net Income": 50
    },
    "2011-03-31": {
        "Diluted EPS": 0.74,
        "Total Revenue": NaN,
        "Gross Profit": 286,
        "Operating Income": 65,
        "EBIT": 74,
        "Net Income": 37
    },
    "2010-12-31": {
        "Diluted EPS": 0.72,
        "Total Revenue": NaN,
        "Gross Profit": 270,
        "Operating Income": 60,
        "EBIT": 67,
        "Net Income": 35
    },
    "2010-09-30": {
        "Diluted EPS": 0.74,
        "Total Revenue": NaN,
        "Gross Profit": 258,
        "Operating Income": 61,
        "EBIT": 69,
        "Net Income": 34
    },
    "2010-06-30": {
        "Diluted EPS": 0.6,
        "Total Revenue": NaN,
        "Gross Profit": 243,
        "Operating Income": 51,
        "EBIT": 59,
        "Net Income": 28
    },
    "2010-03-31": {
        "Diluted EPS": 0.44,
        "Total Revenue": NaN,
        "Gross Profit": 227,
        "Operating Income": 38,
        "EBIT": 46,
        "Net Income": 19
    },
    "2009-12-31": {
        "Diluted EPS": 0.5,
        "Total Revenue": NaN,
        "Gross Profit": 217,
        "Operating Income": 43,
        "EBIT": 51,
        "Net Income": 22
    },
    "2009-09-30": {
        "Diluted EPS": 0.79,
        "Total Revenue": NaN,
        "Gross Profit": 221,
        "Operating Income": 46,
        "EBIT": 56,
        "Net Income": 34
    },
    "2009-06-30": {
        "Diluted EPS": 0.62,
        "Total Revenue": NaN,
        "Gross Profit": 224,
        "Operating Income": 48,
        "EBIT": 59,
        "Net Income": 26
    },
    "2009-03-31": {
        "Diluted EPS": 0.55,
        "Total Revenue": NaN,
        "Gross Profit": 238,
        "Operating Income": 44,
        "EBIT": 55,
        "Net Income": 23
    },
    "2023-09-30": {
        "Tax Effect Of Unusual Items": NaN,
        "Tax Rate For Calcs": NaN,
        "Normalized EBITDA": NaN,
        "Total Unusual Items": -22000000.0,
        "Total Unusual Items Excluding Goodwill": -22000000.0,
        "Net Income From Continuing Operation Net Minority Interest": NaN,
        "Reconciled Depreciation": NaN,
        "Reconciled Cost Of Revenue": NaN,
        "EBITDA": NaN,
        "EBIT": NaN,
        "Net Interest Income": NaN,
        "Interest Expense": NaN,
        "Normalized Income": NaN,
        "Net Income From Continuing And Discontinued Operation": NaN,
        "Total Expenses": NaN,
        "Total Operating Income As Reported": NaN,
        "Diluted Average Shares": NaN,
        "Basic Average Shares": NaN,
        "Diluted EPS": NaN,
        "Basic EPS": NaN,
        "Diluted NI Availto Com Stockholders": NaN,
        "Net Income Common Stockholders": NaN,
        "Preferred Stock Dividends": NaN,
        "Net Income": NaN,
        "Minority Interests": NaN,
        "Net Income Including Noncontrolling Interests": NaN,
        "Net Income Continuous Operations": NaN,
        "Tax Provision": NaN,
        "Pretax Income": NaN,
        "Other Income Expense": NaN,
        "Other Non Operating Income Expenses": NaN,
        "Special Income Charges": -20600000.0,
        "Gain On Sale Of Ppe": NaN,
        "Gain On Sale Of Business": NaN,
        "Other Special Charges": NaN,
        "Restructuring And Mergern Acquisition": 20600000.0,
        "Gain On Sale Of Security": -1400000.0,
        "Net Non Operating Interest Income Expense": NaN,
        "Interest Expense Non Operating": NaN,
        "Operating Income": NaN,
        "Operating Expense": NaN,
        "Other Taxes": NaN,
        "Depreciation Amortization Depletion Income Statement": NaN,
        "Depreciation And Amortization In Income Statement": NaN,
        "Selling General And Administration": NaN,
        "Selling And Marketing Expense": 775800000.0,
        "General And Administrative Expense": 776000000.0,
        "Other Gand A": 775800000.0,
        "Salaries And Wages": 200000.0,
        "Gross Profit": NaN,
        "Cost Of Revenue": NaN,
        "Total Revenue": NaN,
        "Operating Revenue": NaN
    },
    "2023-12-31": {
        "Tax Effect Of Unusual Items": 0.0,
        "Tax Rate For Calcs": 0.315562,
        "Normalized EBITDA": 350100000.0,
        "Total Unusual Items": NaN,
        "Total Unusual Items Excluding Goodwill": NaN,
        "Net Income From Continuing Operation Net Minority Interest": 141900000.0,
        "Reconciled Depreciation": 44900000.0,
        "Reconciled Cost Of Revenue": 4302600000.0,
        "EBITDA": 350100000.0,
        "EBIT": 305200000.0,
        "Net Interest Income": -97000000.0,
        "Interest Expense": 97000000.0,
        "Normalized Income": 141900000.0,
        "Net Income From Continuing And Discontinued Operation": 141900000.0,
        "Total Expenses": 5218500000.0,
        "Total Operating Income As Reported": 315700000.0,
        "Diluted Average Shares": 52000000.0,
        "Basic Average Shares": 50897122.0,
        "Diluted EPS": 2.45,
        "Basic EPS": 2.507018,
        "Diluted NI Availto Com Stockholders": 127600000.0,
        "Net Income Common Stockholders": 127600000.0,
        "Preferred Stock Dividends": 14300000.0,
        "Net Income": 141900000.0,
        "Minority Interests": -600000.0,
        "Net Income Including Noncontrolling Interests": 142500000.0,
        "Net Income Continuous Operations": 142500000.0,
        "Tax Provision": 65700000.0,
        "Pretax Income": 208200000.0,
        "Other Income Expense": 50300000.0,
        "Other Non Operating Income Expenses": -26000000.0,
        "Special Income Charges": NaN,
        "Gain On Sale Of Ppe": NaN,
        "Gain On Sale Of Business": NaN,
        "Other Special Charges": NaN,
        "Restructuring And Mergern Acquisition": NaN,
        "Gain On Sale Of Security": NaN,
        "Net Non Operating Interest Income Expense": -97000000.0,
        "Interest Expense Non Operating": 97000000.0,
        "Operating Income": 254900000.0,
        "Operating Expense": 915900000.0,
        "Other Taxes": NaN,
        "Depreciation Amortization Depletion Income Statement": 44900000.0,
        "Depreciation And Amortization In Income Statement": 44900000.0,
        "Selling General And Administration": 871000000.0,
        "Selling And Marketing Expense": NaN,
        "General And Administrative Expense": NaN,
        "Other Gand A": NaN,
        "Salaries And Wages": NaN,
        "Gross Profit": 1170800000.0,
        "Cost Of Revenue": 4302600000.0,
        "Total Revenue": 5473400000.0,
        "Operating Revenue": 5473400000.0
    },
    "2024-03-31": {
        "Tax Effect Of Unusual Items": NaN,
        "Tax Rate For Calcs": NaN,
        "Normalized EBITDA": NaN,
        "Total Unusual Items": -8000000.0,
        "Total Unusual Items Excluding Goodwill": -8000000.0,
        "Net Income From Continuing Operation Net Minority Interest": NaN,
        "Reconciled Depreciation": NaN,
        "Reconciled Cost Of Revenue": NaN,
        "EBITDA": NaN,
        "EBIT": NaN,
        "Net Interest Income": NaN,
        "Interest Expense": NaN,
        "Normalized Income": NaN,
        "Net Income From Continuing And Discontinued Operation": NaN,
        "Total Expenses": NaN,
        "Total Operating Income As Reported": NaN,
        "Diluted Average Shares": NaN,
        "Basic Average Shares": NaN,
        "Diluted EPS": NaN,
        "Basic EPS": NaN,
        "Diluted NI Availto Com Stockholders": NaN,
        "Net Income Common Stockholders": NaN,
        "Otherunder Preferred Stock Dividend": NaN,
        "Preferred Stock Dividends": NaN,
        "Net Income": NaN,
        "Minority Interests": NaN,
        "Net Income Including Noncontrolling Interests": NaN,
        "Net Income Continuous Operations": NaN,
        "Tax Provision": NaN,
        "Pretax Income": NaN,
        "Other Income Expense": NaN,
        "Other Non Operating Income Expenses": NaN,
        "Special Income Charges": -8000000.0,
        "Gain On Sale Of Ppe": NaN,
        "Gain On Sale Of Business": NaN,
        "Other Special Charges": NaN,
        "Restructuring And Mergern Acquisition": 8000000.0,
        "Gain On Sale Of Security": -17400000.0,
        "Net Non Operating Interest Income Expense": NaN,
        "Interest Expense Non Operating": NaN,
        "Operating Income": NaN,
        "Operating Expense": NaN,
        "Other Taxes": 4800000.0,
        "Depreciation Amortization Depletion Income Statement": NaN,
        "Depreciation And Amortization In Income Statement": NaN,
        "Selling General And Administration": NaN,
        "General And Administrative Expense": 816600000.0,
        "Other Gand A": 816600000.0,
        "Salaries And Wages": 5900000.0,
        "Gross Profit": NaN,
        "Cost Of Revenue": NaN,
        "Total Revenue": NaN,
        "Operating Revenue": NaN
    },
    "2024-06-30": {
        "Tax Effect Of Unusual Items": 0.0,
        "Tax Rate For Calcs": 0.273862,
        "Normalized EBITDA": 465500000.0,
        "Total Unusual Items": 77000000.0,
        "Total Unusual Items Excluding Goodwill": 77000000.0,
        "Net Income From Continuing Operation Net Minority Interest": 232100000.0,
        "Reconciled Depreciation": 46100000.0,
        "Reconciled Cost Of Revenue": 4281700000.0,
        "EBITDA": 465500000.0,
        "EBIT": 419400000.0,
        "Net Interest Income": -98800000.0,
        "Interest Expense": 98800000.0,
        "Normalized Income": 232100000.0,
        "Net Income From Continuing And Discontinued Operation": 232100000.0,
        "Total Expenses": 5156200000.0,
        "Total Operating Income As Reported": 323500000.0,
        "Diluted Average Shares": 50900000.0,
        "Basic Average Shares": 50200000.0,
        "Diluted EPS": 4.28,
        "Basic EPS": 4.34,
        "Diluted NI Availto Com Stockholders": 217700000.0,
        "Net Income Common Stockholders": 217700000.0,
        "Otherunder Preferred Stock Dividend": 0.0,
        "Preferred Stock Dividends": 14400000.0,
        "Net Income": 232100000.0,
        "Minority Interests": -700000.0,
        "Net Income Including Noncontrolling Interests": 232800000.0,
        "Net Income Continuous Operations": 232800000.0,
        "Tax Provision": 87800000.0,
        "Pretax Income": 320600000.0,
        "Other Income Expense": 95900000.0,
        "Other Non Operating Income Expenses": 95900000.0,
        "Special Income Charges": 80400000.0,
        "Gain On Sale Of Ppe": -17800000.0,
        "Gain On Sale Of Business": 102900000.0,
        "Other Special Charges": 3800000.0,
        "Restructuring And Mergern Acquisition": 900000.0,
        "Gain On Sale Of Security": -3400000.0,
        "Net Non Operating Interest Income Expense": -98800000.0,
        "Interest Expense Non Operating": 98800000.0,
        "Operating Income": 323500000.0,
        "Operating Expense": 874500000.0,
        "Other Taxes": NaN,
        "Depreciation Amortization Depletion Income Statement": 46100000.0,
        "Depreciation And Amortization In Income Statement": 46100000.0,
        "Selling General And Administration": 828400000.0,
        "General And Administrative Expense": 809700000.0,
        "Other Gand A": 303100000.0,
        "Salaries And Wages": 506600000.0,
        "Gross Profit": 1198000000.0,
        "Cost Of Revenue": 4281700000.0,
        "Total Revenue": 5479700000.0,
        "Operating Revenue": 5479700000.0
    },
    "2024-09-30": {
        "Tax Effect Of Unusual Items": 5388900.0,
        "Tax Rate For Calcs": 0.253,
        "Normalized EBITDA": 385200000.0,
        "Total Unusual Items": 21300000.0,
        "Total Unusual Items Excluding Goodwill": 21300000.0,
        "Net Income From Continuing Operation Net Minority Interest": 204300000.0,
        "Reconciled Depreciation": 46000000.0,
        "Reconciled Cost Of Revenue": 4276700000.0,
        "EBITDA": 406500000.0,
        "EBIT": 360500000.0,
        "Net Interest Income": -86500000.0,
        "Interest Expense": 86500000.0,
        "Normalized Income": 188388900.0,
        "Net Income From Continuing And Discontinued Operation": 204300000.0,
        "Total Expenses": 5153300000.0,
        "Total Operating Income As Reported": 335600000.0,
        "Diluted Average Shares": 49800000.0,
        "Basic Average Shares": 49100000.0,
        "Diluted EPS": 3.81,
        "Basic EPS": 3.87,
        "Diluted NI Availto Com Stockholders": 189900000.0,
        "Net Income Common Stockholders": 189900000.0,
        "Otherunder Preferred Stock Dividend": NaN,
        "Preferred Stock Dividends": 14400000.0,
        "Net Income": 204300000.0,
        "Minority Interests": -400000.0,
        "Net Income Including Noncontrolling Interests": 204700000.0,
        "Net Income Continuous Operations": 204700000.0,
        "Tax Provision": 69300000.0,
        "Pretax Income": 274000000.0,
        "Other Income Expense": 24400000.0,
        "Other Non Operating Income Expenses": 3100000.0,
        "Special Income Charges": 18800000.0,
        "Gain On Sale Of Ppe": NaN,
        "Gain On Sale Of Business": 19300000.0,
        "Other Special Charges": NaN,
        "Restructuring And Mergern Acquisition": 500000.0,
        "Gain On Sale Of Security": 2500000.0,
        "Net Non Operating Interest Income Expense": -86500000.0,
        "Interest Expense Non Operating": 86500000.0,
        "Operating Income": 336100000.0,
        "Operating Expense": 876600000.0,
        "Other Taxes": NaN,
        "Depreciation Amortization Depletion Income Statement": 46000000.0,
        "Depreciation And Amortization In Income Statement": 46000000.0,
        "Selling General And Administration": 830600000.0,
        "General And Administrative Expense": 830600000.0,
        "Other Gand A": 830600000.0,
        "Salaries And Wages": -200000.0,
        "Gross Profit": 1212700000.0,
        "Cost Of Revenue": 4276700000.0,
        "Total Revenue": 5489400000.0,
        "Operating Revenue": 5489400000.0
    },
    "2024-12-31": {
        "Tax Effect Of Unusual Items": 0.0,
        "Tax Rate For Calcs": 0.207736,
        "Normalized EBITDA": 340100000.0,
        "Total Unusual Items": NaN,
        "Total Unusual Items Excluding Goodwill": NaN,
        "Net Income From Continuing Operation Net Minority Interest": 165400000.0,
        "Reconciled Depreciation": 45600000.0,
        "Reconciled Cost Of Revenue": 4335700000.0,
        "EBITDA": 340100000.0,
        "EBIT": 294500000.0,
        "Net Interest Income": -85100000.0,
        "Interest Expense": 85100000.0,
        "Normalized Income": 165400000.0,
        "Net Income From Continuing And Discontinued Operation": 165400000.0,
        "Total Expenses": 5198600000.0,
        "Total Operating Income As Reported": 301100000.0,
        "Diluted Average Shares": 49800000.0,
        "Basic Average Shares": 48790595.0,
        "Diluted EPS": 3.03,
        "Basic EPS": 3.094859,
        "Diluted NI Availto Com Stockholders": 151100000.0,
        "Net Income Common Stockholders": 151100000.0,
        "Otherunder Preferred Stock Dividend": NaN,
        "Preferred Stock Dividends": 14300000.0,
        "Net Income": 165400000.0,
        "Minority Interests": -500000.0,
        "Net Income Including Noncontrolling Interests": 165900000.0,
        "Net Income Continuous Operations": 165900000.0,
        "Tax Provision": 43500000.0,
        "Pretax Income": 209400000.0,
        "Other Income Expense": -6600000.0,
        "Other Non Operating Income Expenses": -99700000.0,
        "Special Income Charges": NaN,
        "Gain On Sale Of Ppe": NaN,
        "Gain On Sale Of Business": NaN,
        "Other Special Charges": NaN,
        "Restructuring And Mergern Acquisition": NaN,
        "Gain On Sale Of Security": NaN,
        "Net Non Operating Interest Income Expense": -85100000.0,
        "Interest Expense Non Operating": 85100000.0,
        "Operating Income": 301100000.0,
        "Operating Expense": 862900000.0,
        "Other Taxes": NaN,
        "Depreciation Amortization Depletion Income Statement": 45600000.0,
        "Depreciation And Amortization In Income Statement": 45600000.0,
        "Selling General And Administration": 817300000.0,
        "General And Administrative Expense": NaN,
        "Other Gand A": NaN,
        "Salaries And Wages": NaN,
        "Gross Profit": 1164000000.0,
        "Cost Of Revenue": 4335700000.0,
        "Total Revenue": 5499700000.0,
        "Operating Revenue": 5499700000.0
    },
    "2025-03-31": {
        "Tax Effect Of Unusual Items": -327600.0,
        "Tax Rate For Calcs": 0.234,
        "Normalized EBITDA": 290500000.0,
        "Total Unusual Items": -1400000.0,
        "Total Unusual Items Excluding Goodwill": -1400000.0,
        "Net Income From Continuing Operation Net Minority Interest": 118400000.0,
        "Reconciled Depreciation": 48400000.0,
        "Reconciled Cost Of Revenue": 4218100000.0,
        "EBITDA": 289100000.0,
        "EBIT": 240700000.0,
        "Net Interest Income": -86300000.0,
        "Interest Expense": 86300000.0,
        "Normalized Income": 119472400.0,
        "Net Income From Continuing And Discontinued Operation": 118400000.0,
        "Total Expenses": 5101700000.0,
        "Total Operating Income As Reported": 240900000.0,
        "Diluted Average Shares": 49600000.0,
        "Basic Average Shares": 48800000.0,
        "Diluted EPS": 2.1,
        "Basic EPS": 2.13,
        "Diluted NI Availto Com Stockholders": 104000000.0,
        "Net Income Common Stockholders": 104000000.0,
        "Otherunder Preferred Stock Dividend": NaN,
        "Preferred Stock Dividends": 14400000.0,
        "Net Income": 118400000.0,
        "Minority Interests": 100000.0,
        "Net Income Including Noncontrolling Interests": 118300000.0,
        "Net Income Continuous Operations": 118300000.0,
        "Tax Provision": 36100000.0,
        "Pretax Income": 154400000.0,
        "Other Income Expense": -1300000.0,
        "Other Non Operating Income Expenses": 100000.0,
        "Special Income Charges": -1400000.0,
        "Gain On Sale Of Ppe": NaN,
        "Gain On Sale Of Business": NaN,
        "Other Special Charges": 300000.0,
        "Restructuring And Mergern Acquisition": 1100000.0,
        "Gain On Sale Of Security": NaN,
        "Net Non Operating Interest Income Expense": -86300000.0,
        "Interest Expense Non Operating": 86300000.0,
        "Operating Income": 242000000.0,
        "Operating Expense": 883600000.0,
        "Other Taxes": 0.0,
        "Depreciation Amortization Depletion Income Statement": 48400000.0,
        "Depreciation And Amortization In Income Statement": 48400000.0,
        "Selling General And Administration": 835200000.0,
        "General And Administrative Expense": 835200000.0,
        "Other Gand A": 835200000.0,
        "Salaries And Wages": NaN,
        "Gross Profit": 1125600000.0,
        "Cost Of Revenue": 4218100000.0,
        "Total Revenue": 5343700000.0,
        "Operating Revenue": 5343700000.0
    },
    "2025-06-30": {
        "Tax Effect Of Unusual Items": 0.0,
        "Tax Rate For Calcs": 0.2612,
        "Normalized EBITDA": 377800000.0,
        "Total Unusual Items": NaN,
        "Total Unusual Items Excluding Goodwill": NaN,
        "Net Income From Continuing Operation Net Minority Interest": 174500000.0,
        "Reconciled Depreciation": 48300000.0,
        "Reconciled Cost Of Revenue": 4656900000.0,
        "EBITDA": 377800000.0,
        "EBIT": 329500000.0,
        "Net Interest Income": -92900000.0,
        "Interest Expense": 92900000.0,
        "Normalized Income": 174500000.0,
        "Net Income From Continuing And Discontinued Operation": 174500000.0,
        "Total Expenses": 5577400000.0,
        "Total Operating Income As Reported": 322200000.0,
        "Diluted Average Shares": 49400000.0,
        "Basic Average Shares": 48800000.0,
        "Diluted EPS": 3.83,
        "Basic EPS": 3.88,
        "Diluted NI Availto Com Stockholders": 189200000.0,
        "Net Income Common Stockholders": 189200000.0,
        "Otherunder Preferred Stock Dividend": -27600000.0,
        "Preferred Stock Dividends": 12900000.0,
        "Net Income": 174500000.0,
        "Minority Interests": -300000.0,
        "Net Income Including Noncontrolling Interests": 174800000.0,
        "Net Income Continuous Operations": 174800000.0,
        "Tax Provision": 61800000.0,
        "Pretax Income": 236600000.0,
        "Other Income Expense": 7300000.0,
        "Other Non Operating Income Expenses": 7300000.0,
        "Special Income Charges": NaN,
        "Gain On Sale Of Ppe": NaN,
        "Gain On Sale Of Business": NaN,
        "Other Special Charges": NaN,
        "Restructuring And Mergern Acquisition": NaN,
        "Gain On Sale Of Security": NaN,
        "Net Non Operating Interest Income Expense": -92900000.0,
        "Interest Expense Non Operating": 92900000.0,
        "Operating Income": 322200000.0,
        "Operating Expense": 920500000.0,
        "Other Taxes": NaN,
        "Depreciation Amortization Depletion Income Statement": 48300000.0,
        "Depreciation And Amortization In Income Statement": 48300000.0,
        "Selling General And Administration": 872200000.0,
        "General And Administrative Expense": NaN,
        "Other Gand A": NaN,
        "Salaries And Wages": NaN,
        "Gross Profit": 1242700000.0,
        "Cost Of Revenue": 4656900000.0,
        "Total Revenue": 5899600000.0,
        "Operating Revenue": 5899600000.0
    }
}