{
    "2023-03-31": {
        "Tax Effect Of Unusual Items": NaN,
        "Tax Rate For Calcs": NaN,
        "Normalized EBITDA": NaN,
        "Net Income From Continuing Operation Net Minority Interest": NaN,
        "Reconciled Depreciation": NaN,
        "Reconciled Cost Of Revenue": NaN,
        "EBITDA": NaN,
        "EBIT": NaN,
        "Net Interest Income": NaN,
        "Interest Expense": NaN,
        "Normalized Income": NaN,
        "Net Income From Continuing And Discontinued Operation": NaN,
        "Total Expenses": NaN,
        "Total Operating Income As Reported": NaN,
        "Diluted Average Shares": 315900000.0,
        "Basic Average Shares": 315400000.0,
        "Diluted EPS": 1.61,
        "Basic EPS": 1.61,
        "Diluted NI Availto Com Stockholders": NaN,
        "Net Income Common Stockholders": NaN,
        "Preferred Stock Dividends": NaN,
        "Net Income": NaN,
        "Minority Interests": NaN,
        "Net Income Including Noncontrolling Interests": NaN,
        "Net Income Continuous Operations": NaN,
        "Tax Provision": NaN,
        "Pretax Income": NaN,
        "Other Income Expense": NaN,
        "Other Non Operating Income Expenses": NaN,
        "Earnings From Equity Interest": NaN,
        "Net Non Operating Interest Income Expense": NaN,
        "Interest Expense Non Operating": NaN,
        "Operating Income": NaN,
        "Operating Expense": NaN,
        "Other Taxes": NaN,
        "Depreciation Amortization Depletion Income Statement": NaN,
        "Depreciation And Amortization In Income Statement": NaN,
        "Gross Profit": NaN,
        "Cost Of Revenue": NaN,
        "Total Revenue": NaN,
        "Operating Revenue": NaN
    },
    "2022-12-31": {
        "Tax Effect Of Unusual Items": 0.0,
        "Tax Rate For Calcs": 0.189589,
        "Normalized EBITDA": 746000000.0,
        "Net Income From Continuing Operation Net Minority Interest": 253000000.0,
        "Reconciled Depreciation": 284600000.0,
        "Reconciled Cost Of Revenue": 1815700000.0,
        "EBITDA": 746000000.0,
        "EBIT": 461400000.0,
        "Net Interest Income": -150200000.0,
        "Interest Expense": 150200000.0,
        "Normalized Income": 253000000.0,
        "Net Income From Continuing And Discontinued Operation": 253000000.0,
        "Total Expenses": 2178000000.0,
        "Total Operating Income As Reported": 380400000.0,
        "Diluted Average Shares": 315900000.0,
        "Basic Average Shares": 315400000.0,
        "Diluted EPS": 0.8,
        "Basic EPS": 0.8,
        "Diluted NI Availto Com Stockholders": 252700000.0,
        "Net Income Common Stockholders": 252700000.0,
        "Preferred Stock Dividends": 300000.0,
        "Net Income": 253000000.0,
        "Minority Interests": 800000.0,
        "Net Income Including Noncontrolling Interests": 252200000.0,
        "Net Income Continuous Operations": 252200000.0,
        "Tax Provision": 59000000.0,
        "Pretax Income": 311200000.0,
        "Other Income Expense": 81000000.0,
        "Other Non Operating Income Expenses": 8600000.0,
        "Earnings From Equity Interest": 55600000.0,
        "Net Non Operating Interest Income Expense": -150200000.0,
        "Interest Expense Non Operating": 150200000.0,
        "Operating Income": 380400000.0,
        "Operating Expense": 362300000.0,
        "Other Taxes": 77700000.0,
        "Depreciation Amortization Depletion Income Statement": 284600000.0,
        "Depreciation And Amortization In Income Statement": 284600000.0,
        "Gross Profit": 742700000.0,
        "Cost Of Revenue": 1815700000.0,
        "Total Revenue": 2558400000.0,
        "Operating Revenue": 2556200000.0
    },
    "2022-09-30": {
        "Tax Effect Of Unusual Items": 0.0,
        "Tax Rate For Calcs": 0.195681,
        "Normalized EBITDA": 782900000.0,
        "Total Unusual Items": NaN,
        "Total Unusual Items Excluding Goodwill": NaN,
        "Net Income From Continuing Operation Net Minority Interest": 302300000.0,
        "Reconciled Depreciation": 280300000.0,
        "Reconciled Cost Of Revenue": 1259400000.0,
        "EBITDA": 782900000.0,
        "EBIT": 502600000.0,
        "Net Interest Income": -127500000.0,
        "Interest Expense": 127500000.0,
        "Normalized Income": 302300000.0,
        "Net Income From Continuing And Discontinued Operation": 302300000.0,
        "Total Expenses": 1598800000.0,
        "Total Operating Income As Reported": 404200000.0,
        "Diluted Average Shares": 316200000.0,
        "Basic Average Shares": 315400000.0,
        "Diluted EPS": 0.96,
        "Basic EPS": 0.96,
        "Diluted NI Availto Com Stockholders": 302000000.0,
        "Net Income Common Stockholders": 302000000.0,
        "Preferred Stock Dividends": 300000.0,
        "Net Income": 302300000.0,
        "Minority Interests": 600000.0,
        "Net Income Including Noncontrolling Interests": 301700000.0,
        "Net Income Continuous Operations": 301700000.0,
        "Tax Provision": 73400000.0,
        "Pretax Income": 375100000.0,
        "Other Income Expense": 98400000.0,
        "Other Non Operating Income Expenses": 34700000.0,
        "Special Income Charges": NaN,
        "Earnings From Equity Interest": 63700000.0,
        "Net Non Operating Interest Income Expense": -127500000.0,
        "Interest Expense Non Operating": 127500000.0,
        "Operating Income": 404200000.0,
        "Operating Expense": 339400000.0,
        "Other Taxes": 59100000.0,
        "Depreciation Amortization Depletion Income Statement": 280300000.0,
        "Depreciation And Amortization In Income Statement": 280300000.0,
        "Gross Profit": 743600000.0,
        "Cost Of Revenue": 1259400000.0,
        "Total Revenue": 2003000000.0,
        "Operating Revenue": 2003000000.0
    },
    "2022-06-30": {
        "Tax Effect Of Unusual Items": 0.0,
        "Tax Rate For Calcs": 0.180524,
        "Normalized EBITDA": 750600000.0,
        "Total Unusual Items": NaN,
        "Total Unusual Items Excluding Goodwill": NaN,
        "Net Income From Continuing Operation Net Minority Interest": 287800000.0,
        "Reconciled Depreciation": 279600000.0,
        "Reconciled Cost Of Revenue": 1384000000.0,
        "EBITDA": 750600000.0,
        "EBIT": 471000000.0,
        "Net Interest Income": -119800000.0,
        "Interest Expense": 119800000.0,
        "Normalized Income": 287800000.0,
        "Net Income From Continuing And Discontinued Operation": 287800000.0,
        "Total Expenses": 1719700000.0,
        "Total Operating Income As Reported": 408200000.0,
        "Diluted Average Shares": 316200000.0,
        "Basic Average Shares": 315400000.0,
        "Diluted EPS": 0.91,
        "Basic EPS": 0.91,
        "Diluted NI Availto Com Stockholders": 287500000.0,
        "Net Income Common Stockholders": 287500000.0,
        "Preferred Stock Dividends": 300000.0,
        "Net Income": 287800000.0,
        "Minority Interests": 0.0,
        "Net Income Including Noncontrolling Interests": 287800000.0,
        "Net Income Continuous Operations": 287800000.0,
        "Tax Provision": 63400000.0,
        "Pretax Income": 351200000.0,
        "Other Income Expense": 62800000.0,
        "Other Non Operating Income Expenses": 19800000.0,
        "Special Income Charges": NaN,
        "Earnings From Equity Interest": 43000000.0,
        "Net Non Operating Interest Income Expense": -119800000.0,
        "Interest Expense Non Operating": 119800000.0,
        "Operating Income": 408200000.0,
        "Operating Expense": 335700000.0,
        "Other Taxes": 56100000.0,
        "Depreciation Amortization Depletion Income Statement": 279600000.0,
        "Depreciation And Amortization In Income Statement": 279600000.0,
        "Gross Profit": 743900000.0,
        "Cost Of Revenue": 1384000000.0,
        "Total Revenue": 2127900000.0,
        "Operating Revenue": 2127900000.0
    },
    "2023-06-30": {
        "Tax Effect Of Unusual Items": 0.0,
        "Tax Rate For Calcs": 0.143,
        "Normalized EBITDA": 831100000.0,
        "Net Income From Continuing Operation Net Minority Interest": 290000000.0,
        "Reconciled Depreciation": 313900000.0,
        "Reconciled Cost Of Revenue": 1029000000.0,
        "EBITDA": 831100000.0,
        "EBIT": 517200000.0,
        "Net Interest Income": -178700000.0,
        "Interest Expense": 178700000.0,
        "Normalized Income": 290000000.0,
        "Net Income From Continuing And Discontinued Operation": 290000000.0,
        "Total Expenses": 1404700000.0,
        "Total Operating Income As Reported": 425300000.0,
        "Diluted Average Shares": 315900000.0,
        "Basic Average Shares": 315400000.0,
        "Diluted EPS": 0.92,
        "Basic EPS": 0.92,
        "Diluted NI Availto Com Stockholders": 289700000.0,
        "Net Income Common Stockholders": 289700000.0,
        "Preferred Stock Dividends": 300000.0,
        "Net Income": 290000000.0,
        "Minority Interests": 0.0,
        "Net Income Including Noncontrolling Interests": 290000000.0,
        "Net Income Continuous Operations": 290000000.0,
        "Tax Provision": 48500000.0,
        "Pretax Income": 338500000.0,
        "Other Income Expense": 91900000.0,
        "Other Non Operating Income Expenses": 48300000.0,
        "Earnings From Equity Interest": 43600000.0,
        "Net Non Operating Interest Income Expense": -178700000.0,
        "Interest Expense Non Operating": 178700000.0,
        "Operating Income": 425300000.0,
        "Operating Expense": 375700000.0,
        "Other Taxes": 61800000.0,
        "Depreciation Amortization Depletion Income Statement": 313900000.0,
        "Depreciation And Amortization In Income Statement": 313900000.0,
        "Gross Profit": 801000000.0,
        "Cost Of Revenue": 1029000000.0,
        "Total Revenue": 1830000000.0,
        "Operating Revenue": 1810000000.0
    },
    "2022-03-31": {
        "Diluted EPS": 1.79,
        "Total Revenue": NaN,
        "Gross Profit": NaN,
        "Operating Income": 731,
        "EBIT": NaN,
        "Net Income": 566
    },
    "2021-12-31": {
        "Diluted EPS": 0.71,
        "Total Revenue": NaN,
        "Gross Profit": NaN,
        "Operating Income": 327,
        "EBIT": 602,
        "Net Income": 224
    },
    "2021-09-30": {
        "Diluted EPS": 0.92,
        "Total Revenue": NaN,
        "Gross Profit": NaN,
        "Operating Income": 390,
        "EBIT": 662,
        "Net Income": 290
    },
    "2021-06-30": {
        "Diluted EPS": 0.87,
        "Total Revenue": NaN,
        "Gross Profit": NaN,
        "Operating Income": 369,
        "EBIT": 635,
        "Net Income": 276
    },
    "2021-03-31": {
        "Diluted EPS": 1.61,
        "Total Revenue": NaN,
        "Gross Profit": NaN,
        "Operating Income": 629,
        "EBIT": 891,
        "Net Income": 510
    },
    "2020-12-31": {
        "Diluted EPS": 0.76,
        "Total Revenue": NaN,
        "Gross Profit": NaN,
        "Operating Income": 371,
        "EBIT": 620,
        "Net Income": 239
    },
    "2020-09-30": {
        "Diluted EPS": 0.84,
        "Total Revenue": NaN,
        "Gross Profit": NaN,
        "Operating Income": 370,
        "EBIT": 615,
        "Net Income": 267
    },
    "2020-06-30": {
        "Diluted EPS": 0.76,
        "Total Revenue": NaN,
        "Gross Profit": NaN,
        "Operating Income": 339,
        "EBIT": 581,
        "Net Income": 242
    },
    "2020-03-31": {
        "Diluted EPS": 1.43,
        "Total Revenue": NaN,
        "Gross Profit": NaN,
        "Operating Income": 627,
        "EBIT": 866,
        "Net Income": 453
    },
    "2019-12-31": {
        "Diluted EPS": 0.77,
        "Total Revenue": NaN,
        "Gross Profit": NaN,
        "Operating Income": 363,
        "EBIT": 599,
        "Net Income": 244
    },
    "2019-09-30": {
        "Diluted EPS": 0.74,
        "Total Revenue": NaN,
        "Gross Profit": NaN,
        "Operating Income": 311,
        "EBIT": 545,
        "Net Income": 234
    },
    "2019-06-30": {
        "Diluted EPS": 0.74,
        "Total Revenue": NaN,
        "Gross Profit": NaN,
        "Operating Income": 315,
        "EBIT": 545,
        "Net Income": 236
    },
    "2019-03-31": {
        "Diluted EPS": 1.33,
        "Total Revenue": NaN,
        "Gross Profit": NaN,
        "Operating Income": 543,
        "EBIT": 769,
        "Net Income": 420
    },
    "2018-12-31": {
        "Diluted EPS": 0.64,
        "Total Revenue": NaN,
        "Gross Profit": NaN,
        "Operating Income": 290,
        "EBIT": 508,
        "Net Income": 205
    },
    "2018-09-30": {
        "Diluted EPS": 0.74,
        "Total Revenue": NaN,
        "Gross Profit": NaN,
        "Operating Income": 303,
        "EBIT": 516,
        "Net Income": 233
    },
    "2018-06-30": {
        "Diluted EPS": 0.73,
        "Total Revenue": NaN,
        "Gross Profit": NaN,
        "Operating Income": 331,
        "EBIT": 538,
        "Net Income": 231
    },
    "2018-03-31": {
        "Diluted EPS": 1.23,
        "Total Revenue": NaN,
        "Gross Profit": NaN,
        "Operating Income": 545,
        "EBIT": 754,
        "Net Income": 390
    },
    "2017-12-31": {
        "Diluted EPS": 1.36,
        "Total Revenue": NaN,
        "Gross Profit": NaN,
        "Operating Income": 407,
        "EBIT": 612,
        "Net Income": 433
    },
    "2017-09-30": {
        "Diluted EPS": 0.68,
        "Total Revenue": NaN,
        "Gross Profit": NaN,
        "Operating Income": 392,
        "EBIT": 593,
        "Net Income": 215
    },
    "2017-06-30": {
        "Diluted EPS": 0.63,
        "Total Revenue": NaN,
        "Gross Profit": NaN,
        "Operating Income": 362,
        "EBIT": 560,
        "Net Income": 199
    },
    "2017-03-31": {
        "Diluted EPS": 1.12,
        "Total Revenue": NaN,
        "Gross Profit": NaN,
        "Operating Income": 615,
        "EBIT": 809,
        "Net Income": 357
    },
    "2016-12-31": {
        "Diluted EPS": 0.62,
        "Total Revenue": NaN,
        "Gross Profit": NaN,
        "Operating Income": 376,
        "EBIT": 557,
        "Net Income": 194
    },
    "2016-09-30": {
        "Diluted EPS": 0.68,
        "Total Revenue": NaN,
        "Gross Profit": NaN,
        "Operating Income": 399,
        "EBIT": 595,
        "Net Income": 217
    },
    "2016-06-30": {
        "Diluted EPS": 0.57,
        "Total Revenue": NaN,
        "Gross Profit": NaN,
        "Operating Income": 332,
        "EBIT": 526,
        "Net Income": 181
    },
    "2016-03-31": {
        "Diluted EPS": 1.09,
        "Total Revenue": NaN,
        "Gross Profit": NaN,
        "Operating Income": 589,
        "EBIT": 781,
        "Net Income": 346
    },
    "2015-12-31": {
        "Diluted EPS": 0.55,
        "Total Revenue": NaN,
        "Gross Profit": NaN,
        "Operating Income": 380,
        "EBIT": 573,
        "Net Income": 179
    },
    "2015-09-30": {
        "Diluted EPS": 0.58,
        "Total Revenue": NaN,
        "Gross Profit": NaN,
        "Operating Income": 346,
        "EBIT": 522,
        "Net Income": 183
    },
    "2015-06-30": {
        "Diluted EPS": 0.35,
        "Total Revenue": 991,
        "Gross Profit": 638,
        "Operating Income": 166,
        "EBIT": 274,
        "Net Income": 81
    },
    "2015-03-31": {
        "Diluted EPS": 0.86,
        "Total Revenue": NaN,
        "Gross Profit": 774,
        "Operating Income": 359,
        "EBIT": 466,
        "Net Income": 196
    },
    "2014-12-31": {
        "Diluted EPS": 0.54,
        "Total Revenue": NaN,
        "Gross Profit": 702,
        "Operating Income": 244,
        "EBIT": 348,
        "Net Income": 121
    },
    "2014-09-30": {
        "Diluted EPS": 0.56,
        "Total Revenue": NaN,
        "Gross Profit": 626,
        "Operating Income": 246,
        "EBIT": 353,
        "Net Income": 126
    },
    "2014-06-30": {
        "Diluted EPS": 0.58,
        "Total Revenue": NaN,
        "Gross Profit": 625,
        "Operating Income": 241,
        "EBIT": 344,
        "Net Income": 133
    },
    "2014-03-31": {
        "Diluted EPS": 0.91,
        "Total Revenue": NaN,
        "Gross Profit": 785,
        "Operating Income": 382,
        "EBIT": 486,
        "Net Income": 208
    },
    "2013-12-31": {
        "Diluted EPS": 0.63,
        "Total Revenue": NaN,
        "Gross Profit": 684,
        "Operating Income": 272,
        "EBIT": 370,
        "Net Income": 144
    },
    "2013-09-30": {
        "Diluted EPS": 0.6,
        "Total Revenue": NaN,
        "Gross Profit": 653,
        "Operating Income": 258,
        "EBIT": 358,
        "Net Income": 138
    },
    "2013-06-30": {
        "Diluted EPS": 0.52,
        "Total Revenue": NaN,
        "Gross Profit": 621,
        "Operating Income": 230,
        "EBIT": 329,
        "Net Income": 119
    },
    "2013-03-31": {
        "Diluted EPS": 0.76,
        "Total Revenue": NaN,
        "Gross Profit": 734,
        "Operating Income": 321,
        "EBIT": 419,
        "Net Income": 177
    },
    "2012-12-31": {
        "Diluted EPS": 0.43,
        "Total Revenue": NaN,
        "Gross Profit": 644,
        "Operating Income": 201,
        "EBIT": 295,
        "Net Income": 99
    },
    "2012-09-30": {
        "Diluted EPS": 0.67,
        "Total Revenue": NaN,
        "Gross Profit": 647,
        "Operating Income": 281,
        "EBIT": 375,
        "Net Income": 156
    },
    "2012-06-30": {
        "Diluted EPS": 0.51,
        "Total Revenue": 945,
        "Gross Profit": 611,
        "Operating Income": 223,
        "EBIT": 316,
        "Net Income": 119
    },
    "2012-03-31": {
        "Diluted EPS": 0.74,
        "Total Revenue": NaN,
        "Gross Profit": 700,
        "Operating Income": 296,
        "EBIT": 386,
        "Net Income": 172
    },
    "2011-12-31": {
        "Diluted EPS": 0.51,
        "Total Revenue": NaN,
        "Gross Profit": 653,
        "Operating Income": 193,
        "EBIT": 281,
        "Net Income": 116
    },
    "2011-09-30": {
        "Diluted EPS": 0.55,
        "Total Revenue": NaN,
        "Gross Profit": 633,
        "Operating Income": 224,
        "EBIT": 304,
        "Net Income": 130
    },
    "2011-06-30": {
        "Diluted EPS": 0.46,
        "Total Revenue": 992,
        "Gross Profit": 584,
        "Operating Income": 174,
        "EBIT": 259,
        "Net Income": 110
    },
    "2011-03-31": {
        "Diluted EPS": 0.72,
        "Total Revenue": NaN,
        "Gross Profit": 719,
        "Operating Income": 296,
        "EBIT": 380,
        "Net Income": 171
    },
    "2010-12-31": {
        "Diluted EPS": 0.54,
        "Total Revenue": NaN,
        "Gross Profit": 629,
        "Operating Income": 216,
        "EBIT": 249,
        "Net Income": 126
    },
    "2010-09-30": {
        "Diluted EPS": 0.47,
        "Total Revenue": 973,
        "Gross Profit": 570,
        "Operating Income": 203,
        "EBIT": 228,
        "Net Income": 112
    },
    "2010-06-30": {
        "Diluted EPS": 0.37,
        "Total Revenue": 891,
        "Gross Profit": 537,
        "Operating Income": 163,
        "EBIT": 202,
        "Net Income": 89
    },
    "2010-03-31": {
        "Diluted EPS": 0.55,
        "Total Revenue": NaN,
        "Gross Profit": 615,
        "Operating Income": 228,
        "EBIT": 251,
        "Net Income": 130
    },
    "2009-12-31": {
        "Diluted EPS": 0.5,
        "Total Revenue": NaN,
        "Gross Profit": 561,
        "Operating Income": 195,
        "EBIT": 220,
        "Net Income": 119
    },
    "2009-09-30": {
        "Diluted EPS": 0.25,
        "Total Revenue": 816,
        "Gross Profit": 460,
        "Operating Income": 104,
        "EBIT": 137,
        "Net Income": 59
    },
    "2009-06-30": {
        "Diluted EPS": 0.27,
        "Total Revenue": 836,
        "Gross Profit": 481,
        "Operating Income": 118,
        "EBIT": 154,
        "Net Income": 64
    },
    "2009-03-31": {
        "Diluted EPS": 0.6,
        "Total Revenue": NaN,
        "Gross Profit": 627,
        "Operating Income": 243,
        "EBIT": 266,
        "Net Income": 142
    },
    "2023-09-30": {
        "Tax Effect Of Unusual Items": NaN,
        "Tax Rate For Calcs": NaN,
        "Normalized EBITDA": NaN,
        "Net Income From Continuing Operation Net Minority Interest": NaN,
        "Reconciled Depreciation": NaN,
        "Reconciled Cost Of Revenue": NaN,
        "EBITDA": NaN,
        "EBIT": NaN,
        "Net Interest Income": NaN,
        "Interest Expense": NaN,
        "Normalized Income": NaN,
        "Net Income From Continuing And Discontinued Operation": NaN,
        "Total Expenses": NaN,
        "Total Operating Income As Reported": NaN,
        "Diluted Average Shares": 315800000.0,
        "Basic Average Shares": 315400000.0,
        "Diluted EPS": 1.0,
        "Basic EPS": 1.0,
        "Diluted NI Availto Com Stockholders": NaN,
        "Net Income Common Stockholders": NaN,
        "Preferred Stock Dividends": NaN,
        "Net Income": NaN,
        "Minority Interests": NaN,
        "Net Income Including Noncontrolling Interests": NaN,
        "Net Income Continuous Operations": NaN,
        "Tax Provision": NaN,
        "Pretax Income": NaN,
        "Other Income Expense": NaN,
        "Other Non Operating Income Expenses": NaN,
        "Earnings From Equity Interest": NaN,
        "Net Non Operating Interest Income Expense": NaN,
        "Interest Expense Non Operating": NaN,
        "Operating Income": NaN,
        "Operating Expense": NaN,
        "Other Taxes": NaN,
        "Depreciation Amortization Depletion Income Statement": NaN,
        "Depreciation And Amortization In Income Statement": NaN,
        "Gross Profit": NaN,
        "Cost Of Revenue": NaN,
        "Total Revenue": NaN,
        "Operating Revenue": NaN
    },
    "2023-12-31": {
        "Tax Effect Of Unusual Items": 0.0,
        "Tax Rate For Calcs": 0.089963,
        "Normalized EBITDA": 758100000.0,
        "Net Income From Continuing Operation Net Minority Interest": 218800000.0,
        "Reconciled Depreciation": 324500000.0,
        "Reconciled Cost Of Revenue": 1315000000.0,
        "EBITDA": 758100000.0,
        "EBIT": 433600000.0,
        "Net Interest Income": -193500000.0,
        "Interest Expense": 193500000.0,
        "Normalized Income": 218800000.0,
        "Net Income From Continuing And Discontinued Operation": 218800000.0,
        "Total Expenses": 1697200000.0,
        "Total Operating Income As Reported": 341400000.0,
        "Diluted Average Shares": 315800000.0,
        "Basic Average Shares": 315400000.0,
        "Diluted EPS": 0.69,
        "Basic EPS": 0.69,
        "Diluted NI Availto Com Stockholders": 218500000.0,
        "Net Income Common Stockholders": 218500000.0,
        "Preferred Stock Dividends": 300000.0,
        "Net Income": 218800000.0,
        "Minority Interests": 300000.0,
        "Net Income Including Noncontrolling Interests": 218500000.0,
        "Net Income Continuous Operations": 218500000.0,
        "Tax Provision": 21600000.0,
        "Pretax Income": 240100000.0,
        "Other Income Expense": -86700000.0,
        "Other Non Operating Income Expenses": -24900000.0,
        "Earnings From Equity Interest": 44300000.0,
        "Net Non Operating Interest Income Expense": -193500000.0,
        "Interest Expense Non Operating": 193500000.0,
        "Operating Income": 520300000.0,
        "Operating Expense": 382200000.0,
        "Other Taxes": 57700000.0,
        "Depreciation Amortization Depletion Income Statement": 324500000.0,
        "Depreciation And Amortization In Income Statement": 324500000.0,
        "Gross Profit": 902500000.0,
        "Cost Of Revenue": 1315000000.0,
        "Total Revenue": 2217500000.0,
        "Operating Revenue": 2173100000.0
    },
    "2024-03-31": {
        "Tax Effect Of Unusual Items": 0.0,
        "Tax Rate For Calcs": 0.123,
        "Normalized EBITDA": 1235700000.0,
        "Net Income From Continuing Operation Net Minority Interest": 622600000.0,
        "Reconciled Depreciation": 333400000.0,
        "Reconciled Cost Of Revenue": 1457900000.0,
        "EBITDA": 1235700000.0,
        "EBIT": 902300000.0,
        "Net Interest Income": -192000000.0,
        "Interest Expense": 192000000.0,
        "Normalized Income": 622600000.0,
        "Net Income From Continuing And Discontinued Operation": 622600000.0,
        "Total Expenses": 1866800000.0,
        "Total Operating Income As Reported": 813400000.0,
        "Diluted Average Shares": 315900000.0,
        "Basic Average Shares": 315600000.0,
        "Diluted EPS": 1.97,
        "Basic EPS": 1.97,
        "Diluted NI Availto Com Stockholders": 622300000.0,
        "Net Income Common Stockholders": 622300000.0,
        "Preferred Stock Dividends": 300000.0,
        "Net Income": 622600000.0,
        "Minority Interests": 0.0,
        "Net Income Including Noncontrolling Interests": 622600000.0,
        "Net Income Continuous Operations": 622600000.0,
        "Tax Provision": 87700000.0,
        "Pretax Income": 710300000.0,
        "Other Income Expense": 88900000.0,
        "Other Non Operating Income Expenses": 44100000.0,
        "Earnings From Equity Interest": 44800000.0,
        "Net Non Operating Interest Income Expense": -192000000.0,
        "Interest Expense Non Operating": 192000000.0,
        "Operating Income": 813400000.0,
        "Operating Expense": 408900000.0,
        "Other Taxes": 75500000.0,
        "Depreciation Amortization Depletion Income Statement": 333400000.0,
        "Depreciation And Amortization In Income Statement": 333400000.0,
        "Gross Profit": 1222300000.0,
        "Cost Of Revenue": 1457900000.0,
        "Total Revenue": 2680200000.0,
        "Operating Revenue": 2604500000.0
    },
    "2024-06-30": {
        "Tax Effect Of Unusual Items": 0.0,
        "Tax Rate For Calcs": 0.165,
        "Normalized EBITDA": 788800000.0,
        "Net Income From Continuing Operation Net Minority Interest": 211600000.0,
        "Reconciled Depreciation": 336600000.0,
        "Reconciled Cost Of Revenue": 1003100000.0,
        "EBITDA": 788800000.0,
        "EBIT": 452200000.0,
        "Net Interest Income": -200600000.0,
        "Interest Expense": 200600000.0,
        "Normalized Income": 211600000.0,
        "Net Income From Continuing And Discontinued Operation": 211600000.0,
        "Total Expenses": 1407200000.0,
        "Total Operating Income As Reported": 364800000.0,
        "Diluted Average Shares": 316200000.0,
        "Basic Average Shares": 315900000.0,
        "Diluted EPS": 0.67,
        "Basic EPS": 0.67,
        "Diluted NI Availto Com Stockholders": 211300000.0,
        "Net Income Common Stockholders": 211300000.0,
        "Preferred Stock Dividends": 300000.0,
        "Net Income": 211600000.0,
        "Minority Interests": 1600000.0,
        "Net Income Including Noncontrolling Interests": 210000000.0,
        "Net Income Continuous Operations": 210000000.0,
        "Tax Provision": 41600000.0,
        "Pretax Income": 251600000.0,
        "Other Income Expense": 87400000.0,
        "Other Non Operating Income Expenses": 40600000.0,
        "Earnings From Equity Interest": 46800000.0,
        "Net Non Operating Interest Income Expense": -200600000.0,
        "Interest Expense Non Operating": 200600000.0,
        "Operating Income": 364800000.0,
        "Operating Expense": 404100000.0,
        "Other Taxes": 67500000.0,
        "Depreciation Amortization Depletion Income Statement": 336600000.0,
        "Depreciation And Amortization In Income Statement": 336600000.0,
        "Gross Profit": 768900000.0,
        "Cost Of Revenue": 1003100000.0,
        "Total Revenue": 1772000000.0,
        "Operating Revenue": 1743400000.0
    },
    "2024-09-30": {
        "Tax Effect Of Unusual Items": 0.0,
        "Tax Rate For Calcs": 0.117,
        "Normalized EBITDA": 814900000.0,
        "Net Income From Continuing Operation Net Minority Interest": 240400000.0,
        "Reconciled Depreciation": 340500000.0,
        "Reconciled Cost Of Revenue": 1087600000.0,
        "EBITDA": 814900000.0,
        "EBIT": 474400000.0,
        "Net Interest Income": -204200000.0,
        "Interest Expense": 204200000.0,
        "Normalized Income": 240400000.0,
        "Net Income From Continuing And Discontinued Operation": 240400000.0,
        "Total Expenses": 1479800000.0,
        "Total Operating Income As Reported": 383700000.0,
        "Diluted Average Shares": 316500000.0,
        "Basic Average Shares": 316200000.0,
        "Diluted EPS": 0.76,
        "Basic EPS": 0.76,
        "Diluted NI Availto Com Stockholders": 240100000.0,
        "Net Income Common Stockholders": 240100000.0,
        "Preferred Stock Dividends": 300000.0,
        "Net Income": 240400000.0,
        "Minority Interests": 1800000.0,
        "Net Income Including Noncontrolling Interests": 238600000.0,
        "Net Income Continuous Operations": 238600000.0,
        "Tax Provision": 31600000.0,
        "Pretax Income": 270200000.0,
        "Other Income Expense": 90700000.0,
        "Other Non Operating Income Expenses": 44000000.0,
        "Earnings From Equity Interest": 46700000.0,
        "Net Non Operating Interest Income Expense": -204200000.0,
        "Interest Expense Non Operating": 204200000.0,
        "Operating Income": 383700000.0,
        "Operating Expense": 392200000.0,
        "Other Taxes": 51700000.0,
        "Depreciation Amortization Depletion Income Statement": 340500000.0,
        "Depreciation And Amortization In Income Statement": 340500000.0,
        "Gross Profit": 775900000.0,
        "Cost Of Revenue": 1087600000.0,
        "Total Revenue": 1863500000.0,
        "Operating Revenue": 1854300000.0
    },
    "2024-12-31": {
        "Tax Effect Of Unusual Items": 0.0,
        "Tax Rate For Calcs": 0.118825,
        "Normalized EBITDA": 1076700000.0,
        "Net Income From Continuing Operation Net Minority Interest": 453800000.0,
        "Reconciled Depreciation": 344000000.0,
        "Reconciled Cost Of Revenue": 1265400000.0,
        "EBITDA": 1076700000.0,
        "EBIT": 732700000.0,
        "Net Interest Income": -201300000.0,
        "Interest Expense": 218500000.0,
        "Normalized Income": 453800000.0,
        "Net Income From Continuing And Discontinued Operation": 453800000.0,
        "Total Expenses": 1681200000.0,
        "Total Operating Income As Reported": 590900000.0,
        "Diluted Average Shares": 317500000.0,
        "Basic Average Shares": 317100000.0,
        "Diluted EPS": 1.43,
        "Basic EPS": 1.43,
        "Diluted NI Availto Com Stockholders": 453500000.0,
        "Net Income Common Stockholders": 453500000.0,
        "Preferred Stock Dividends": 300000.0,
        "Net Income": 453800000.0,
        "Minority Interests": 700000.0,
        "Net Income Including Noncontrolling Interests": 453100000.0,
        "Net Income Continuous Operations": 453100000.0,
        "Tax Provision": 61100000.0,
        "Pretax Income": 514200000.0,
        "Other Income Expense": 112500000.0,
        "Other Non Operating Income Expenses": -43900000.0,
        "Earnings From Equity Interest": 73900000.0,
        "Net Non Operating Interest Income Expense": -201300000.0,
        "Interest Expense Non Operating": 218500000.0,
        "Operating Income": 603000000.0,
        "Operating Expense": 415800000.0,
        "Other Taxes": 71800000.0,
        "Depreciation Amortization Depletion Income Statement": 344000000.0,
        "Depreciation And Amortization In Income Statement": 344000000.0,
        "Gross Profit": 1018800000.0,
        "Cost Of Revenue": 1265400000.0,
        "Total Revenue": 2284200000.0,
        "Operating Revenue": 2265500000.0
    },
    "2025-03-31": {
        "Tax Effect Of Unusual Items": 0.0,
        "Tax Rate For Calcs": 0.077,
        "Normalized EBITDA": 1369100000.0,
        "Net Income From Continuing Operation Net Minority Interest": 724500000.0,
        "Reconciled Depreciation": 359900000.0,
        "Reconciled Cost Of Revenue": 1773700000.0,
        "EBITDA": 1369100000.0,
        "EBIT": 1009200000.0,
        "Net Interest Income": -223000000.0,
        "Interest Expense": 223000000.0,
        "Normalized Income": 724500000.0,
        "Net Income From Continuing And Discontinued Operation": 724500000.0,
        "Total Expenses": 2212000000.0,
        "Total Operating Income As Reported": 937500000.0,
        "Diluted Average Shares": 319300000.0,
        "Basic Average Shares": 318200000.0,
        "Diluted EPS": 2.27,
        "Basic EPS": 2.28,
        "Diluted NI Availto Com Stockholders": 724200000.0,
        "Net Income Common Stockholders": 724200000.0,
        "Preferred Stock Dividends": 300000.0,
        "Net Income": 724500000.0,
        "Minority Interests": -1000000.0,
        "Net Income Including Noncontrolling Interests": 725500000.0,
        "Net Income Continuous Operations": 725500000.0,
        "Tax Provision": 60700000.0,
        "Pretax Income": 786200000.0,
        "Other Income Expense": 71700000.0,
        "Other Non Operating Income Expenses": 18100000.0,
        "Earnings From Equity Interest": 53600000.0,
        "Net Non Operating Interest Income Expense": -223000000.0,
        "Interest Expense Non Operating": 223000000.0,
        "Operating Income": 937500000.0,
        "Operating Expense": 438300000.0,
        "Other Taxes": 78400000.0,
        "Depreciation Amortization Depletion Income Statement": 359900000.0,
        "Depreciation And Amortization In Income Statement": 359900000.0,
        "Gross Profit": 1375800000.0,
        "Cost Of Revenue": 1773700000.0,
        "Total Revenue": 3149500000.0,
        "Operating Revenue": 3103200000.0
    },
    "2025-06-30": {
        "Tax Effect Of Unusual Items": 0.0,
        "Tax Rate For Calcs": 0.074,
        "Normalized EBITDA": 852200000.0,
        "Net Income From Continuing Operation Net Minority Interest": 245700000.0,
        "Reconciled Depreciation": 368900000.0,
        "Reconciled Cost Of Revenue": 1166700000.0,
        "EBITDA": 852200000.0,
        "EBIT": 483300000.0,
        "Net Interest Income": -220800000.0,
        "Interest Expense": 220800000.0,
        "Normalized Income": 245700000.0,
        "Net Income From Continuing And Discontinued Operation": 245700000.0,
        "Total Expenses": 1604600000.0,
        "Total Operating Income As Reported": 404900000.0,
        "Diluted Average Shares": 322200000.0,
        "Basic Average Shares": 320300000.0,
        "Diluted EPS": 0.76,
        "Basic EPS": 0.77,
        "Diluted NI Availto Com Stockholders": 245400000.0,
        "Net Income Common Stockholders": 245400000.0,
        "Preferred Stock Dividends": 300000.0,
        "Net Income": 245700000.0,
        "Minority Interests": 2700000.0,
        "Net Income Including Noncontrolling Interests": 243000000.0,
        "Net Income Continuous Operations": 243000000.0,
        "Tax Provision": 19500000.0,
        "Pretax Income": 262500000.0,
        "Other Income Expense": 78400000.0,
        "Other Non Operating Income Expenses": 26500000.0,
        "Earnings From Equity Interest": 51900000.0,
        "Net Non Operating Interest Income Expense": -220800000.0,
        "Interest Expense Non Operating": 220800000.0,
        "Operating Income": 404900000.0,
        "Operating Expense": 437900000.0,
        "Other Taxes": 69000000.0,
        "Depreciation Amortization Depletion Income Statement": 368900000.0,
        "Depreciation And Amortization In Income Statement": 368900000.0,
        "Gross Profit": 842800000.0,
        "Cost Of Revenue": 1166700000.0,
        "Total Revenue": 2009500000.0,
        "Operating Revenue": 1997600000.0
    }
}