{
    "2023-03-31": {
        "Tax Effect Of Unusual Items": NaN,
        "Tax Rate For Calcs": NaN,
        "Total Unusual Items": NaN,
        "Total Unusual Items Excluding Goodwill": NaN,
        "Net Income From Continuing Operation Net Minority Interest": NaN,
        "Reconciled Depreciation": NaN,
        "Net Interest Income": NaN,
        "Interest Expense": NaN,
        "Interest Income": NaN,
        "Normalized Income": NaN,
        "Net Income From Continuing And Discontinued Operation": NaN,
        "Rent Expense Supplemental": NaN,
        "Diluted Average Shares": 242572186.0,
        "Basic Average Shares": 242572186.0,
        "Diluted EPS": 3642.0,
        "Basic EPS": 3642.0,
        "Diluted NI Availto Com Stockholders": NaN,
        "Net Income Common Stockholders": NaN,
        "Otherunder Preferred Stock Dividend": NaN,
        "Net Income": NaN,
        "Minority Interests": NaN,
        "Net Income Including Noncontrolling Interests": NaN,
        "Net Income Continuous Operations": NaN,
        "Tax Provision": NaN,
        "Pretax Income": NaN,
        "Other Non Operating Income Expenses": NaN,
        "Special Income Charges": NaN,
        "Gain On Sale Of Business": NaN,
        "Other Special Charges": NaN,
        "Impairment Of Capital Assets": NaN,
        "Gain On Sale Of Security": NaN,
        "Depreciation Amortization Depletion Income Statement": NaN,
        "Depreciation And Amortization In Income Statement": NaN,
        "Depreciation Income Statement": NaN,
        "Selling General And Administration": NaN,
        "Selling And Marketing Expense": NaN,
        "General And Administrative Expense": NaN,
        "Other Gand A": NaN,
        "Insurance And Claims": NaN,
        "Rent And Landing Fees": NaN,
        "Salaries And Wages": NaN,
        "Total Revenue": NaN,
        "Operating Revenue": NaN,
        "Other Non Interest Expense": NaN
    },
    "2022-12-31": {
        "Tax Effect Of Unusual Items": -3395345599.411713,
        "Tax Rate For Calcs": 0.271736,
        "Total Unusual Items": -12495000000.0,
        "Total Unusual Items Excluding Goodwill": -12495000000.0,
        "Net Income From Continuing Operation Net Minority Interest": 525027000000.0,
        "Reconciled Depreciation": 246968000000.0,
        "Net Interest Income": 2348931000000.0,
        "Interest Expense": 2267302000000.0,
        "Interest Income": 4616233000000.0,
        "Normalized Income": 534126654400.58826,
        "Net Income From Continuing And Discontinued Operation": 525027000000.0,
        "Rent Expense Supplemental": 11782000000.0,
        "Diluted Average Shares": NaN,
        "Basic Average Shares": NaN,
        "Diluted EPS": NaN,
        "Basic EPS": NaN,
        "Diluted NI Availto Com Stockholders": 496871000000.0,
        "Net Income Common Stockholders": 496871000000.0,
        "Otherunder Preferred Stock Dividend": 28156000000.0,
        "Net Income": 525027000000.0,
        "Minority Interests": -51358000000.0,
        "Net Income Including Noncontrolling Interests": 576385000000.0,
        "Net Income Continuous Operations": 576385000000.0,
        "Tax Provision": 215066000000.0,
        "Pretax Income": 791451000000.0,
        "Other Non Operating Income Expenses": 42283000000.0,
        "Special Income Charges": -12495000000.0,
        "Gain On Sale Of Business": -3574000000.0,
        "Other Special Charges": 9225000000.0,
        "Impairment Of Capital Assets": -304000000.0,
        "Gain On Sale Of Security": -542090000000.0,
        "Depreciation Amortization Depletion Income Statement": 135307000000.0,
        "Depreciation And Amortization In Income Statement": 135307000000.0,
        "Depreciation Income Statement": 135307000000.0,
        "Selling General And Administration": 1534273000000.0,
        "Selling And Marketing Expense": 90243000000.0,
        "General And Administrative Expense": 1444030000000.0,
        "Other Gand A": 205101000000.0,
        "Insurance And Claims": 121573000000.0,
        "Rent And Landing Fees": 11782000000.0,
        "Salaries And Wages": 1105574000000.0,
        "Total Revenue": 3049673000000.0,
        "Operating Revenue": 3049673000000.0
    },
    "2022-09-30": {
        "Tax Effect Of Unusual Items": NaN,
        "Tax Rate For Calcs": NaN,
        "Total Unusual Items": NaN,
        "Total Unusual Items Excluding Goodwill": NaN,
        "Net Income From Continuing Operation Net Minority Interest": NaN,
        "Reconciled Depreciation": NaN,
        "Net Interest Income": NaN,
        "Interest Expense": NaN,
        "Interest Income": NaN,
        "Normalized Income": NaN,
        "Net Income From Continuing And Discontinued Operation": NaN,
        "Rent Expense Supplemental": NaN,
        "Diluted Average Shares": 242666667.0,
        "Basic Average Shares": 242666667.0,
        "Diluted EPS": 3618.0,
        "Basic EPS": 3618.0,
        "Diluted NI Availto Com Stockholders": NaN,
        "Net Income Common Stockholders": NaN,
        "Otherunder Preferred Stock Dividend": NaN,
        "Net Income": NaN,
        "Minority Interests": NaN,
        "Net Income Including Noncontrolling Interests": NaN,
        "Net Income Continuous Operations": NaN,
        "Tax Provision": NaN,
        "Pretax Income": NaN,
        "Other Non Operating Income Expenses": NaN,
        "Special Income Charges": NaN,
        "Gain On Sale Of Business": NaN,
        "Other Special Charges": NaN,
        "Impairment Of Capital Assets": NaN,
        "Gain On Sale Of Security": NaN,
        "Depreciation Amortization Depletion Income Statement": NaN,
        "Depreciation And Amortization In Income Statement": NaN,
        "Depreciation Income Statement": NaN,
        "Selling General And Administration": NaN,
        "Selling And Marketing Expense": NaN,
        "General And Administrative Expense": NaN,
        "Other Gand A": NaN,
        "Insurance And Claims": NaN,
        "Rent And Landing Fees": NaN,
        "Salaries And Wages": NaN,
        "Total Revenue": NaN,
        "Operating Revenue": NaN
    },
    "2022-06-30": {
        "Tax Effect Of Unusual Items": 7426144262.430977,
        "Tax Rate For Calcs": 0.24255,
        "Total Unusual Items": 30617000000.0,
        "Total Unusual Items Excluding Goodwill": 30617000000.0,
        "Net Income From Continuing Operation Net Minority Interest": 922746000000.0,
        "Reconciled Depreciation": 231030000000.0,
        "Net Interest Income": 2115656000000.0,
        "Interest Expense": 1157001000000.0,
        "Interest Income": 3272657000000.0,
        "Normalized Income": 899555144262.431,
        "Net Income From Continuing And Discontinued Operation": 922746000000.0,
        "Rent Expense Supplemental": 20702000000.0,
        "Diluted Average Shares": 242666667.0,
        "Basic Average Shares": 242666667.0,
        "Diluted EPS": 3711.0,
        "Basic EPS": 3711.0,
        "Diluted NI Availto Com Stockholders": 900521000000.0,
        "Net Income Common Stockholders": 900521000000.0,
        "Otherunder Preferred Stock Dividend": 22225000000.0,
        "Net Income": 922746000000.0,
        "Minority Interests": -64086000000.0,
        "Net Income Including Noncontrolling Interests": 986832000000.0,
        "Net Income Continuous Operations": 986832000000.0,
        "Tax Provision": 316002000000.0,
        "Pretax Income": 1302834000000.0,
        "Other Non Operating Income Expenses": 42121000000.0,
        "Special Income Charges": 30617000000.0,
        "Gain On Sale Of Business": 2257000000.0,
        "Other Special Charges": -28469000000.0,
        "Impairment Of Capital Assets": 109000000.0,
        "Gain On Sale Of Security": 317060000000.0,
        "Depreciation Amortization Depletion Income Statement": 132507000000.0,
        "Depreciation And Amortization In Income Statement": 132507000000.0,
        "Depreciation Income Statement": 132507000000.0,
        "Selling General And Administration": 901963000000.0,
        "Selling And Marketing Expense": 34619000000.0,
        "General And Administrative Expense": 867344000000.0,
        "Other Gand A": 157561000000.0,
        "Insurance And Claims": 102986000000.0,
        "Rent And Landing Fees": 20702000000.0,
        "Salaries And Wages": 586095000000.0,
        "Total Revenue": 2881126000000.0,
        "Operating Revenue": 2881126000000.0
    },
    "2023-06-30": {
        "Tax Effect Of Unusual Items": NaN,
        "Tax Rate For Calcs": NaN,
        "Total Unusual Items": NaN,
        "Total Unusual Items Excluding Goodwill": NaN,
        "Net Income From Continuing Operation Net Minority Interest": NaN,
        "Reconciled Depreciation": NaN,
        "Net Interest Income": NaN,
        "Interest Expense": NaN,
        "Interest Income": NaN,
        "Normalized Income": NaN,
        "Net Income From Continuing And Discontinued Operation": NaN,
        "Rent Expense Supplemental": NaN,
        "Diluted Average Shares": 242666667.0,
        "Basic Average Shares": 242666667.0,
        "Diluted EPS": 2442.0,
        "Basic EPS": 2442.0,
        "Diluted NI Availto Com Stockholders": NaN,
        "Net Income Common Stockholders": NaN,
        "Otherunder Preferred Stock Dividend": NaN,
        "Net Income": NaN,
        "Minority Interests": NaN,
        "Net Income Including Noncontrolling Interests": NaN,
        "Net Income Continuous Operations": NaN,
        "Tax Provision": NaN,
        "Pretax Income": NaN,
        "Other Non Operating Income Expenses": NaN,
        "Special Income Charges": NaN,
        "Gain On Sale Of Business": NaN,
        "Other Special Charges": NaN,
        "Impairment Of Capital Assets": NaN,
        "Gain On Sale Of Security": NaN,
        "Depreciation Amortization Depletion Income Statement": NaN,
        "Depreciation And Amortization In Income Statement": NaN,
        "Depreciation Income Statement": NaN,
        "Selling General And Administration": NaN,
        "Selling And Marketing Expense": NaN,
        "General And Administrative Expense": NaN,
        "Other Gand A": NaN,
        "Insurance And Claims": NaN,
        "Rent And Landing Fees": NaN,
        "Salaries And Wages": NaN,
        "Total Revenue": NaN,
        "Operating Revenue": NaN,
        "Other Non Interest Expense": NaN
    },
    "2023-09-30": {
        "Tax Effect Of Unusual Items": NaN,
        "Tax Rate For Calcs": NaN,
        "Total Unusual Items": NaN,
        "Total Unusual Items Excluding Goodwill": NaN,
        "Net Income From Continuing Operation Net Minority Interest": NaN,
        "Reconciled Depreciation": NaN,
        "Net Interest Income": NaN,
        "Interest Expense": NaN,
        "Interest Income": NaN,
        "Normalized Income": NaN,
        "Net Income From Continuing And Discontinued Operation": NaN,
        "Rent Expense Supplemental": NaN,
        "Diluted Average Shares": 246000000.0,
        "Basic Average Shares": 246000000.0,
        "Diluted EPS": 3522.0,
        "Basic EPS": 3522.0,
        "Diluted NI Availto Com Stockholders": NaN,
        "Net Income Common Stockholders": NaN,
        "Otherunder Preferred Stock Dividend": NaN,
        "Net Income": NaN,
        "Minority Interests": NaN,
        "Net Income Including Noncontrolling Interests": NaN,
        "Net Income Continuous Operations": NaN,
        "Tax Provision": NaN,
        "Pretax Income": NaN,
        "Other Non Operating Income Expenses": NaN,
        "Special Income Charges": NaN,
        "Gain On Sale Of Business": NaN,
        "Other Special Charges": NaN,
        "Impairment Of Capital Assets": NaN,
        "Gain On Sale Of Security": NaN,
        "Depreciation Amortization Depletion Income Statement": NaN,
        "Depreciation And Amortization In Income Statement": NaN,
        "Depreciation Income Statement": NaN,
        "Selling General And Administration": NaN,
        "Selling And Marketing Expense": NaN,
        "General And Administrative Expense": NaN,
        "Other Gand A": NaN,
        "Insurance And Claims": NaN,
        "Rent And Landing Fees": NaN,
        "Salaries And Wages": NaN,
        "Total Revenue": NaN,
        "Operating Revenue": NaN,
        "Other Non Interest Expense": NaN
    },
    "2023-12-31": {
        "Tax Effect Of Unusual Items": -8404290533.072433,
        "Tax Rate For Calcs": 0.222489,
        "Total Unusual Items": -37774000000.0,
        "Total Unusual Items Excluding Goodwill": -37774000000.0,
        "Net Income From Continuing Operation Net Minority Interest": 68114000000.0,
        "Reconciled Depreciation": 263898000000.0,
        "Net Interest Income": 2142593000000.0,
        "Interest Expense": 3281812000000.0,
        "Interest Income": 5424405000000.0,
        "Normalized Income": 97483709466.92757,
        "Net Income From Continuing And Discontinued Operation": 68114000000.0,
        "Rent Expense Supplemental": 27031000000.0,
        "Diluted Average Shares": NaN,
        "Basic Average Shares": NaN,
        "Diluted EPS": NaN,
        "Basic EPS": NaN,
        "Diluted NI Availto Com Stockholders": 32858000000.0,
        "Net Income Common Stockholders": 32858000000.0,
        "Otherunder Preferred Stock Dividend": 35256000000.0,
        "Net Income": 68114000000.0,
        "Minority Interests": -26852000000.0,
        "Net Income Including Noncontrolling Interests": 94966000000.0,
        "Net Income Continuous Operations": 94966000000.0,
        "Tax Provision": 27175000000.0,
        "Pretax Income": 122141000000.0,
        "Other Non Operating Income Expenses": 9234000000.0,
        "Special Income Charges": -37774000000.0,
        "Gain On Sale Of Business": 57000000.0,
        "Other Special Charges": 37737000000.0,
        "Impairment Of Capital Assets": 94000000.0,
        "Gain On Sale Of Security": -242605000000.0,
        "Depreciation Amortization Depletion Income Statement": 131582000000.0,
        "Depreciation And Amortization In Income Statement": 131582000000.0,
        "Depreciation Income Statement": 131582000000.0,
        "Selling General And Administration": 1336884000000.0,
        "Selling And Marketing Expense": 95799000000.0,
        "General And Administrative Expense": 1241085000000.0,
        "Other Gand A": 184210000000.0,
        "Insurance And Claims": 123420000000.0,
        "Rent And Landing Fees": 27031000000.0,
        "Salaries And Wages": 906424000000.0,
        "Total Revenue": 3012881000000.0,
        "Operating Revenue": 3012881000000.0,
        "Other Non Interest Expense": 590209000000.0
    },
    "2024-03-31": {
        "Tax Effect Of Unusual Items": NaN,
        "Tax Rate For Calcs": NaN,
        "Total Unusual Items": NaN,
        "Total Unusual Items Excluding Goodwill": NaN,
        "Net Income From Continuing Operation Net Minority Interest": NaN,
        "Reconciled Depreciation": NaN,
        "Net Interest Income": NaN,
        "Interest Expense": NaN,
        "Interest Income": NaN,
        "Normalized Income": NaN,
        "Net Income From Continuing And Discontinued Operation": NaN,
        "Rent Expense Supplemental": NaN,
        "Diluted Average Shares": 248891245.0,
        "Basic Average Shares": 248891245.0,
        "Diluted EPS": 3168.0,
        "Basic EPS": 3168.0,
        "Diluted NI Availto Com Stockholders": NaN,
        "Net Income Common Stockholders": NaN,
        "Otherunder Preferred Stock Dividend": NaN,
        "Net Income": NaN,
        "Minority Interests": NaN,
        "Net Income Including Noncontrolling Interests": NaN,
        "Net Income Continuous Operations": NaN,
        "Tax Provision": NaN,
        "Pretax Income": NaN,
        "Other Non Operating Income Expenses": NaN,
        "Special Income Charges": NaN,
        "Gain On Sale Of Business": NaN,
        "Other Special Charges": NaN,
        "Impairment Of Capital Assets": NaN,
        "Restructuring And Mergern Acquisition": NaN,
        "Gain On Sale Of Security": NaN,
        "Depreciation Amortization Depletion Income Statement": NaN,
        "Depreciation And Amortization In Income Statement": NaN,
        "Depreciation Income Statement": NaN,
        "Selling General And Administration": NaN,
        "Selling And Marketing Expense": NaN,
        "General And Administrative Expense": NaN,
        "Other Gand A": NaN,
        "Insurance And Claims": NaN,
        "Rent And Landing Fees": NaN,
        "Salaries And Wages": NaN,
        "Total Revenue": NaN,
        "Operating Revenue": NaN,
        "Other Non Interest Expense": NaN
    },
    "2024-06-30": {
        "Tax Effect Of Unusual Items": 385436715.956827,
        "Tax Rate For Calcs": 0.228882,
        "Total Unusual Items": 1684000000.0,
        "Total Unusual Items Excluding Goodwill": 1684000000.0,
        "Net Income From Continuing Operation Net Minority Interest": 931495000000.0,
        "Reconciled Depreciation": 288158000000.0,
        "Net Interest Income": 2196896000000.0,
        "Interest Expense": 3221479000000.0,
        "Interest Income": 5418375000000.0,
        "Normalized Income": 930196436715.9568,
        "Net Income From Continuing And Discontinued Operation": 931495000000.0,
        "Rent Expense Supplemental": 27430000000.0,
        "Diluted Average Shares": 246333333.0,
        "Basic Average Shares": 246333333.0,
        "Diluted EPS": 3618.0,
        "Basic EPS": 3618.0,
        "Diluted NI Availto Com Stockholders": 891747000000.0,
        "Net Income Common Stockholders": 891747000000.0,
        "Otherunder Preferred Stock Dividend": 39748000000.0,
        "Net Income": 931495000000.0,
        "Minority Interests": -30014000000.0,
        "Net Income Including Noncontrolling Interests": 961509000000.0,
        "Net Income Continuous Operations": 961509000000.0,
        "Tax Provision": 285393000000.0,
        "Pretax Income": 1246902000000.0,
        "Other Non Operating Income Expenses": -5119000000.0,
        "Special Income Charges": 1684000000.0,
        "Gain On Sale Of Business": -70000000.0,
        "Other Special Charges": -1842000000.0,
        "Impairment Of Capital Assets": 88000000.0,
        "Restructuring And Mergern Acquisition": 0.0,
        "Gain On Sale Of Security": 538598000000.0,
        "Depreciation Amortization Depletion Income Statement": 137993000000.0,
        "Depreciation And Amortization In Income Statement": 137993000000.0,
        "Depreciation Income Statement": 137993000000.0,
        "Selling General And Administration": 999470000000.0,
        "Selling And Marketing Expense": 53941000000.0,
        "General And Administrative Expense": 945529000000.0,
        "Other Gand A": 151338000000.0,
        "Insurance And Claims": 129520000000.0,
        "Rent And Landing Fees": 27430000000.0,
        "Salaries And Wages": 637241000000.0,
        "Total Revenue": 3286980000000.0,
        "Operating Revenue": 3286980000000.0,
        "Other Non Interest Expense": 527780000000.0
    },
    "2024-09-30": {
        "Tax Effect Of Unusual Items": 2617297792.139651,
        "Tax Rate For Calcs": 0.236304,
        "Total Unusual Items": 11076000000.0,
        "Total Unusual Items Excluding Goodwill": 11076000000.0,
        "Net Income From Continuing Operation Net Minority Interest": 904371000000.0,
        "Reconciled Depreciation": 294014000000.0,
        "Net Interest Income": 2219493000000.0,
        "Interest Expense": 3309361000000.0,
        "Interest Income": 5528854000000.0,
        "Normalized Income": 896069619266.9337,
        "Net Income From Continuing And Discontinued Operation": 904371000000.0,
        "Rent Expense Supplemental": 33182000000.0,
        "Diluted Average Shares": 246666667.0,
        "Basic Average Shares": 246666667.0,
        "Diluted EPS": 3486.0,
        "Basic EPS": 3486.0,
        "Diluted NI Availto Com Stockholders": 860352000000.0,
        "Net Income Common Stockholders": 860352000000.0,
        "Otherunder Preferred Stock Dividend": 44019000000.0,
        "Net Income": 904371000000.0,
        "Minority Interests": -12607000000.0,
        "Net Income Including Noncontrolling Interests": 916978000000.0,
        "Net Income Continuous Operations": 916978000000.0,
        "Tax Provision": 283732000000.0,
        "Pretax Income": 1200710000000.0,
        "Other Non Operating Income Expenses": -7800000000.0,
        "Special Income Charges": 11076000000.0,
        "Gain On Sale Of Business": 17190000000.0,
        "Other Special Charges": 6152000000.0,
        "Impairment Of Capital Assets": -38000000.0,
        "Restructuring And Mergern Acquisition": 206000000.0,
        "Gain On Sale Of Security": -12991000000.0,
        "Depreciation Amortization Depletion Income Statement": 135020000000.0,
        "Depreciation And Amortization In Income Statement": 135020000000.0,
        "Depreciation Income Statement": 135020000000.0,
        "Selling General And Administration": 1009190000000.0,
        "Selling And Marketing Expense": 54138000000.0,
        "General And Administrative Expense": 955052000000.0,
        "Other Gand A": 160066000000.0,
        "Insurance And Claims": 135286000000.0,
        "Rent And Landing Fees": 33182000000.0,
        "Salaries And Wages": 626518000000.0,
        "Total Revenue": 3272303000000.0,
        "Operating Revenue": 3272303000000.0,
        "Other Non Interest Expense": 468378000000.0
    },
    "2024-12-31": {
        "Tax Effect Of Unusual Items": -18846128582.019333,
        "Tax Rate For Calcs": 0.280712,
        "Total Unusual Items": -67137000000.0,
        "Total Unusual Items Excluding Goodwill": -71967000000.0,
        "Net Income From Continuing Operation Net Minority Interest": 426128000000.0,
        "Reconciled Depreciation": 305634000000.0,
        "Net Interest Income": 2271744000000.0,
        "Interest Expense": 3324867000000.0,
        "Interest Income": 5596611000000.0,
        "Normalized Income": 474418871417.98065,
        "Net Income From Continuing And Discontinued Operation": 426128000000.0,
        "Rent Expense Supplemental": 32152000000.0,
        "Diluted Average Shares": NaN,
        "Basic Average Shares": NaN,
        "Diluted EPS": NaN,
        "Basic EPS": NaN,
        "Diluted NI Availto Com Stockholders": 386472000000.0,
        "Net Income Common Stockholders": 386472000000.0,
        "Otherunder Preferred Stock Dividend": 39656000000.0,
        "Net Income": 426128000000.0,
        "Minority Interests": -27943000000.0,
        "Net Income Including Noncontrolling Interests": 454071000000.0,
        "Net Income Continuous Operations": 454071000000.0,
        "Tax Provision": 177207000000.0,
        "Pretax Income": 631278000000.0,
        "Other Non Operating Income Expenses": -1975000000.0,
        "Special Income Charges": -67137000000.0,
        "Gain On Sale Of Business": 1687000000.0,
        "Other Special Charges": 66645000000.0,
        "Impairment Of Capital Assets": 2179000000.0,
        "Restructuring And Mergern Acquisition": 4830000000.0,
        "Gain On Sale Of Security": 856343000000.0,
        "Depreciation Amortization Depletion Income Statement": 141464000000.0,
        "Depreciation And Amortization In Income Statement": 141464000000.0,
        "Depreciation Income Statement": 141464000000.0,
        "Selling General And Administration": 1259183000000.0,
        "Selling And Marketing Expense": 67202000000.0,
        "General And Administrative Expense": 1191981000000.0,
        "Other Gand A": 188283000000.0,
        "Insurance And Claims": 134313000000.0,
        "Rent And Landing Fees": 32152000000.0,
        "Salaries And Wages": 837233000000.0,
        "Total Revenue": 3002522000000.0,
        "Operating Revenue": 3002522000000.0,
        "Other Non Interest Expense": 462507000000.0
    },
    "2025-03-31": {
        "Tax Effect Of Unusual Items": -109077095.056067,
        "Tax Rate For Calcs": 0.242933,
        "Total Unusual Items": -169841000000.0,
        "Total Unusual Items Excluding Goodwill": -449000000.0,
        "Net Income From Continuing Operation Net Minority Interest": 616691000000.0,
        "Reconciled Depreciation": 309434000000.0,
        "Net Interest Income": 2251991000000.0,
        "Interest Expense": 3053178000000.0,
        "Interest Income": 5305169000000.0,
        "Normalized Income": 617030922904.944,
        "Net Income From Continuing And Discontinued Operation": 616691000000.0,
        "Rent Expense Supplemental": 32019000000.0,
        "Diluted Average Shares": 246398445.0,
        "Basic Average Shares": 246398445.0,
        "Diluted EPS": 2343.0,
        "Basic EPS": 2343.0,
        "Diluted NI Availto Com Stockholders": 577185000000.0,
        "Net Income Common Stockholders": 577185000000.0,
        "Otherunder Preferred Stock Dividend": 39506000000.0,
        "Net Income": 616691000000.0,
        "Minority Interests": -37865000000.0,
        "Net Income Including Noncontrolling Interests": 654556000000.0,
        "Net Income Continuous Operations": 654556000000.0,
        "Tax Provision": 210039000000.0,
        "Pretax Income": 864595000000.0,
        "Other Non Operating Income Expenses": -2113000000.0,
        "Special Income Charges": -449000000.0,
        "Gain On Sale Of Business": -175000000.0,
        "Other Special Charges": 12000000.0,
        "Impairment Of Capital Assets": 262000000.0,
        "Restructuring And Mergern Acquisition": 169392000000.0,
        "Gain On Sale Of Security": 267035000000.0,
        "Depreciation Amortization Depletion Income Statement": 144344000000.0,
        "Depreciation And Amortization In Income Statement": 144344000000.0,
        "Depreciation Income Statement": 144344000000.0,
        "Selling General And Administration": 1241181000000.0,
        "Selling And Marketing Expense": 25597000000.0,
        "General And Administrative Expense": 1215584000000.0,
        "Other Gand A": 219102000000.0,
        "Insurance And Claims": 134096000000.0,
        "Rent And Landing Fees": 32019000000.0,
        "Salaries And Wages": 830367000000.0,
        "Total Revenue": 3172195000000.0,
        "Operating Revenue": 3172195000000.0,
        "Other Non Interest Expense": 494685000000.0
    },
    "2025-06-30": {
        "Tax Effect Of Unusual Items": 3383933066.1576,
        "Tax Rate For Calcs": 0.20796,
        "Total Unusual Items": 16272000000.0,
        "Total Unusual Items Excluding Goodwill": 16272000000.0,
        "Net Income From Continuing Operation Net Minority Interest": 935328000000.0,
        "Reconciled Depreciation": 309303000000.0,
        "Net Interest Income": 2261817000000.0,
        "Interest Expense": 2852790000000.0,
        "Interest Income": 5114607000000.0,
        "Normalized Income": 922439933066.1576,
        "Net Income From Continuing And Discontinued Operation": 935328000000.0,
        "Rent Expense Supplemental": 29801000000.0,
        "Diluted Average Shares": 244666667.0,
        "Basic Average Shares": 244666667.0,
        "Diluted EPS": 3675.0,
        "Basic EPS": 3675.0,
        "Diluted NI Availto Com Stockholders": 899162000000.0,
        "Net Income Common Stockholders": 899162000000.0,
        "Otherunder Preferred Stock Dividend": 36166000000.0,
        "Net Income": 935328000000.0,
        "Minority Interests": -4415000000.0,
        "Net Income Including Noncontrolling Interests": 939743000000.0,
        "Net Income Continuous Operations": 939743000000.0,
        "Tax Provision": 246742000000.0,
        "Pretax Income": 1186485000000.0,
        "Other Non Operating Income Expenses": 133000000.0,
        "Special Income Charges": 16272000000.0,
        "Gain On Sale Of Business": 356000000.0,
        "Other Special Charges": -15117000000.0,
        "Impairment Of Capital Assets": -799000000.0,
        "Restructuring And Mergern Acquisition": 0.0,
        "Gain On Sale Of Security": -338567000000.0,
        "Depreciation Amortization Depletion Income Statement": 144421000000.0,
        "Depreciation And Amortization In Income Statement": 144421000000.0,
        "Depreciation Income Statement": 144421000000.0,
        "Selling General And Administration": 1095853000000.0,
        "Selling And Marketing Expense": 38640000000.0,
        "General And Administrative Expense": 1057213000000.0,
        "Other Gand A": 172464000000.0,
        "Insurance And Claims": 129131000000.0,
        "Rent And Landing Fees": 29801000000.0,
        "Salaries And Wages": 725817000000.0,
        "Total Revenue": 3398395000000.0,
        "Operating Revenue": 3398395000000.0,
        "Other Non Interest Expense": 541519000000.0
    }
}