{
    "2023-06-30": {
        "Tax Effect Of Unusual Items": NaN,
        "Tax Rate For Calcs": NaN,
        "Normalized EBITDA": NaN,
        "Total Unusual Items": NaN,
        "Total Unusual Items Excluding Goodwill": NaN,
        "Net Income From Continuing Operation Net Minority Interest": NaN,
        "Reconciled Depreciation": NaN,
        "Reconciled Cost Of Revenue": NaN,
        "EBITDA": NaN,
        "EBIT": NaN,
        "Net Interest Income": NaN,
        "Interest Expense": NaN,
        "Interest Income": NaN,
        "Normalized Income": NaN,
        "Net Income From Continuing And Discontinued Operation": NaN,
        "Total Expenses": NaN,
        "Total Operating Income As Reported": NaN,
        "Diluted Average Shares": 83556000.0,
        "Basic Average Shares": 83556000.0,
        "Diluted EPS": -1.57,
        "Basic EPS": -1.57,
        "Diluted NI Availto Com Stockholders": NaN,
        "Average Dilution Earnings": NaN,
        "Net Income Common Stockholders": NaN,
        "Net Income": NaN,
        "Net Income Including Noncontrolling Interests": NaN,
        "Net Income Continuous Operations": NaN,
        "Tax Provision": NaN,
        "Pretax Income": NaN,
        "Other Income Expense": NaN,
        "Other Non Operating Income Expenses": NaN,
        "Special Income Charges": NaN,
        "Write Off": NaN,
        "Impairment Of Capital Assets": NaN,
        "Restructuring And Mergern Acquisition": NaN,
        "Gain On Sale Of Security": NaN,
        "Net Non Operating Interest Income Expense": NaN,
        "Total Other Finance Cost": -1000000.0,
        "Interest Expense Non Operating": NaN,
        "Interest Income Non Operating": NaN,
        "Operating Income": NaN,
        "Operating Expense": NaN,
        "Other Taxes": NaN,
        "Depreciation Amortization Depletion Income Statement": NaN,
        "Depreciation And Amortization In Income Statement": NaN,
        "Amortization": NaN,
        "Amortization Of Intangibles Income Statement": NaN,
        "Selling General And Administration": NaN,
        "Selling And Marketing Expense": NaN,
        "General And Administrative Expense": NaN,
        "Other Gand A": NaN,
        "Salaries And Wages": NaN,
        "Gross Profit": NaN,
        "Cost Of Revenue": NaN,
        "Total Revenue": NaN,
        "Operating Revenue": NaN
    },
    "2023-03-31": {
        "Tax Effect Of Unusual Items": NaN,
        "Tax Rate For Calcs": NaN,
        "Normalized EBITDA": NaN,
        "Total Unusual Items": NaN,
        "Total Unusual Items Excluding Goodwill": NaN,
        "Net Income From Continuing Operation Net Minority Interest": NaN,
        "Reconciled Depreciation": NaN,
        "Reconciled Cost Of Revenue": NaN,
        "EBITDA": NaN,
        "EBIT": NaN,
        "Net Interest Income": NaN,
        "Interest Expense": NaN,
        "Interest Income": NaN,
        "Normalized Income": NaN,
        "Net Income From Continuing And Discontinued Operation": NaN,
        "Total Expenses": NaN,
        "Total Operating Income As Reported": NaN,
        "Diluted Average Shares": 83874000.0,
        "Basic Average Shares": 83555000.0,
        "Diluted EPS": -0.52,
        "Basic EPS": -0.5,
        "Diluted NI Availto Com Stockholders": NaN,
        "Average Dilution Earnings": NaN,
        "Net Income Common Stockholders": NaN,
        "Net Income": NaN,
        "Net Income Including Noncontrolling Interests": NaN,
        "Net Income Continuous Operations": NaN,
        "Tax Provision": NaN,
        "Pretax Income": NaN,
        "Other Income Expense": NaN,
        "Other Non Operating Income Expenses": NaN,
        "Special Income Charges": NaN,
        "Write Off": NaN,
        "Impairment Of Capital Assets": 0.0,
        "Restructuring And Mergern Acquisition": NaN,
        "Gain On Sale Of Security": NaN,
        "Net Non Operating Interest Income Expense": NaN,
        "Total Other Finance Cost": NaN,
        "Interest Expense Non Operating": NaN,
        "Interest Income Non Operating": NaN,
        "Operating Income": NaN,
        "Operating Expense": NaN,
        "Other Taxes": NaN,
        "Depreciation Amortization Depletion Income Statement": NaN,
        "Depreciation And Amortization In Income Statement": NaN,
        "Amortization": NaN,
        "Amortization Of Intangibles Income Statement": NaN,
        "Selling General And Administration": NaN,
        "Selling And Marketing Expense": NaN,
        "General And Administrative Expense": NaN,
        "Other Gand A": NaN,
        "Salaries And Wages": NaN,
        "Gross Profit": NaN,
        "Cost Of Revenue": NaN,
        "Total Revenue": NaN,
        "Operating Revenue": NaN
    },
    "2022-12-31": {
        "Tax Effect Of Unusual Items": NaN,
        "Tax Rate For Calcs": NaN,
        "Normalized EBITDA": NaN,
        "Total Unusual Items": NaN,
        "Total Unusual Items Excluding Goodwill": NaN,
        "Net Income From Continuing Operation Net Minority Interest": NaN,
        "Reconciled Depreciation": NaN,
        "Reconciled Cost Of Revenue": NaN,
        "EBITDA": NaN,
        "EBIT": NaN,
        "Net Interest Income": NaN,
        "Interest Expense": NaN,
        "Interest Income": NaN,
        "Normalized Income": NaN,
        "Net Income From Continuing And Discontinued Operation": NaN,
        "Total Expenses": NaN,
        "Total Operating Income As Reported": NaN,
        "Diluted Average Shares": NaN,
        "Basic Average Shares": NaN,
        "Diluted EPS": NaN,
        "Basic EPS": NaN,
        "Diluted NI Availto Com Stockholders": NaN,
        "Average Dilution Earnings": NaN,
        "Net Income Common Stockholders": NaN,
        "Net Income": NaN,
        "Net Income Including Noncontrolling Interests": NaN,
        "Net Income Continuous Operations": NaN,
        "Tax Provision": NaN,
        "Pretax Income": NaN,
        "Other Income Expense": NaN,
        "Other Non Operating Income Expenses": NaN,
        "Special Income Charges": NaN,
        "Write Off": NaN,
        "Impairment Of Capital Assets": NaN,
        "Restructuring And Mergern Acquisition": NaN,
        "Gain On Sale Of Security": NaN,
        "Net Non Operating Interest Income Expense": NaN,
        "Total Other Finance Cost": 2000000.0,
        "Interest Expense Non Operating": NaN,
        "Interest Income Non Operating": NaN,
        "Operating Income": NaN,
        "Operating Expense": NaN,
        "Other Taxes": NaN,
        "Depreciation Amortization Depletion Income Statement": NaN,
        "Depreciation And Amortization In Income Statement": NaN,
        "Amortization": NaN,
        "Amortization Of Intangibles Income Statement": NaN,
        "Selling General And Administration": NaN,
        "Selling And Marketing Expense": NaN,
        "General And Administrative Expense": NaN,
        "Other Gand A": NaN,
        "Salaries And Wages": NaN,
        "Gross Profit": NaN,
        "Cost Of Revenue": NaN,
        "Total Revenue": NaN,
        "Operating Revenue": NaN
    },
    "2022-09-30": {
        "Tax Effect Of Unusual Items": NaN,
        "Tax Rate For Calcs": NaN,
        "Normalized EBITDA": NaN,
        "Total Unusual Items": NaN,
        "Total Unusual Items Excluding Goodwill": NaN,
        "Net Income From Continuing Operation Net Minority Interest": NaN,
        "Reconciled Depreciation": NaN,
        "Reconciled Cost Of Revenue": NaN,
        "EBITDA": NaN,
        "EBIT": NaN,
        "Net Interest Income": NaN,
        "Interest Expense": NaN,
        "Interest Income": NaN,
        "Normalized Income": NaN,
        "Net Income From Continuing And Discontinued Operation": NaN,
        "Total Expenses": NaN,
        "Total Operating Income As Reported": NaN,
        "Diluted Average Shares": 86317000.0,
        "Basic Average Shares": 86317000.0,
        "Diluted EPS": 2.5,
        "Basic EPS": 2.5,
        "Diluted NI Availto Com Stockholders": NaN,
        "Average Dilution Earnings": NaN,
        "Net Income Common Stockholders": NaN,
        "Net Income": NaN,
        "Net Income Including Noncontrolling Interests": NaN,
        "Net Income Continuous Operations": NaN,
        "Tax Provision": NaN,
        "Pretax Income": NaN,
        "Other Income Expense": NaN,
        "Other Non Operating Income Expenses": NaN,
        "Special Income Charges": NaN,
        "Write Off": 0.0,
        "Impairment Of Capital Assets": 0.0,
        "Restructuring And Mergern Acquisition": NaN,
        "Gain On Sale Of Security": NaN,
        "Net Non Operating Interest Income Expense": NaN,
        "Total Other Finance Cost": 2000000.0,
        "Interest Expense Non Operating": NaN,
        "Interest Income Non Operating": NaN,
        "Operating Income": NaN,
        "Operating Expense": NaN,
        "Other Taxes": NaN,
        "Depreciation Amortization Depletion Income Statement": NaN,
        "Depreciation And Amortization In Income Statement": NaN,
        "Amortization": NaN,
        "Amortization Of Intangibles Income Statement": NaN,
        "Selling General And Administration": NaN,
        "Selling And Marketing Expense": NaN,
        "General And Administrative Expense": NaN,
        "Other Gand A": NaN,
        "Salaries And Wages": NaN,
        "Gross Profit": NaN,
        "Cost Of Revenue": NaN,
        "Total Revenue": NaN,
        "Operating Revenue": NaN
    },
    "2022-06-30": {
        "Tax Effect Of Unusual Items": 5029940.11976,
        "Tax Rate For Calcs": 0.239521,
        "Normalized EBITDA": 1130000000.0,
        "Total Unusual Items": 21000000.0,
        "Total Unusual Items Excluding Goodwill": 21000000.0,
        "Net Income From Continuing Operation Net Minority Interest": 762000000.0,
        "Reconciled Depreciation": 144000000.0,
        "Reconciled Cost Of Revenue": 1385000000.0,
        "EBITDA": 1151000000.0,
        "EBIT": 1007000000.0,
        "Net Interest Income": -3000000.0,
        "Interest Expense": 5000000.0,
        "Interest Income": 3000000.0,
        "Normalized Income": 746029940.11976,
        "Net Income From Continuing And Discontinued Operation": 762000000.0,
        "Total Expenses": 1906000000.0,
        "Total Operating Income As Reported": 981000000.0,
        "Diluted Average Shares": 99930000.0,
        "Basic Average Shares": 99551000.0,
        "Diluted EPS": 7.59,
        "Basic EPS": 7.66,
        "Diluted NI Availto Com Stockholders": 758000000.0,
        "Average Dilution Earnings": -4000000.0,
        "Net Income Common Stockholders": 762000000.0,
        "Net Income": 762000000.0,
        "Net Income Including Noncontrolling Interests": 762000000.0,
        "Net Income Continuous Operations": 762000000.0,
        "Tax Provision": 240000000.0,
        "Pretax Income": 1002000000.0,
        "Other Income Expense": 24000000.0,
        "Other Non Operating Income Expenses": 3000000.0,
        "Special Income Charges": 0.0,
        "Write Off": NaN,
        "Impairment Of Capital Assets": 0.0,
        "Restructuring And Mergern Acquisition": NaN,
        "Gain On Sale Of Security": 21000000.0,
        "Net Non Operating Interest Income Expense": -3000000.0,
        "Total Other Finance Cost": 1000000.0,
        "Interest Expense Non Operating": 5000000.0,
        "Interest Income Non Operating": 3000000.0,
        "Operating Income": 981000000.0,
        "Operating Expense": 521000000.0,
        "Other Taxes": 16000000.0,
        "Depreciation Amortization Depletion Income Statement": 144000000.0,
        "Depreciation And Amortization In Income Statement": 144000000.0,
        "Amortization": 144000000.0,
        "Amortization Of Intangibles Income Statement": 144000000.0,
        "Selling General And Administration": 361000000.0,
        "Selling And Marketing Expense": 275000000.0,
        "General And Administrative Expense": 86000000.0,
        "Other Gand A": 87000000.0,
        "Salaries And Wages": -1000000.0,
        "Gross Profit": 1502000000.0,
        "Cost Of Revenue": 1385000000.0,
        "Total Revenue": 2887000000.0,
        "Operating Revenue": 2887000000.0
    },
    "2022-03-31": {
        "Diluted EPS": 10.25,
        "Total Revenue": NaN,
        "Gross Profit": NaN,
        "Operating Income": NaN,
        "EBIT": NaN,
        "Net Income": NaN
    },
    "2021-12-31": {
        "Diluted EPS": 3.55,
        "Total Revenue": NaN,
        "Gross Profit": 673,
        "Operating Income": 450,
        "EBIT": 603,
        "Net Income": 334
    },
    "2021-09-30": {
        "Diluted EPS": 4.2,
        "Total Revenue": NaN,
        "Gross Profit": 925,
        "Operating Income": 630,
        "EBIT": 777,
        "Net Income": 460
    },
    "2021-06-30": {
        "Diluted EPS": 12.32,
        "Total Revenue": NaN,
        "Gross Profit": NaN,
        "Operating Income": NaN,
        "EBIT": NaN,
        "Net Income": NaN
    },
    "2021-03-31": {
        "Diluted EPS": 6.96,
        "Total Revenue": NaN,
        "Gross Profit": NaN,
        "Operating Income": 879,
        "EBIT": NaN,
        "Net Income": 665
    },
    "2020-12-31": {
        "Diluted EPS": 4.1,
        "Total Revenue": NaN,
        "Gross Profit": 471,
        "Operating Income": 397,
        "EBIT": 451,
        "Net Income": 281
    },
    "2020-09-30": {
        "Diluted EPS": 3.82,
        "Total Revenue": NaN,
        "Gross Profit": 508,
        "Operating Income": 366,
        "EBIT": 416,
        "Net Income": 262
    },
    "2020-06-30": {
        "Diluted EPS": 0.51,
        "Total Revenue": 921,
        "Gross Profit": 173,
        "Operating Income": 61,
        "EBIT": 108,
        "Net Income": 35
    },
    "2020-03-31": {
        "Diluted EPS": -0.09,
        "Total Revenue": 890,
        "Gross Profit": 135,
        "Operating Income": 9,
        "EBIT": 61,
        "Net Income": 9
    },
    "2023-09-30": {
        "Tax Effect Of Unusual Items": NaN,
        "Tax Rate For Calcs": NaN,
        "Normalized EBITDA": NaN,
        "Total Unusual Items": NaN,
        "Total Unusual Items Excluding Goodwill": NaN,
        "Net Income From Continuing Operation Net Minority Interest": NaN,
        "Reconciled Depreciation": NaN,
        "Reconciled Cost Of Revenue": NaN,
        "EBITDA": NaN,
        "EBIT": NaN,
        "Net Interest Income": NaN,
        "Interest Expense": NaN,
        "Interest Income": NaN,
        "Normalized Income": NaN,
        "Net Income From Continuing And Discontinued Operation": NaN,
        "Total Expenses": NaN,
        "Total Operating Income As Reported": NaN,
        "Diluted Average Shares": 83799000.0,
        "Basic Average Shares": 83499000.0,
        "Diluted EPS": 1.81,
        "Basic EPS": 1.91,
        "Diluted NI Availto Com Stockholders": NaN,
        "Average Dilution Earnings": NaN,
        "Net Income Common Stockholders": NaN,
        "Net Income": NaN,
        "Net Income Including Noncontrolling Interests": NaN,
        "Net Income Continuous Operations": NaN,
        "Tax Provision": NaN,
        "Pretax Income": NaN,
        "Other Income Expense": NaN,
        "Other Non Operating Income Expenses": NaN,
        "Special Income Charges": NaN,
        "Write Off": 0.0,
        "Impairment Of Capital Assets": NaN,
        "Restructuring And Mergern Acquisition": NaN,
        "Gain On Sale Of Security": NaN,
        "Net Non Operating Interest Income Expense": NaN,
        "Total Other Finance Cost": NaN,
        "Interest Expense Non Operating": NaN,
        "Interest Income Non Operating": NaN,
        "Operating Income": NaN,
        "Operating Expense": NaN,
        "Other Taxes": NaN,
        "Depreciation Amortization Depletion Income Statement": NaN,
        "Depreciation And Amortization In Income Statement": NaN,
        "Amortization": NaN,
        "Amortization Of Intangibles Income Statement": NaN,
        "Selling General And Administration": NaN,
        "Selling And Marketing Expense": NaN,
        "General And Administrative Expense": NaN,
        "Other Gand A": NaN,
        "Salaries And Wages": NaN,
        "Gross Profit": NaN,
        "Cost Of Revenue": NaN,
        "Total Revenue": NaN,
        "Operating Revenue": NaN
    },
    "2023-12-31": {
        "Tax Effect Of Unusual Items": NaN,
        "Tax Rate For Calcs": NaN,
        "Normalized EBITDA": NaN,
        "Total Unusual Items": NaN,
        "Total Unusual Items Excluding Goodwill": NaN,
        "Net Income From Continuing Operation Net Minority Interest": NaN,
        "Reconciled Depreciation": NaN,
        "Reconciled Cost Of Revenue": NaN,
        "EBITDA": NaN,
        "EBIT": NaN,
        "Net Interest Income": NaN,
        "Interest Expense": NaN,
        "Interest Income": NaN,
        "Normalized Income": NaN,
        "Net Income From Continuing And Discontinued Operation": NaN,
        "Total Expenses": NaN,
        "Total Operating Income As Reported": NaN,
        "Diluted Average Shares": NaN,
        "Basic Average Shares": NaN,
        "Diluted EPS": NaN,
        "Basic EPS": NaN,
        "Diluted NI Availto Com Stockholders": NaN,
        "Average Dilution Earnings": NaN,
        "Net Income Common Stockholders": NaN,
        "Net Income": NaN,
        "Net Income Including Noncontrolling Interests": NaN,
        "Net Income Continuous Operations": NaN,
        "Tax Provision": NaN,
        "Pretax Income": NaN,
        "Other Income Expense": NaN,
        "Other Non Operating Income Expenses": NaN,
        "Special Income Charges": NaN,
        "Other Special Charges": 0.0,
        "Write Off": 0.0,
        "Impairment Of Capital Assets": NaN,
        "Restructuring And Mergern Acquisition": NaN,
        "Gain On Sale Of Security": NaN,
        "Net Non Operating Interest Income Expense": NaN,
        "Total Other Finance Cost": NaN,
        "Interest Expense Non Operating": NaN,
        "Interest Income Non Operating": NaN,
        "Operating Income": NaN,
        "Operating Expense": NaN,
        "Other Taxes": NaN,
        "Depreciation Amortization Depletion Income Statement": NaN,
        "Depreciation And Amortization In Income Statement": NaN,
        "Amortization": NaN,
        "Amortization Of Intangibles Income Statement": NaN,
        "Selling General And Administration": NaN,
        "Selling And Marketing Expense": NaN,
        "General And Administrative Expense": NaN,
        "Other Gand A": NaN,
        "Salaries And Wages": NaN,
        "Gross Profit": NaN,
        "Cost Of Revenue": NaN,
        "Total Revenue": NaN,
        "Operating Revenue": NaN
    },
    "2024-03-31": {
        "Tax Effect Of Unusual Items": NaN,
        "Tax Rate For Calcs": NaN,
        "Normalized EBITDA": NaN,
        "Total Unusual Items": NaN,
        "Total Unusual Items Excluding Goodwill": NaN,
        "Net Income From Continuing Operation Net Minority Interest": NaN,
        "Reconciled Depreciation": NaN,
        "Reconciled Cost Of Revenue": NaN,
        "EBITDA": NaN,
        "EBIT": NaN,
        "Net Interest Income": NaN,
        "Interest Expense": NaN,
        "Interest Income": NaN,
        "Normalized Income": NaN,
        "Net Income From Continuing And Discontinued Operation": NaN,
        "Total Expenses": NaN,
        "Total Operating Income As Reported": NaN,
        "Diluted Average Shares": NaN,
        "Basic Average Shares": NaN,
        "Diluted EPS": NaN,
        "Basic EPS": NaN,
        "Diluted NI Availto Com Stockholders": NaN,
        "Average Dilution Earnings": NaN,
        "Net Income Common Stockholders": NaN,
        "Net Income": NaN,
        "Net Income Including Noncontrolling Interests": NaN,
        "Net Income Continuous Operations": NaN,
        "Tax Provision": NaN,
        "Pretax Income": NaN,
        "Other Income Expense": NaN,
        "Other Non Operating Income Expenses": NaN,
        "Special Income Charges": NaN,
        "Other Special Charges": NaN,
        "Write Off": -1000000.0,
        "Impairment Of Capital Assets": NaN,
        "Restructuring And Mergern Acquisition": NaN,
        "Gain On Sale Of Security": NaN,
        "Net Non Operating Interest Income Expense": NaN,
        "Total Other Finance Cost": NaN,
        "Interest Expense Non Operating": NaN,
        "Interest Income Non Operating": NaN,
        "Operating Income": NaN,
        "Operating Expense": NaN,
        "Other Taxes": NaN,
        "Depreciation Amortization Depletion Income Statement": NaN,
        "Depreciation And Amortization In Income Statement": NaN,
        "Amortization": NaN,
        "Amortization Of Intangibles Income Statement": NaN,
        "Selling General And Administration": NaN,
        "Selling And Marketing Expense": NaN,
        "General And Administrative Expense": NaN,
        "Other Gand A": NaN,
        "Salaries And Wages": NaN,
        "Gross Profit": NaN,
        "Cost Of Revenue": NaN,
        "Total Revenue": NaN,
        "Operating Revenue": NaN
    },
    "2024-06-30": {
        "Tax Effect Of Unusual Items": NaN,
        "Tax Rate For Calcs": NaN,
        "Normalized EBITDA": NaN,
        "Total Unusual Items": NaN,
        "Total Unusual Items Excluding Goodwill": NaN,
        "Net Income From Continuing Operation Net Minority Interest": NaN,
        "Reconciled Depreciation": NaN,
        "Reconciled Cost Of Revenue": NaN,
        "EBITDA": NaN,
        "EBIT": NaN,
        "Net Interest Income": NaN,
        "Interest Expense": NaN,
        "Interest Income": NaN,
        "Normalized Income": NaN,
        "Net Income From Continuing And Discontinued Operation": NaN,
        "Total Expenses": NaN,
        "Total Operating Income As Reported": NaN,
        "Diluted Average Shares": 81457000.0,
        "Basic Average Shares": 81209000.0,
        "Diluted EPS": 1.2,
        "Basic EPS": 1.29,
        "Diluted NI Availto Com Stockholders": NaN,
        "Average Dilution Earnings": NaN,
        "Net Income Common Stockholders": NaN,
        "Net Income": NaN,
        "Net Income Including Noncontrolling Interests": NaN,
        "Net Income Continuous Operations": NaN,
        "Tax Provision": NaN,
        "Pretax Income": NaN,
        "Other Income Expense": NaN,
        "Other Non Operating Income Expenses": NaN,
        "Special Income Charges": NaN,
        "Other Special Charges": NaN,
        "Write Off": NaN,
        "Impairment Of Capital Assets": NaN,
        "Restructuring And Mergern Acquisition": NaN,
        "Gain On Sale Of Security": NaN,
        "Net Non Operating Interest Income Expense": NaN,
        "Total Other Finance Cost": 3000000.0,
        "Interest Expense Non Operating": NaN,
        "Interest Income Non Operating": NaN,
        "Operating Income": NaN,
        "Operating Expense": NaN,
        "Other Taxes": NaN,
        "Depreciation Amortization Depletion Income Statement": NaN,
        "Depreciation And Amortization In Income Statement": NaN,
        "Amortization": NaN,
        "Amortization Of Intangibles Income Statement": NaN,
        "Selling General And Administration": NaN,
        "Selling And Marketing Expense": NaN,
        "General And Administrative Expense": NaN,
        "Other Gand A": NaN,
        "Salaries And Wages": NaN,
        "Gross Profit": NaN,
        "Cost Of Revenue": NaN,
        "Total Revenue": NaN,
        "Operating Revenue": NaN
    },
    "2024-09-30": {
        "Tax Effect Of Unusual Items": -7680000.0,
        "Tax Rate For Calcs": 0.24,
        "Normalized EBITDA": 66000000.0,
        "Total Unusual Items": -32000000.0,
        "Total Unusual Items Excluding Goodwill": -32000000.0,
        "Net Income From Continuing Operation Net Minority Interest": -83000000.0,
        "Reconciled Depreciation": 136000000.0,
        "Reconciled Cost Of Revenue": 1072000000.0,
        "EBITDA": 34000000.0,
        "EBIT": -102000000.0,
        "Net Interest Income": 7000000.0,
        "Interest Expense": 7000000.0,
        "Interest Income": 14000000.0,
        "Normalized Income": -58680000.0,
        "Net Income From Continuing And Discontinued Operation": -83000000.0,
        "Total Expenses": 1525000000.0,
        "Total Operating Income As Reported": -108000000.0,
        "Diluted Average Shares": 80346000.0,
        "Basic Average Shares": 80346000.0,
        "Diluted EPS": -1.03,
        "Basic EPS": -1.03,
        "Diluted NI Availto Com Stockholders": -83000000.0,
        "Average Dilution Earnings": 0.0,
        "Net Income Common Stockholders": -83000000.0,
        "Net Income": -83000000.0,
        "Net Income Including Noncontrolling Interests": -83000000.0,
        "Net Income Continuous Operations": -83000000.0,
        "Tax Provision": -26000000.0,
        "Pretax Income": -109000000.0,
        "Other Income Expense": -27000000.0,
        "Other Non Operating Income Expenses": 5000000.0,
        "Special Income Charges": -20000000.0,
        "Other Special Charges": 1000000.0,
        "Write Off": 18000000.0,
        "Impairment Of Capital Assets": 0.0,
        "Restructuring And Mergern Acquisition": 1000000.0,
        "Gain On Sale Of Security": -12000000.0,
        "Net Non Operating Interest Income Expense": 7000000.0,
        "Total Other Finance Cost": NaN,
        "Interest Expense Non Operating": 7000000.0,
        "Interest Income Non Operating": 14000000.0,
        "Operating Income": -88000000.0,
        "Operating Expense": 453000000.0,
        "Other Taxes": 35000000.0,
        "Depreciation Amortization Depletion Income Statement": 136000000.0,
        "Depreciation And Amortization In Income Statement": 136000000.0,
        "Amortization": 136000000.0,
        "Amortization Of Intangibles Income Statement": 136000000.0,
        "Selling General And Administration": 282000000.0,
        "Selling And Marketing Expense": 200000000.0,
        "General And Administrative Expense": 82000000.0,
        "Other Gand A": 67000000.0,
        "Salaries And Wages": 15000000.0,
        "Gross Profit": 365000000.0,
        "Cost Of Revenue": 1072000000.0,
        "Total Revenue": 1437000000.0,
        "Operating Revenue": 1437000000.0
    },
    "2024-12-31": {
        "Tax Effect Of Unusual Items": -9150000.0,
        "Tax Rate For Calcs": 0.15,
        "Normalized EBITDA": 161000000.0,
        "Total Unusual Items": -61000000.0,
        "Total Unusual Items Excluding Goodwill": -61000000.0,
        "Net Income From Continuing Operation Net Minority Interest": -62000000.0,
        "Reconciled Depreciation": 138000000.0,
        "Reconciled Cost Of Revenue": 1010000000.0,
        "EBITDA": 100000000.0,
        "EBIT": -38000000.0,
        "Net Interest Income": 13000000.0,
        "Interest Expense": 4000000.0,
        "Interest Income": 17000000.0,
        "Normalized Income": -10150000.0,
        "Net Income From Continuing And Discontinued Operation": -62000000.0,
        "Total Expenses": 1403000000.0,
        "Total Operating Income As Reported": -65000000.0,
        "Diluted Average Shares": NaN,
        "Basic Average Shares": NaN,
        "Diluted EPS": NaN,
        "Basic EPS": NaN,
        "Diluted NI Availto Com Stockholders": -63000000.0,
        "Average Dilution Earnings": 0.0,
        "Net Income Common Stockholders": -62000000.0,
        "Net Income": -62000000.0,
        "Net Income Including Noncontrolling Interests": -61000000.0,
        "Net Income Continuous Operations": -61000000.0,
        "Tax Provision": 19000000.0,
        "Pretax Income": -42000000.0,
        "Other Income Expense": -58000000.0,
        "Other Non Operating Income Expenses": 3000000.0,
        "Special Income Charges": -71000000.0,
        "Other Special Charges": 2000000.0,
        "Write Off": -29000000.0,
        "Impairment Of Capital Assets": 70000000.0,
        "Restructuring And Mergern Acquisition": 28000000.0,
        "Gain On Sale Of Security": 10000000.0,
        "Net Non Operating Interest Income Expense": 13000000.0,
        "Total Other Finance Cost": 0.0,
        "Interest Expense Non Operating": 4000000.0,
        "Interest Income Non Operating": 17000000.0,
        "Operating Income": 2000000.0,
        "Operating Expense": 392000000.0,
        "Other Taxes": 7000000.0,
        "Depreciation Amortization Depletion Income Statement": 137000000.0,
        "Depreciation And Amortization In Income Statement": 137000000.0,
        "Amortization": 137000000.0,
        "Amortization Of Intangibles Income Statement": 137000000.0,
        "Selling General And Administration": 248000000.0,
        "Selling And Marketing Expense": 180000000.0,
        "General And Administrative Expense": 68000000.0,
        "Other Gand A": 69000000.0,
        "Salaries And Wages": -1000000.0,
        "Gross Profit": 394000000.0,
        "Cost Of Revenue": 1011000000.0,
        "Total Revenue": 1405000000.0,
        "Operating Revenue": 1405000000.0
    },
    "2025-03-31": {
        "Tax Effect Of Unusual Items": -2590000.0,
        "Tax Rate For Calcs": 0.37,
        "Normalized EBITDA": 211000000.0,
        "Total Unusual Items": -7000000.0,
        "Total Unusual Items Excluding Goodwill": -7000000.0,
        "Net Income From Continuing Operation Net Minority Interest": 42000000.0,
        "Reconciled Depreciation": 134000000.0,
        "Reconciled Cost Of Revenue": 981000000.0,
        "EBITDA": 204000000.0,
        "EBIT": 70000000.0,
        "Net Interest Income": 6000000.0,
        "Interest Expense": 3000000.0,
        "Interest Income": 10000000.0,
        "Normalized Income": 46410000.0,
        "Net Income From Continuing And Discontinued Operation": 42000000.0,
        "Total Expenses": 1395000000.0,
        "Total Operating Income As Reported": 64000000.0,
        "Diluted Average Shares": 79874000.0,
        "Basic Average Shares": 79669000.0,
        "Diluted EPS": 0.46,
        "Basic EPS": 0.53,
        "Diluted NI Availto Com Stockholders": 37000000.0,
        "Average Dilution Earnings": -5000000.0,
        "Net Income Common Stockholders": 42000000.0,
        "Net Income": 42000000.0,
        "Net Income Including Noncontrolling Interests": 42000000.0,
        "Net Income Continuous Operations": 42000000.0,
        "Tax Provision": 25000000.0,
        "Pretax Income": 67000000.0,
        "Other Income Expense": -3000000.0,
        "Other Non Operating Income Expenses": 4000000.0,
        "Special Income Charges": 0.0,
        "Other Special Charges": NaN,
        "Write Off": NaN,
        "Impairment Of Capital Assets": 0.0,
        "Restructuring And Mergern Acquisition": 0.0,
        "Gain On Sale Of Security": -7000000.0,
        "Net Non Operating Interest Income Expense": 6000000.0,
        "Total Other Finance Cost": 1000000.0,
        "Interest Expense Non Operating": 3000000.0,
        "Interest Income Non Operating": 10000000.0,
        "Operating Income": 64000000.0,
        "Operating Expense": 414000000.0,
        "Other Taxes": 23000000.0,
        "Depreciation Amortization Depletion Income Statement": 134000000.0,
        "Depreciation And Amortization In Income Statement": 134000000.0,
        "Amortization": 134000000.0,
        "Amortization Of Intangibles Income Statement": 134000000.0,
        "Selling General And Administration": 257000000.0,
        "Selling And Marketing Expense": 187000000.0,
        "General And Administrative Expense": 70000000.0,
        "Other Gand A": 73000000.0,
        "Salaries And Wages": -3000000.0,
        "Gross Profit": 478000000.0,
        "Cost Of Revenue": 981000000.0,
        "Total Revenue": 1459000000.0,
        "Operating Revenue": 1459000000.0
    },
    "2025-06-30": {
        "Tax Effect Of Unusual Items": -300000.0,
        "Tax Rate For Calcs": 0.15,
        "Normalized EBITDA": 97000000.0,
        "Total Unusual Items": -2000000.0,
        "Total Unusual Items Excluding Goodwill": -2000000.0,
        "Net Income From Continuing Operation Net Minority Interest": -24000000.0,
        "Reconciled Depreciation": 134000000.0,
        "Reconciled Cost Of Revenue": 1149000000.0,
        "EBITDA": 95000000.0,
        "EBIT": -39000000.0,
        "Net Interest Income": 4000000.0,
        "Interest Expense": 4000000.0,
        "Interest Income": 9000000.0,
        "Normalized Income": -22300000.0,
        "Net Income From Continuing And Discontinued Operation": -24000000.0,
        "Total Expenses": 1576000000.0,
        "Total Operating Income As Reported": -45000000.0,
        "Diluted Average Shares": 79373000.0,
        "Basic Average Shares": 79197000.0,
        "Diluted EPS": -0.38,
        "Basic EPS": -0.3,
        "Diluted NI Availto Com Stockholders": -30000000.0,
        "Average Dilution Earnings": -7000000.0,
        "Net Income Common Stockholders": -24000000.0,
        "Net Income": -24000000.0,
        "Net Income Including Noncontrolling Interests": -24000000.0,
        "Net Income Continuous Operations": -24000000.0,
        "Tax Provision": -19000000.0,
        "Pretax Income": -43000000.0,
        "Other Income Expense": -3000000.0,
        "Other Non Operating Income Expenses": -1000000.0,
        "Special Income Charges": 0.0,
        "Other Special Charges": NaN,
        "Write Off": NaN,
        "Impairment Of Capital Assets": 0.0,
        "Restructuring And Mergern Acquisition": 0.0,
        "Gain On Sale Of Security": -2000000.0,
        "Net Non Operating Interest Income Expense": 4000000.0,
        "Total Other Finance Cost": 1000000.0,
        "Interest Expense Non Operating": 4000000.0,
        "Interest Income Non Operating": 9000000.0,
        "Operating Income": -44000000.0,
        "Operating Expense": 427000000.0,
        "Other Taxes": 21000000.0,
        "Depreciation Amortization Depletion Income Statement": 134000000.0,
        "Depreciation And Amortization In Income Statement": 134000000.0,
        "Amortization": 134000000.0,
        "Amortization Of Intangibles Income Statement": 134000000.0,
        "Selling General And Administration": 272000000.0,
        "Selling And Marketing Expense": 208000000.0,
        "General And Administrative Expense": 64000000.0,
        "Other Gand A": 69000000.0,
        "Salaries And Wages": -5000000.0,
        "Gross Profit": 383000000.0,
        "Cost Of Revenue": 1149000000.0,
        "Total Revenue": 1532000000.0,
        "Operating Revenue": 1532000000.0
    },
    "2025-09-30": {
        "Tax Effect Of Unusual Items": 2600000.0,
        "Tax Rate For Calcs": 0.26,
        "Normalized EBITDA": -137000000.0,
        "Total Unusual Items": 10000000.0,
        "Total Unusual Items Excluding Goodwill": 10000000.0,
        "Net Income From Continuing Operation Net Minority Interest": -204000000.0,
        "Reconciled Depreciation": 133000000.0,
        "Reconciled Cost Of Revenue": 1104000000.0,
        "EBITDA": -127000000.0,
        "EBIT": -260000000.0,
        "Net Interest Income": -11000000.0,
        "Interest Expense": 16000000.0,
        "Interest Income": 6000000.0,
        "Normalized Income": -211400000.0,
        "Net Income From Continuing And Discontinued Operation": -204000000.0,
        "Total Expenses": 1582000000.0,
        "Total Operating Income As Reported": -275000000.0,
        "Diluted Average Shares": 78885000.0,
        "Basic Average Shares": 78714000.0,
        "Diluted EPS": -2.63,
        "Basic EPS": -2.59,
        "Diluted NI Availto Com Stockholders": -208000000.0,
        "Average Dilution Earnings": -4000000.0,
        "Net Income Common Stockholders": -204000000.0,
        "Net Income": -204000000.0,
        "Net Income Including Noncontrolling Interests": -204000000.0,
        "Net Income Continuous Operations": -204000000.0,
        "Tax Provision": -73000000.0,
        "Pretax Income": -276000000.0,
        "Other Income Expense": 11000000.0,
        "Other Non Operating Income Expenses": 1000000.0,
        "Special Income Charges": 0.0,
        "Other Special Charges": NaN,
        "Write Off": 0.0,
        "Impairment Of Capital Assets": 0.0,
        "Restructuring And Mergern Acquisition": 0.0,
        "Gain On Sale Of Security": 10000000.0,
        "Net Non Operating Interest Income Expense": -11000000.0,
        "Total Other Finance Cost": 1000000.0,
        "Interest Expense Non Operating": 16000000.0,
        "Interest Income Non Operating": 6000000.0,
        "Operating Income": -275000000.0,
        "Operating Expense": 478000000.0,
        "Other Taxes": 87000000.0,
        "Depreciation Amortization Depletion Income Statement": 133000000.0,
        "Depreciation And Amortization In Income Statement": 133000000.0,
        "Amortization": 133000000.0,
        "Amortization Of Intangibles Income Statement": 133000000.0,
        "Selling General And Administration": 258000000.0,
        "Selling And Marketing Expense": 194000000.0,
        "General And Administrative Expense": 64000000.0,
        "Other Gand A": 66000000.0,
        "Salaries And Wages": -2000000.0,
        "Gross Profit": 203000000.0,
        "Cost Of Revenue": 1104000000.0,
        "Total Revenue": 1307000000.0,
        "Operating Revenue": 1307000000.0
    }
}