{
    "2023-06-30": {
        "Tax Effect Of Unusual Items": NaN,
        "Tax Rate For Calcs": NaN,
        "Normalized EBITDA": NaN,
        "Total Unusual Items": -57000000.0,
        "Total Unusual Items Excluding Goodwill": -57000000.0,
        "Net Income From Continuing Operation Net Minority Interest": NaN,
        "Reconciled Depreciation": NaN,
        "Reconciled Cost Of Revenue": NaN,
        "EBITDA": NaN,
        "EBIT": NaN,
        "Net Interest Income": NaN,
        "Interest Expense": NaN,
        "Interest Income": 16000000.0,
        "Normalized Income": NaN,
        "Net Income From Continuing And Discontinued Operation": NaN,
        "Total Expenses": NaN,
        "Total Operating Income As Reported": NaN,
        "Diluted Average Shares": NaN,
        "Basic Average Shares": NaN,
        "Diluted EPS": NaN,
        "Basic EPS": NaN,
        "Diluted NI Availto Com Stockholders": NaN,
        "Net Income Common Stockholders": NaN,
        "Otherunder Preferred Stock Dividend": NaN,
        "Net Income": NaN,
        "Minority Interests": NaN,
        "Net Income Including Noncontrolling Interests": NaN,
        "Net Income Continuous Operations": NaN,
        "Tax Provision": NaN,
        "Pretax Income": NaN,
        "Other Income Expense": NaN,
        "Other Non Operating Income Expenses": NaN,
        "Gain On Sale Of Security": -57000000.0,
        "Net Non Operating Interest Income Expense": NaN,
        "Total Other Finance Cost": NaN,
        "Interest Expense Non Operating": NaN,
        "Interest Income Non Operating": 16000000.0,
        "Operating Income": NaN,
        "Operating Expense": NaN,
        "Other Operating Expenses": NaN,
        "Research And Development": NaN,
        "Selling General And Administration": NaN,
        "Gross Profit": NaN,
        "Cost Of Revenue": NaN,
        "Total Revenue": NaN,
        "Operating Revenue": NaN
    },
    "2023-03-31": {
        "Tax Effect Of Unusual Items": NaN,
        "Tax Rate For Calcs": NaN,
        "Normalized EBITDA": NaN,
        "Total Unusual Items": 0.0,
        "Total Unusual Items Excluding Goodwill": 0.0,
        "Net Income From Continuing Operation Net Minority Interest": NaN,
        "Reconciled Depreciation": NaN,
        "Reconciled Cost Of Revenue": NaN,
        "EBITDA": NaN,
        "EBIT": NaN,
        "Net Interest Income": NaN,
        "Interest Expense": NaN,
        "Interest Income": NaN,
        "Normalized Income": NaN,
        "Net Income From Continuing And Discontinued Operation": NaN,
        "Total Expenses": NaN,
        "Total Operating Income As Reported": NaN,
        "Diluted Average Shares": NaN,
        "Basic Average Shares": NaN,
        "Diluted EPS": NaN,
        "Basic EPS": NaN,
        "Diluted NI Availto Com Stockholders": NaN,
        "Net Income Common Stockholders": NaN,
        "Otherunder Preferred Stock Dividend": NaN,
        "Net Income": NaN,
        "Minority Interests": NaN,
        "Net Income Including Noncontrolling Interests": NaN,
        "Net Income Continuous Operations": NaN,
        "Tax Provision": NaN,
        "Pretax Income": NaN,
        "Other Income Expense": NaN,
        "Other Non Operating Income Expenses": NaN,
        "Special Income Charges": 0.0,
        "Restructuring And Mergern Acquisition": 0.0,
        "Gain On Sale Of Security": NaN,
        "Net Non Operating Interest Income Expense": NaN,
        "Total Other Finance Cost": NaN,
        "Interest Expense Non Operating": NaN,
        "Interest Income Non Operating": NaN,
        "Operating Income": NaN,
        "Operating Expense": NaN,
        "Other Operating Expenses": NaN,
        "Research And Development": NaN,
        "Selling General And Administration": NaN,
        "Gross Profit": NaN,
        "Cost Of Revenue": NaN,
        "Total Revenue": NaN,
        "Operating Revenue": NaN
    },
    "2022-12-31": {
        "Tax Effect Of Unusual Items": NaN,
        "Tax Rate For Calcs": NaN,
        "Normalized EBITDA": NaN,
        "Total Unusual Items": -3000000.0,
        "Total Unusual Items Excluding Goodwill": -3000000.0,
        "Net Income From Continuing Operation Net Minority Interest": NaN,
        "Reconciled Depreciation": NaN,
        "Reconciled Cost Of Revenue": NaN,
        "EBITDA": NaN,
        "EBIT": NaN,
        "Net Interest Income": NaN,
        "Interest Expense": 39000000.0,
        "Interest Income": NaN,
        "Normalized Income": NaN,
        "Net Income From Continuing And Discontinued Operation": NaN,
        "Total Expenses": NaN,
        "Total Operating Income As Reported": NaN,
        "Diluted Average Shares": NaN,
        "Basic Average Shares": NaN,
        "Diluted EPS": NaN,
        "Basic EPS": NaN,
        "Diluted NI Availto Com Stockholders": NaN,
        "Net Income Common Stockholders": NaN,
        "Net Income": NaN,
        "Minority Interests": NaN,
        "Net Income Including Noncontrolling Interests": NaN,
        "Net Income Continuous Operations": NaN,
        "Tax Provision": NaN,
        "Pretax Income": NaN,
        "Other Income Expense": NaN,
        "Other Non Operating Income Expenses": NaN,
        "Special Income Charges": -3000000.0,
        "Other Special Charges": 3000000.0,
        "Restructuring And Mergern Acquisition": 0.0,
        "Gain On Sale Of Security": NaN,
        "Net Non Operating Interest Income Expense": NaN,
        "Total Other Finance Cost": NaN,
        "Interest Expense Non Operating": 39000000.0,
        "Interest Income Non Operating": NaN,
        "Operating Income": NaN,
        "Operating Expense": NaN,
        "Other Operating Expenses": NaN,
        "Research And Development": NaN,
        "Selling General And Administration": NaN,
        "Gross Profit": NaN,
        "Cost Of Revenue": NaN,
        "Total Revenue": NaN,
        "Operating Revenue": NaN
    },
    "2022-09-30": {
        "Tax Effect Of Unusual Items": NaN,
        "Tax Rate For Calcs": NaN,
        "Normalized EBITDA": NaN,
        "Total Unusual Items": -4000000.0,
        "Total Unusual Items Excluding Goodwill": -4000000.0,
        "Net Income From Continuing Operation Net Minority Interest": NaN,
        "Reconciled Depreciation": NaN,
        "Reconciled Cost Of Revenue": NaN,
        "EBITDA": NaN,
        "EBIT": NaN,
        "Net Interest Income": NaN,
        "Interest Expense": 44000000.0,
        "Interest Income": NaN,
        "Normalized Income": NaN,
        "Net Income From Continuing And Discontinued Operation": NaN,
        "Total Expenses": NaN,
        "Total Operating Income As Reported": NaN,
        "Diluted Average Shares": NaN,
        "Basic Average Shares": NaN,
        "Diluted EPS": NaN,
        "Basic EPS": NaN,
        "Diluted NI Availto Com Stockholders": NaN,
        "Net Income Common Stockholders": NaN,
        "Net Income": NaN,
        "Minority Interests": NaN,
        "Net Income Including Noncontrolling Interests": NaN,
        "Net Income Continuous Operations": NaN,
        "Tax Provision": NaN,
        "Pretax Income": NaN,
        "Other Income Expense": NaN,
        "Other Non Operating Income Expenses": NaN,
        "Special Income Charges": -4000000.0,
        "Other Special Charges": 2000000.0,
        "Restructuring And Mergern Acquisition": 2000000.0,
        "Gain On Sale Of Security": NaN,
        "Net Non Operating Interest Income Expense": NaN,
        "Total Other Finance Cost": 44000000.0,
        "Interest Expense Non Operating": 44000000.0,
        "Interest Income Non Operating": NaN,
        "Operating Income": NaN,
        "Operating Expense": NaN,
        "Other Operating Expenses": NaN,
        "Research And Development": NaN,
        "Selling General And Administration": NaN,
        "Gross Profit": NaN,
        "Cost Of Revenue": NaN,
        "Total Revenue": NaN,
        "Operating Revenue": NaN
    },
    "2022-06-30": {
        "Tax Effect Of Unusual Items": 0.0,
        "Tax Rate For Calcs": 0.4,
        "Normalized EBITDA": 162000000.0,
        "Total Unusual Items": 0.0,
        "Total Unusual Items Excluding Goodwill": 0.0,
        "Net Income From Continuing Operation Net Minority Interest": 6000000.0,
        "Reconciled Depreciation": 90000000.0,
        "Reconciled Cost Of Revenue": 756000000.0,
        "EBITDA": 162000000.0,
        "EBIT": 72000000.0,
        "Net Interest Income": -48000000.0,
        "Interest Expense": 48000000.0,
        "Interest Income": NaN,
        "Normalized Income": 6000000.0,
        "Net Income From Continuing And Discontinued Operation": 6000000.0,
        "Total Expenses": 960000000.0,
        "Total Operating Income As Reported": 104000000.0,
        "Diluted Average Shares": 73000000.0,
        "Basic Average Shares": 71000000.0,
        "Diluted EPS": 0.08,
        "Basic EPS": 0.08,
        "Diluted NI Availto Com Stockholders": 6000000.0,
        "Net Income Common Stockholders": 6000000.0,
        "Net Income": 6000000.0,
        "Minority Interests": -6000000.0,
        "Net Income Including Noncontrolling Interests": 12000000.0,
        "Net Income Continuous Operations": 12000000.0,
        "Tax Provision": 12000000.0,
        "Pretax Income": 24000000.0,
        "Other Income Expense": -32000000.0,
        "Other Non Operating Income Expenses": -32000000.0,
        "Special Income Charges": 0.0,
        "Other Special Charges": NaN,
        "Restructuring And Mergern Acquisition": 0.0,
        "Gain On Sale Of Security": NaN,
        "Net Non Operating Interest Income Expense": -48000000.0,
        "Interest Expense Non Operating": 48000000.0,
        "Interest Income Non Operating": NaN,
        "Operating Income": 104000000.0,
        "Operating Expense": 204000000.0,
        "Other Operating Expenses": -14000000.0,
        "Depreciation And Amortization In Income Statement": 90000000.0,
        "Research And Development": 22000000.0,
        "Selling General And Administration": 196000000.0,
        "Gross Profit": 308000000.0,
        "Cost Of Revenue": 756000000.0,
        "Total Revenue": 1064000000.0,
        "Operating Revenue": 1064000000.0
    },
    "2022-03-31": {
        "Diluted EPS": -1.14,
        "Total Revenue": 938,
        "Gross Profit": 256,
        "Operating Income": 18,
        "EBIT": 105,
        "Net Income": -80
    },
    "2021-12-31": {
        "Diluted EPS": -2.3,
        "Total Revenue": 965,
        "Gross Profit": 248,
        "Operating Income": 33,
        "EBIT": 136,
        "Net Income": -161
    },
    "2021-09-30": {
        "Diluted EPS": -1.36,
        "Total Revenue": 945,
        "Gross Profit": 259,
        "Operating Income": 71,
        "EBIT": 183,
        "Net Income": -95
    },
    "2021-06-30": {
        "Diluted EPS": -1.11,
        "Total Revenue": 903,
        "Gross Profit": 226,
        "Operating Income": 25,
        "EBIT": 139,
        "Net Income": -78
    },
    "2021-03-31": {
        "Diluted EPS": -1.66,
        "Total Revenue": 832,
        "Gross Profit": 196,
        "Operating Income": -13,
        "EBIT": 98,
        "Net Income": -116
    },
    "2020-12-31": {
        "Diluted EPS": -2.86,
        "Total Revenue": 842,
        "Gross Profit": 188,
        "Operating Income": -107,
        "EBIT": 5,
        "Net Income": -200
    },
    "2020-09-30": {
        "Diluted EPS": -2.48,
        "Total Revenue": 807,
        "Gross Profit": 176,
        "Operating Income": -60,
        "EBIT": 875,
        "Net Income": -174
    },
    "2020-06-30": {
        "Diluted EPS": -8.3,
        "Total Revenue": 821,
        "Gross Profit": 212,
        "Operating Income": -497,
        "EBIT": -312,
        "Net Income": -581
    },
    "2020-03-31": {
        "Diluted EPS": -13.8,
        "Total Revenue": NaN,
        "Gross Profit": 302,
        "Operating Income": -822,
        "EBIT": -498,
        "Net Income": -966
    },
    "2019-12-31": {
        "Diluted EPS": 53.54,
        "Total Revenue": NaN,
        "Gross Profit": 293,
        "Operating Income": -315,
        "EBIT": -171,
        "Net Income": NaN
    },
    "2019-09-30": {
        "Diluted EPS": -0.82,
        "Total Revenue": NaN,
        "Gross Profit": 307,
        "Operating Income": -447,
        "EBIT": 70,
        "Net Income": -821
    },
    "2019-06-30": {
        "Diluted EPS": -0.31,
        "Total Revenue": NaN,
        "Gross Profit": 290,
        "Operating Income": -118,
        "EBIT": 100,
        "Net Income": -316
    },
    "2019-03-31": {
        "Diluted EPS": -0.48,
        "Total Revenue": NaN,
        "Gross Profit": 264,
        "Operating Income": -301,
        "EBIT": 51,
        "Net Income": -481
    },
    "2018-12-31": {
        "Diluted EPS": -2.11,
        "Total Revenue": NaN,
        "Gross Profit": 308,
        "Operating Income": NaN,
        "EBIT": 95,
        "Net Income": NaN
    },
    "2018-09-30": {
        "Diluted EPS": -0.2,
        "Total Revenue": NaN,
        "Gross Profit": 339,
        "Operating Income": -13,
        "EBIT": 115,
        "Net Income": -199
    },
    "2018-06-30": {
        "Diluted EPS": -0.26,
        "Total Revenue": NaN,
        "Gross Profit": 305,
        "Operating Income": -73,
        "EBIT": 71,
        "Net Income": -264
    },
    "2018-03-31": {
        "Diluted EPS": -0.25,
        "Total Revenue": NaN,
        "Gross Profit": 278,
        "Operating Income": -39,
        "EBIT": 108,
        "Net Income": -245
    },
    "2017-12-31": {
        "Diluted EPS": -1.96,
        "Total Revenue": NaN,
        "Gross Profit": 191,
        "Operating Income": NaN,
        "EBIT": NaN,
        "Net Income": NaN
    },
    "2017-09-30": {
        "Diluted EPS": -0.26,
        "Total Revenue": NaN,
        "Gross Profit": 265,
        "Operating Income": -70,
        "EBIT": 129,
        "Net Income": -256
    },
    "2017-06-30": {
        "Diluted EPS": -0.17,
        "Total Revenue": NaN,
        "Gross Profit": 174,
        "Operating Income": -145,
        "EBIT": 59,
        "Net Income": -171
    },
    "2017-03-31": {
        "Diluted EPS": -0.45,
        "Total Revenue": NaN,
        "Gross Profit": 180,
        "Operating Income": -214,
        "EBIT": -6,
        "Net Income": -448
    },
    "2016-12-31": {
        "Diluted EPS": -0.6,
        "Total Revenue": NaN,
        "Gross Profit": 159,
        "Operating Income": -393,
        "EBIT": -178,
        "Net Income": -549
    },
    "2016-09-30": {
        "Diluted EPS": -1.98,
        "Total Revenue": NaN,
        "Gross Profit": 126,
        "Operating Income": -945,
        "EBIT": -703,
        "Net Income": NaN
    },
    "2016-06-30": {
        "Diluted EPS": -0.63,
        "Total Revenue": NaN,
        "Gross Profit": 164,
        "Operating Income": -460,
        "EBIT": -211,
        "Net Income": -565
    },
    "2016-03-31": {
        "Diluted EPS": -0.61,
        "Total Revenue": NaN,
        "Gross Profit": 111,
        "Operating Income": -447,
        "EBIT": -197,
        "Net Income": -498
    },
    "2015-12-31": {
        "Diluted EPS": -1.55,
        "Total Revenue": NaN,
        "Gross Profit": 78,
        "Operating Income": NaN,
        "EBIT": -759,
        "Net Income": NaN
    },
    "2015-09-30": {
        "Diluted EPS": -0.22,
        "Total Revenue": NaN,
        "Gross Profit": 368,
        "Operating Income": -98,
        "EBIT": 200,
        "Net Income": -170
    },
    "2015-06-30": {
        "Diluted EPS": -0.63,
        "Total Revenue": NaN,
        "Gross Profit": 374,
        "Operating Income": -464,
        "EBIT": -153,
        "Net Income": -489
    },
    "2015-03-31": {
        "Diluted EPS": -0.15,
        "Total Revenue": NaN,
        "Gross Profit": 592,
        "Operating Income": 50,
        "EBIT": 366,
        "Net Income": -118
    },
    "2014-12-31": {
        "Diluted EPS": -0.61,
        "Total Revenue": NaN,
        "Gross Profit": 819,
        "Operating Income": 32,
        "EBIT": 370,
        "Net Income": -475
    },
    "2014-09-30": {
        "Diluted EPS": 0.1,
        "Total Revenue": NaN,
        "Gross Profit": 992,
        "Operating Income": 318,
        "EBIT": 645,
        "Net Income": 77
    },
    "2014-06-30": {
        "Diluted EPS": -0.19,
        "Total Revenue": NaN,
        "Gross Profit": 882,
        "Operating Income": 25,
        "EBIT": 380,
        "Net Income": -145
    },
    "2014-03-31": {
        "Diluted EPS": -0.05,
        "Total Revenue": NaN,
        "Gross Profit": 757,
        "Operating Income": 130,
        "EBIT": 481,
        "Net Income": -41
    },
    "2013-12-31": {
        "Diluted EPS": -0.36,
        "Total Revenue": NaN,
        "Gross Profit": 604,
        "Operating Income": -50,
        "EBIT": 313,
        "Net Income": -271
    },
    "2013-09-30": {
        "Diluted EPS": 0.03,
        "Total Revenue": NaN,
        "Gross Profit": 784,
        "Operating Income": 239,
        "EBIT": 591,
        "Net Income": 22
    },
    "2013-06-30": {
        "Diluted EPS": -0.15,
        "Total Revenue": NaN,
        "Gross Profit": 742,
        "Operating Income": 55,
        "EBIT": 396,
        "Net Income": -118
    },
    "2013-03-31": {
        "Diluted EPS": 0.03,
        "Total Revenue": NaN,
        "Gross Profit": 831,
        "Operating Income": 279,
        "EBIT": 625,
        "Net Income": 22
    },
    "2012-12-31": {
        "Diluted EPS": -0.16,
        "Total Revenue": NaN,
        "Gross Profit": 841,
        "Operating Income": 245,
        "EBIT": 588,
        "Net Income": -122
    },
    "2012-09-30": {
        "Diluted EPS": 0.09,
        "Total Revenue": NaN,
        "Gross Profit": 852,
        "Operating Income": 315,
        "EBIT": 644,
        "Net Income": 70
    },
    "2012-06-30": {
        "Diluted EPS": -1.11,
        "Total Revenue": NaN,
        "Gross Profit": 776,
        "Operating Income": -632,
        "EBIT": -321,
        "Net Income": -849
    },
    "2012-03-31": {
        "Diluted EPS": 0.16,
        "Total Revenue": NaN,
        "Gross Profit": 891,
        "Operating Income": 370,
        "EBIT": 669,
        "Net Income": 123
    },
    "2011-12-31": {
        "Diluted EPS": -0.02,
        "Total Revenue": NaN,
        "Gross Profit": 914,
        "Operating Income": 396,
        "EBIT": 685,
        "Net Income": -13
    },
    "2011-09-30": {
        "Diluted EPS": 0.16,
        "Total Revenue": NaN,
        "Gross Profit": 890,
        "Operating Income": 410,
        "EBIT": 696,
        "Net Income": 121
    },
    "2011-06-30": {
        "Diluted EPS": 0.07,
        "Total Revenue": NaN,
        "Gross Profit": 783,
        "Operating Income": 292,
        "EBIT": 575,
        "Net Income": 51
    },
    "2011-03-31": {
        "Diluted EPS": 0.04,
        "Total Revenue": NaN,
        "Gross Profit": 723,
        "Operating Income": 209,
        "EBIT": 487,
        "Net Income": 30
    },
    "2010-12-31": {
        "Diluted EPS": -0.27,
        "Total Revenue": NaN,
        "Gross Profit": 788,
        "Operating Income": 286,
        "EBIT": 558,
        "Net Income": -195
    },
    "2010-09-30": {
        "Diluted EPS": 0.13,
        "Total Revenue": NaN,
        "Gross Profit": 634,
        "Operating Income": 275,
        "EBIT": 543,
        "Net Income": 95
    },
    "2010-06-30": {
        "Diluted EPS": -0.06,
        "Total Revenue": NaN,
        "Gross Profit": 630,
        "Operating Income": 105,
        "EBIT": 364,
        "Net Income": -48
    },
    "2010-03-31": {
        "Diluted EPS": -0.09,
        "Total Revenue": NaN,
        "Gross Profit": 579,
        "Operating Income": 108,
        "EBIT": 357,
        "Net Income": -68
    },
    "2009-12-31": {
        "Diluted EPS": -0.28,
        "Total Revenue": NaN,
        "Gross Profit": 555,
        "Operating Income": 73,
        "EBIT": 329,
        "Net Income": -197
    },
    "2009-09-30": {
        "Diluted EPS": 0.11,
        "Total Revenue": NaN,
        "Gross Profit": 541,
        "Operating Income": 150,
        "EBIT": 388,
        "Net Income": 77
    },
    "2009-06-30": {
        "Diluted EPS": 0.06,
        "Total Revenue": NaN,
        "Gross Profit": 552,
        "Operating Income": 153,
        "EBIT": 367,
        "Net Income": 42
    },
    "2009-03-31": {
        "Diluted EPS": 0.23,
        "Total Revenue": NaN,
        "Gross Profit": 722,
        "Operating Income": 311,
        "EBIT": 512,
        "Net Income": 165
    },
    "2023-09-30": {
        "Tax Effect Of Unusual Items": NaN,
        "Tax Rate For Calcs": NaN,
        "Normalized EBITDA": NaN,
        "Total Unusual Items": NaN,
        "Total Unusual Items Excluding Goodwill": NaN,
        "Net Income From Continuing Operation Net Minority Interest": NaN,
        "Reconciled Depreciation": NaN,
        "Reconciled Cost Of Revenue": NaN,
        "EBITDA": NaN,
        "EBIT": NaN,
        "Net Interest Income": NaN,
        "Interest Expense": NaN,
        "Interest Income": NaN,
        "Normalized Income": NaN,
        "Net Income From Continuing And Discontinued Operation": NaN,
        "Total Expenses": NaN,
        "Total Operating Income As Reported": NaN,
        "Diluted Average Shares": NaN,
        "Basic Average Shares": NaN,
        "Diluted EPS": NaN,
        "Basic EPS": NaN,
        "Diluted NI Availto Com Stockholders": NaN,
        "Net Income Common Stockholders": NaN,
        "Otherunder Preferred Stock Dividend": 0.0,
        "Net Income": NaN,
        "Minority Interests": NaN,
        "Net Income Including Noncontrolling Interests": NaN,
        "Net Income Continuous Operations": NaN,
        "Tax Provision": NaN,
        "Pretax Income": NaN,
        "Other Income Expense": NaN,
        "Other Non Operating Income Expenses": NaN,
        "Special Income Charges": NaN,
        "Restructuring And Mergern Acquisition": NaN,
        "Gain On Sale Of Security": NaN,
        "Net Non Operating Interest Income Expense": NaN,
        "Total Other Finance Cost": 30000000.0,
        "Interest Expense Non Operating": NaN,
        "Interest Income Non Operating": NaN,
        "Operating Income": NaN,
        "Operating Expense": NaN,
        "Other Operating Expenses": NaN,
        "Research And Development": NaN,
        "Selling General And Administration": NaN,
        "Gross Profit": NaN,
        "Cost Of Revenue": NaN,
        "Total Revenue": NaN,
        "Operating Revenue": NaN
    },
    "2023-12-31": {
        "Tax Effect Of Unusual Items": NaN,
        "Tax Rate For Calcs": NaN,
        "Normalized EBITDA": NaN,
        "Total Unusual Items": NaN,
        "Total Unusual Items Excluding Goodwill": NaN,
        "Net Income From Continuing Operation Net Minority Interest": NaN,
        "Reconciled Depreciation": NaN,
        "Reconciled Cost Of Revenue": NaN,
        "EBITDA": NaN,
        "EBIT": NaN,
        "Net Interest Income": NaN,
        "Interest Expense": NaN,
        "Interest Income": NaN,
        "Normalized Income": NaN,
        "Net Income From Continuing And Discontinued Operation": NaN,
        "Total Expenses": NaN,
        "Total Operating Income As Reported": NaN,
        "Diluted Average Shares": NaN,
        "Basic Average Shares": NaN,
        "Diluted EPS": NaN,
        "Basic EPS": NaN,
        "Diluted NI Availto Com Stockholders": NaN,
        "Net Income Common Stockholders": NaN,
        "Otherunder Preferred Stock Dividend": NaN,
        "Net Income": NaN,
        "Minority Interests": NaN,
        "Net Income Including Noncontrolling Interests": NaN,
        "Net Income Continuous Operations": NaN,
        "Tax Provision": NaN,
        "Pretax Income": NaN,
        "Other Income Expense": NaN,
        "Other Non Operating Income Expenses": NaN,
        "Special Income Charges": NaN,
        "Gain On Sale Of Business": NaN,
        "Restructuring And Mergern Acquisition": NaN,
        "Gain On Sale Of Security": 0.0,
        "Net Non Operating Interest Income Expense": NaN,
        "Interest Expense Non Operating": NaN,
        "Interest Income Non Operating": NaN,
        "Operating Income": NaN,
        "Operating Expense": NaN,
        "Other Operating Expenses": NaN,
        "Research And Development": NaN,
        "Selling General And Administration": NaN,
        "Gross Profit": NaN,
        "Cost Of Revenue": NaN,
        "Total Revenue": NaN,
        "Operating Revenue": NaN
    },
    "2024-03-31": {
        "Tax Effect Of Unusual Items": NaN,
        "Tax Rate For Calcs": NaN,
        "Normalized EBITDA": NaN,
        "Total Unusual Items": -3000000.0,
        "Total Unusual Items Excluding Goodwill": -3000000.0,
        "Net Income From Continuing Operation Net Minority Interest": NaN,
        "Reconciled Depreciation": NaN,
        "Reconciled Cost Of Revenue": NaN,
        "EBITDA": NaN,
        "EBIT": NaN,
        "Net Interest Income": NaN,
        "Interest Expense": NaN,
        "Interest Income": NaN,
        "Normalized Income": NaN,
        "Net Income From Continuing And Discontinued Operation": NaN,
        "Total Expenses": NaN,
        "Total Operating Income As Reported": NaN,
        "Diluted Average Shares": NaN,
        "Basic Average Shares": NaN,
        "Diluted EPS": NaN,
        "Basic EPS": NaN,
        "Diluted NI Availto Com Stockholders": NaN,
        "Net Income Common Stockholders": NaN,
        "Otherunder Preferred Stock Dividend": NaN,
        "Net Income": NaN,
        "Minority Interests": NaN,
        "Net Income Including Noncontrolling Interests": NaN,
        "Net Income Continuous Operations": NaN,
        "Tax Provision": NaN,
        "Pretax Income": NaN,
        "Other Income Expense": NaN,
        "Other Non Operating Income Expenses": NaN,
        "Special Income Charges": -3000000.0,
        "Gain On Sale Of Business": NaN,
        "Restructuring And Mergern Acquisition": 3000000.0,
        "Gain On Sale Of Security": NaN,
        "Net Non Operating Interest Income Expense": NaN,
        "Interest Expense Non Operating": NaN,
        "Interest Income Non Operating": NaN,
        "Operating Income": NaN,
        "Operating Expense": NaN,
        "Other Operating Expenses": NaN,
        "Research And Development": NaN,
        "Selling General And Administration": NaN,
        "Gross Profit": NaN,
        "Cost Of Revenue": NaN,
        "Total Revenue": NaN,
        "Operating Revenue": NaN
    },
    "2024-06-30": {
        "Tax Effect Of Unusual Items": -5214285.714286,
        "Tax Rate For Calcs": 0.347619,
        "Normalized EBITDA": 352000000.0,
        "Total Unusual Items": -15000000.0,
        "Total Unusual Items Excluding Goodwill": -15000000.0,
        "Net Income From Continuing Operation Net Minority Interest": 125000000.0,
        "Reconciled Depreciation": 86000000.0,
        "Reconciled Cost Of Revenue": 891000000.0,
        "EBITDA": 337000000.0,
        "EBIT": 251000000.0,
        "Net Interest Income": -24000000.0,
        "Interest Expense": 41000000.0,
        "Interest Income": 17000000.0,
        "Normalized Income": 134785714.285714,
        "Net Income From Continuing And Discontinued Operation": 125000000.0,
        "Total Expenses": 1136000000.0,
        "Total Operating Income As Reported": 264000000.0,
        "Diluted Average Shares": 75300000.0,
        "Basic Average Shares": 73200000.0,
        "Diluted EPS": 1.66,
        "Basic EPS": 1.71,
        "Diluted NI Availto Com Stockholders": 125000000.0,
        "Net Income Common Stockholders": 125000000.0,
        "Otherunder Preferred Stock Dividend": NaN,
        "Net Income": 125000000.0,
        "Minority Interests": -12000000.0,
        "Net Income Including Noncontrolling Interests": 137000000.0,
        "Net Income Continuous Operations": 137000000.0,
        "Tax Provision": 73000000.0,
        "Pretax Income": 210000000.0,
        "Other Income Expense": -35000000.0,
        "Other Non Operating Income Expenses": -20000000.0,
        "Special Income Charges": -5000000.0,
        "Gain On Sale Of Business": 0.0,
        "Restructuring And Mergern Acquisition": 5000000.0,
        "Gain On Sale Of Security": -10000000.0,
        "Net Non Operating Interest Income Expense": -24000000.0,
        "Interest Expense Non Operating": 41000000.0,
        "Interest Income Non Operating": 17000000.0,
        "Operating Income": 269000000.0,
        "Operating Expense": 245000000.0,
        "Other Operating Expenses": -2000000.0,
        "Research And Development": 31000000.0,
        "Selling General And Administration": 216000000.0,
        "Gross Profit": 514000000.0,
        "Cost Of Revenue": 891000000.0,
        "Total Revenue": 1405000000.0,
        "Operating Revenue": 1405000000.0
    },
    "2024-09-30": {
        "Tax Effect Of Unusual Items": 0.0,
        "Tax Rate For Calcs": 0.067416,
        "Normalized EBITDA": 304000000.0,
        "Total Unusual Items": NaN,
        "Total Unusual Items Excluding Goodwill": NaN,
        "Net Income From Continuing Operation Net Minority Interest": 157000000.0,
        "Reconciled Depreciation": 89000000.0,
        "Reconciled Cost Of Revenue": 917000000.0,
        "EBITDA": 304000000.0,
        "EBIT": 215000000.0,
        "Net Interest Income": -24000000.0,
        "Interest Expense": 37000000.0,
        "Interest Income": 13000000.0,
        "Normalized Income": 157000000.0,
        "Net Income From Continuing And Discontinued Operation": 157000000.0,
        "Total Expenses": 1166000000.0,
        "Total Operating Income As Reported": 243000000.0,
        "Diluted Average Shares": 75200000.0,
        "Basic Average Shares": 73200000.0,
        "Diluted EPS": 2.06,
        "Basic EPS": 2.14,
        "Diluted NI Availto Com Stockholders": 155000000.0,
        "Net Income Common Stockholders": 155000000.0,
        "Otherunder Preferred Stock Dividend": 2000000.0,
        "Net Income": 157000000.0,
        "Minority Interests": -9000000.0,
        "Net Income Including Noncontrolling Interests": 166000000.0,
        "Net Income Continuous Operations": 166000000.0,
        "Tax Provision": 12000000.0,
        "Pretax Income": 178000000.0,
        "Other Income Expense": -41000000.0,
        "Other Non Operating Income Expenses": -41000000.0,
        "Special Income Charges": NaN,
        "Gain On Sale Of Business": NaN,
        "Restructuring And Mergern Acquisition": NaN,
        "Gain On Sale Of Security": NaN,
        "Net Non Operating Interest Income Expense": -24000000.0,
        "Interest Expense Non Operating": 37000000.0,
        "Interest Income Non Operating": 13000000.0,
        "Operating Income": 243000000.0,
        "Operating Expense": 249000000.0,
        "Other Operating Expenses": 13000000.0,
        "Research And Development": 33000000.0,
        "Selling General And Administration": 203000000.0,
        "Gross Profit": 492000000.0,
        "Cost Of Revenue": 917000000.0,
        "Total Revenue": 1409000000.0,
        "Operating Revenue": 1409000000.0
    },
    "2024-12-31": {
        "Tax Effect Of Unusual Items": 0.0,
        "Tax Rate For Calcs": 0.266272,
        "Normalized EBITDA": 289000000.0,
        "Total Unusual Items": 0.0,
        "Total Unusual Items Excluding Goodwill": 0.0,
        "Net Income From Continuing Operation Net Minority Interest": 112000000.0,
        "Reconciled Depreciation": 83000000.0,
        "Reconciled Cost Of Revenue": 913000000.0,
        "EBITDA": 289000000.0,
        "EBIT": 206000000.0,
        "Net Interest Income": -25000000.0,
        "Interest Expense": 37000000.0,
        "Interest Income": 12000000.0,
        "Normalized Income": 112000000.0,
        "Net Income From Continuing And Discontinued Operation": 112000000.0,
        "Total Expenses": 1143000000.0,
        "Total Operating Income As Reported": 198000000.0,
        "Diluted Average Shares": 74500000.0,
        "Basic Average Shares": 72600000.0,
        "Diluted EPS": 1.5,
        "Basic EPS": 1.54,
        "Diluted NI Availto Com Stockholders": 112000000.0,
        "Net Income Common Stockholders": 112000000.0,
        "Otherunder Preferred Stock Dividend": NaN,
        "Net Income": 112000000.0,
        "Minority Interests": -12000000.0,
        "Net Income Including Noncontrolling Interests": 124000000.0,
        "Net Income Continuous Operations": 124000000.0,
        "Tax Provision": 45000000.0,
        "Pretax Income": 169000000.0,
        "Other Income Expense": -4000000.0,
        "Other Non Operating Income Expenses": -4000000.0,
        "Special Income Charges": NaN,
        "Gain On Sale Of Business": NaN,
        "Restructuring And Mergern Acquisition": NaN,
        "Gain On Sale Of Security": 0.0,
        "Net Non Operating Interest Income Expense": -25000000.0,
        "Interest Expense Non Operating": 37000000.0,
        "Interest Income Non Operating": 12000000.0,
        "Operating Income": 198000000.0,
        "Operating Expense": 230000000.0,
        "Other Operating Expenses": 35000000.0,
        "Research And Development": 28000000.0,
        "Selling General And Administration": 167000000.0,
        "Gross Profit": 428000000.0,
        "Cost Of Revenue": 913000000.0,
        "Total Revenue": 1341000000.0,
        "Operating Revenue": 1341000000.0
    },
    "2025-03-31": {
        "Tax Effect Of Unusual Items": -3020833.333333,
        "Tax Rate For Calcs": 0.104167,
        "Normalized EBITDA": 224000000.0,
        "Total Unusual Items": -29000000.0,
        "Total Unusual Items Excluding Goodwill": -29000000.0,
        "Net Income From Continuing Operation Net Minority Interest": 76000000.0,
        "Reconciled Depreciation": 62000000.0,
        "Reconciled Cost Of Revenue": 819000000.0,
        "EBITDA": 195000000.0,
        "EBIT": 133000000.0,
        "Net Interest Income": -26000000.0,
        "Interest Expense": 37000000.0,
        "Interest Income": 11000000.0,
        "Normalized Income": 101979166.666667,
        "Net Income From Continuing And Discontinued Operation": 76000000.0,
        "Total Expenses": 1022000000.0,
        "Total Operating Income As Reported": 142000000.0,
        "Diluted Average Shares": 73400000.0,
        "Basic Average Shares": 73100000.0,
        "Diluted EPS": 1.03,
        "Basic EPS": 1.04,
        "Diluted NI Availto Com Stockholders": 76000000.0,
        "Net Income Common Stockholders": 76000000.0,
        "Otherunder Preferred Stock Dividend": NaN,
        "Net Income": 76000000.0,
        "Minority Interests": -10000000.0,
        "Net Income Including Noncontrolling Interests": 86000000.0,
        "Net Income Continuous Operations": 86000000.0,
        "Tax Provision": 10000000.0,
        "Pretax Income": 96000000.0,
        "Other Income Expense": -49000000.0,
        "Other Non Operating Income Expenses": -20000000.0,
        "Special Income Charges": -29000000.0,
        "Gain On Sale Of Business": NaN,
        "Restructuring And Mergern Acquisition": 29000000.0,
        "Gain On Sale Of Security": NaN,
        "Net Non Operating Interest Income Expense": -26000000.0,
        "Interest Expense Non Operating": 37000000.0,
        "Interest Income Non Operating": 11000000.0,
        "Operating Income": 171000000.0,
        "Operating Expense": 203000000.0,
        "Other Operating Expenses": 13000000.0,
        "Research And Development": 29000000.0,
        "Selling General And Administration": 161000000.0,
        "Gross Profit": 374000000.0,
        "Cost Of Revenue": 819000000.0,
        "Total Revenue": 1193000000.0,
        "Operating Revenue": 1193000000.0
    },
    "2025-06-30": {
        "Tax Effect Of Unusual Items": 13968586.387435,
        "Tax Rate For Calcs": 0.240838,
        "Normalized EBITDA": 232000000.0,
        "Total Unusual Items": 58000000.0,
        "Total Unusual Items Excluding Goodwill": 58000000.0,
        "Net Income From Continuing Operation Net Minority Interest": 136000000.0,
        "Reconciled Depreciation": 64000000.0,
        "Reconciled Cost Of Revenue": 829000000.0,
        "EBITDA": 290000000.0,
        "EBIT": 226000000.0,
        "Net Interest Income": -21000000.0,
        "Interest Expense": 35000000.0,
        "Interest Income": 14000000.0,
        "Normalized Income": 91968586.387435,
        "Net Income From Continuing And Discontinued Operation": 136000000.0,
        "Total Expenses": 1026000000.0,
        "Total Operating Income As Reported": 237000000.0,
        "Diluted Average Shares": 72400000.0,
        "Basic Average Shares": 72200000.0,
        "Diluted EPS": 1.87,
        "Basic EPS": 1.87,
        "Diluted NI Availto Com Stockholders": 136000000.0,
        "Net Income Common Stockholders": 136000000.0,
        "Otherunder Preferred Stock Dividend": NaN,
        "Net Income": 136000000.0,
        "Minority Interests": -9000000.0,
        "Net Income Including Noncontrolling Interests": 145000000.0,
        "Net Income Continuous Operations": 145000000.0,
        "Tax Provision": 46000000.0,
        "Pretax Income": 191000000.0,
        "Other Income Expense": 34000000.0,
        "Other Non Operating Income Expenses": -24000000.0,
        "Special Income Charges": 59000000.0,
        "Gain On Sale Of Business": 70000000.0,
        "Restructuring And Mergern Acquisition": 11000000.0,
        "Gain On Sale Of Security": -1000000.0,
        "Net Non Operating Interest Income Expense": -21000000.0,
        "Interest Expense Non Operating": 35000000.0,
        "Interest Income Non Operating": 14000000.0,
        "Operating Income": 178000000.0,
        "Operating Expense": 197000000.0,
        "Other Operating Expenses": 3000000.0,
        "Research And Development": 30000000.0,
        "Selling General And Administration": 164000000.0,
        "Gross Profit": 375000000.0,
        "Cost Of Revenue": 829000000.0,
        "Total Revenue": 1204000000.0,
        "Operating Revenue": 1204000000.0
    }
}