{
    "2023-06-30": {
        "Tax Effect Of Unusual Items": NaN,
        "Tax Rate For Calcs": NaN,
        "Normalized EBITDA": NaN,
        "Total Unusual Items": NaN,
        "Total Unusual Items Excluding Goodwill": NaN,
        "Net Income From Continuing Operation Net Minority Interest": NaN,
        "Reconciled Depreciation": NaN,
        "Reconciled Cost Of Revenue": 165000000.0,
        "EBITDA": NaN,
        "EBIT": NaN,
        "Net Interest Income": NaN,
        "Interest Expense": NaN,
        "Normalized Income": NaN,
        "Net Income From Continuing And Discontinued Operation": NaN,
        "Total Expenses": NaN,
        "Total Operating Income As Reported": NaN,
        "Diluted Average Shares": 85700000.0,
        "Basic Average Shares": 85300000.0,
        "Diluted EPS": 0.82,
        "Basic EPS": 0.82,
        "Diluted NI Availto Com Stockholders": NaN,
        "Net Income Common Stockholders": NaN,
        "Net Income": NaN,
        "Net Income Including Noncontrolling Interests": NaN,
        "Net Income Continuous Operations": NaN,
        "Tax Provision": NaN,
        "Pretax Income": NaN,
        "Other Income Expense": NaN,
        "Special Income Charges": NaN,
        "Gain On Sale Of Ppe": 0.0,
        "Other Special Charges": 3000000.0,
        "Write Off": NaN,
        "Restructuring And Mergern Acquisition": NaN,
        "Net Non Operating Interest Income Expense": NaN,
        "Interest Expense Non Operating": NaN,
        "Operating Income": NaN,
        "Operating Expense": NaN,
        "Other Operating Expenses": NaN,
        "Depreciation Amortization Depletion Income Statement": NaN,
        "Depreciation And Amortization In Income Statement": NaN,
        "Selling General And Administration": NaN,
        "Selling And Marketing Expense": NaN,
        "General And Administrative Expense": NaN,
        "Other Gand A": NaN,
        "Gross Profit": 198000000.0,
        "Cost Of Revenue": 164000000.0,
        "Total Revenue": NaN,
        "Operating Revenue": NaN
    },
    "2023-03-31": {
        "Tax Effect Of Unusual Items": NaN,
        "Tax Rate For Calcs": NaN,
        "Normalized EBITDA": NaN,
        "Total Unusual Items": NaN,
        "Total Unusual Items Excluding Goodwill": NaN,
        "Net Income From Continuing Operation Net Minority Interest": NaN,
        "Reconciled Depreciation": NaN,
        "Reconciled Cost Of Revenue": 129000000.0,
        "EBITDA": NaN,
        "EBIT": NaN,
        "Net Interest Income": NaN,
        "Interest Expense": NaN,
        "Normalized Income": NaN,
        "Net Income From Continuing And Discontinued Operation": NaN,
        "Total Expenses": NaN,
        "Total Operating Income As Reported": NaN,
        "Diluted Average Shares": NaN,
        "Basic Average Shares": NaN,
        "Diluted EPS": NaN,
        "Basic EPS": NaN,
        "Diluted NI Availto Com Stockholders": NaN,
        "Net Income Common Stockholders": NaN,
        "Net Income": NaN,
        "Net Income Including Noncontrolling Interests": NaN,
        "Net Income Continuous Operations": NaN,
        "Tax Provision": NaN,
        "Pretax Income": NaN,
        "Other Income Expense": NaN,
        "Special Income Charges": NaN,
        "Gain On Sale Of Ppe": 0.0,
        "Other Special Charges": NaN,
        "Write Off": NaN,
        "Restructuring And Mergern Acquisition": NaN,
        "Net Non Operating Interest Income Expense": NaN,
        "Interest Expense Non Operating": NaN,
        "Operating Income": NaN,
        "Operating Expense": NaN,
        "Other Operating Expenses": NaN,
        "Depreciation Amortization Depletion Income Statement": NaN,
        "Depreciation And Amortization In Income Statement": NaN,
        "Selling General And Administration": NaN,
        "Selling And Marketing Expense": NaN,
        "General And Administrative Expense": NaN,
        "Other Gand A": NaN,
        "Gross Profit": 184000000.0,
        "Cost Of Revenue": 129000000.0,
        "Total Revenue": NaN,
        "Operating Revenue": NaN
    },
    "2022-12-31": {
        "Tax Effect Of Unusual Items": NaN,
        "Tax Rate For Calcs": NaN,
        "Normalized EBITDA": NaN,
        "Total Unusual Items": NaN,
        "Total Unusual Items Excluding Goodwill": NaN,
        "Net Income From Continuing Operation Net Minority Interest": NaN,
        "Reconciled Depreciation": NaN,
        "Reconciled Cost Of Revenue": 165000000.0,
        "EBITDA": NaN,
        "EBIT": NaN,
        "Net Interest Income": NaN,
        "Interest Expense": NaN,
        "Normalized Income": NaN,
        "Net Income From Continuing And Discontinued Operation": NaN,
        "Total Expenses": NaN,
        "Total Operating Income As Reported": NaN,
        "Diluted Average Shares": NaN,
        "Basic Average Shares": NaN,
        "Diluted EPS": NaN,
        "Basic EPS": NaN,
        "Diluted NI Availto Com Stockholders": NaN,
        "Net Income Common Stockholders": NaN,
        "Net Income": NaN,
        "Net Income Including Noncontrolling Interests": NaN,
        "Net Income Continuous Operations": NaN,
        "Tax Provision": NaN,
        "Pretax Income": NaN,
        "Other Income Expense": NaN,
        "Special Income Charges": NaN,
        "Gain On Sale Of Ppe": 0.0,
        "Other Special Charges": 0.0,
        "Write Off": NaN,
        "Restructuring And Mergern Acquisition": NaN,
        "Net Non Operating Interest Income Expense": NaN,
        "Interest Expense Non Operating": NaN,
        "Operating Income": NaN,
        "Operating Expense": NaN,
        "Other Operating Expenses": NaN,
        "Depreciation Amortization Depletion Income Statement": NaN,
        "Depreciation And Amortization In Income Statement": NaN,
        "Selling General And Administration": NaN,
        "Selling And Marketing Expense": NaN,
        "General And Administrative Expense": NaN,
        "Other Gand A": NaN,
        "Gross Profit": 169000000.0,
        "Cost Of Revenue": 165000000.0,
        "Total Revenue": NaN,
        "Operating Revenue": NaN
    },
    "2022-09-30": {
        "Tax Effect Of Unusual Items": -273381.294964,
        "Tax Rate For Calcs": 0.273381,
        "Normalized EBITDA": 179000000.0,
        "Total Unusual Items": -1000000.0,
        "Total Unusual Items Excluding Goodwill": -1000000.0,
        "Net Income From Continuing Operation Net Minority Interest": 101000000.0,
        "Reconciled Depreciation": 18000000.0,
        "Reconciled Cost Of Revenue": 179000000.0,
        "EBITDA": 178000000.0,
        "EBIT": 160000000.0,
        "Net Interest Income": -21000000.0,
        "Interest Expense": 21000000.0,
        "Normalized Income": 101726618.705036,
        "Net Income From Continuing And Discontinued Operation": 101000000.0,
        "Total Expenses": 246000000.0,
        "Total Operating Income As Reported": 160000000.0,
        "Diluted Average Shares": 89900000.0,
        "Basic Average Shares": 89500000.0,
        "Diluted EPS": 1.13,
        "Basic EPS": 1.13,
        "Diluted NI Availto Com Stockholders": 101000000.0,
        "Net Income Common Stockholders": 101000000.0,
        "Net Income": 101000000.0,
        "Net Income Including Noncontrolling Interests": 101000000.0,
        "Net Income Continuous Operations": 101000000.0,
        "Tax Provision": 38000000.0,
        "Pretax Income": 139000000.0,
        "Other Income Expense": -1000000.0,
        "Special Income Charges": -1000000.0,
        "Gain On Sale Of Ppe": 0.0,
        "Other Special Charges": NaN,
        "Impairment Of Capital Assets": NaN,
        "Restructuring And Mergern Acquisition": 1000000.0,
        "Net Non Operating Interest Income Expense": -21000000.0,
        "Interest Expense Non Operating": 21000000.0,
        "Operating Income": 161000000.0,
        "Operating Expense": 67000000.0,
        "Other Operating Expenses": 20000000.0,
        "Depreciation Amortization Depletion Income Statement": 18000000.0,
        "Depreciation And Amortization In Income Statement": 18000000.0,
        "Selling General And Administration": 29000000.0,
        "General And Administrative Expense": 29000000.0,
        "Other Gand A": 29000000.0,
        "Gross Profit": 228000000.0,
        "Cost Of Revenue": 179000000.0,
        "Total Revenue": 407000000.0,
        "Operating Revenue": 342000000.0
    },
    "2022-06-30": {
        "Tax Effect Of Unusual Items": -504065.04065,
        "Tax Rate For Calcs": 0.252033,
        "Normalized EBITDA": 162000000.0,
        "Total Unusual Items": -2000000.0,
        "Total Unusual Items Excluding Goodwill": -2000000.0,
        "Net Income From Continuing Operation Net Minority Interest": 92000000.0,
        "Reconciled Depreciation": 16000000.0,
        "Reconciled Cost Of Revenue": 166000000.0,
        "EBITDA": 160000000.0,
        "EBIT": 143000000.0,
        "Net Interest Income": -20000000.0,
        "Interest Expense": 20000000.0,
        "Normalized Income": 93495934.95935,
        "Net Income From Continuing And Discontinued Operation": 92000000.0,
        "Total Expenses": 241000000.0,
        "Total Operating Income As Reported": 145000000.0,
        "Diluted Average Shares": 92100000.0,
        "Basic Average Shares": 91600000.0,
        "Diluted EPS": 1.0,
        "Basic EPS": 1.0,
        "Diluted NI Availto Com Stockholders": 92000000.0,
        "Net Income Common Stockholders": 92000000.0,
        "Net Income": 92000000.0,
        "Net Income Including Noncontrolling Interests": 92000000.0,
        "Net Income Continuous Operations": 92000000.0,
        "Tax Provision": 31000000.0,
        "Pretax Income": 123000000.0,
        "Other Income Expense": -2000000.0,
        "Special Income Charges": -2000000.0,
        "Gain On Sale Of Ppe": -1000000.0,
        "Other Special Charges": 2000000.0,
        "Impairment Of Capital Assets": NaN,
        "Restructuring And Mergern Acquisition": -1000000.0,
        "Net Non Operating Interest Income Expense": -20000000.0,
        "Interest Expense Non Operating": 20000000.0,
        "Operating Income": 145000000.0,
        "Operating Expense": 76000000.0,
        "Other Operating Expenses": 28000000.0,
        "Depreciation Amortization Depletion Income Statement": 17000000.0,
        "Depreciation And Amortization In Income Statement": 17000000.0,
        "Selling General And Administration": 31000000.0,
        "General And Administrative Expense": 31000000.0,
        "Other Gand A": 31000000.0,
        "Gross Profit": 221000000.0,
        "Cost Of Revenue": 165000000.0,
        "Total Revenue": 386000000.0,
        "Operating Revenue": 321000000.0
    },
    "2023-09-30": {
        "Tax Effect Of Unusual Items": NaN,
        "Tax Rate For Calcs": NaN,
        "Normalized EBITDA": NaN,
        "Total Unusual Items": NaN,
        "Total Unusual Items Excluding Goodwill": NaN,
        "Net Income From Continuing Operation Net Minority Interest": NaN,
        "Reconciled Depreciation": NaN,
        "Reconciled Cost Of Revenue": 164000000.0,
        "EBITDA": NaN,
        "EBIT": NaN,
        "Net Interest Income": NaN,
        "Interest Expense": NaN,
        "Normalized Income": NaN,
        "Net Income From Continuing And Discontinued Operation": NaN,
        "Total Expenses": NaN,
        "Total Operating Income As Reported": NaN,
        "Diluted Average Shares": NaN,
        "Basic Average Shares": NaN,
        "Diluted EPS": NaN,
        "Basic EPS": NaN,
        "Diluted NI Availto Com Stockholders": NaN,
        "Net Income Common Stockholders": NaN,
        "Net Income": NaN,
        "Net Income Including Noncontrolling Interests": NaN,
        "Net Income Continuous Operations": NaN,
        "Tax Provision": NaN,
        "Pretax Income": NaN,
        "Other Income Expense": NaN,
        "Special Income Charges": NaN,
        "Gain On Sale Of Ppe": 0.0,
        "Other Special Charges": NaN,
        "Write Off": NaN,
        "Restructuring And Mergern Acquisition": NaN,
        "Net Non Operating Interest Income Expense": NaN,
        "Interest Expense Non Operating": NaN,
        "Operating Income": NaN,
        "Operating Expense": NaN,
        "Other Operating Expenses": NaN,
        "Depreciation Amortization Depletion Income Statement": NaN,
        "Depreciation And Amortization In Income Statement": NaN,
        "Selling General And Administration": NaN,
        "Selling And Marketing Expense": NaN,
        "General And Administrative Expense": NaN,
        "Other Gand A": NaN,
        "Gross Profit": 238000000.0,
        "Cost Of Revenue": 164000000.0,
        "Total Revenue": NaN,
        "Operating Revenue": NaN
    },
    "2023-12-31": {
        "Tax Effect Of Unusual Items": NaN,
        "Tax Rate For Calcs": NaN,
        "Normalized EBITDA": NaN,
        "Total Unusual Items": NaN,
        "Total Unusual Items Excluding Goodwill": NaN,
        "Net Income From Continuing Operation Net Minority Interest": NaN,
        "Reconciled Depreciation": NaN,
        "Reconciled Cost Of Revenue": 124000000.0,
        "EBITDA": NaN,
        "EBIT": NaN,
        "Net Interest Income": NaN,
        "Interest Expense": NaN,
        "Normalized Income": NaN,
        "Net Income From Continuing And Discontinued Operation": NaN,
        "Total Expenses": NaN,
        "Total Operating Income As Reported": NaN,
        "Diluted Average Shares": NaN,
        "Basic Average Shares": NaN,
        "Diluted EPS": NaN,
        "Basic EPS": NaN,
        "Diluted NI Availto Com Stockholders": NaN,
        "Net Income Common Stockholders": NaN,
        "Net Income": NaN,
        "Net Income Including Noncontrolling Interests": NaN,
        "Net Income Continuous Operations": NaN,
        "Tax Provision": NaN,
        "Pretax Income": NaN,
        "Other Income Expense": NaN,
        "Special Income Charges": NaN,
        "Gain On Sale Of Ppe": 0.0,
        "Other Special Charges": 0.0,
        "Write Off": NaN,
        "Restructuring And Mergern Acquisition": NaN,
        "Net Non Operating Interest Income Expense": NaN,
        "Interest Expense Non Operating": NaN,
        "Operating Income": NaN,
        "Operating Expense": NaN,
        "Other Operating Expenses": NaN,
        "Depreciation Amortization Depletion Income Statement": NaN,
        "Depreciation And Amortization In Income Statement": NaN,
        "Selling General And Administration": NaN,
        "Selling And Marketing Expense": NaN,
        "General And Administrative Expense": NaN,
        "Other Gand A": NaN,
        "Gross Profit": 197000000.0,
        "Cost Of Revenue": 124000000.0,
        "Total Revenue": NaN,
        "Operating Revenue": NaN
    },
    "2024-03-31": {
        "Tax Effect Of Unusual Items": -15272727.272727,
        "Tax Rate For Calcs": 0.272727,
        "Normalized EBITDA": 126000000.0,
        "Total Unusual Items": -56000000.0,
        "Total Unusual Items Excluding Goodwill": -56000000.0,
        "Net Income From Continuing Operation Net Minority Interest": 16000000.0,
        "Reconciled Depreciation": 20000000.0,
        "Reconciled Cost Of Revenue": NaN,
        "EBITDA": 70000000.0,
        "EBIT": 50000000.0,
        "Net Interest Income": -28000000.0,
        "Interest Expense": 28000000.0,
        "Normalized Income": 56727272.727273,
        "Net Income From Continuing And Discontinued Operation": 16000000.0,
        "Total Expenses": 199000000.0,
        "Total Operating Income As Reported": 50000000.0,
        "Diluted Average Shares": 81800000.0,
        "Basic Average Shares": 81200000.0,
        "Diluted EPS": 0.19,
        "Basic EPS": 0.2,
        "Diluted NI Availto Com Stockholders": 16000000.0,
        "Net Income Common Stockholders": 16000000.0,
        "Net Income": 16000000.0,
        "Net Income Including Noncontrolling Interests": 16000000.0,
        "Net Income Continuous Operations": 16000000.0,
        "Tax Provision": 6000000.0,
        "Pretax Income": 22000000.0,
        "Other Income Expense": -56000000.0,
        "Special Income Charges": -56000000.0,
        "Gain On Sale Of Ppe": NaN,
        "Other Special Charges": NaN,
        "Write Off": 12000000.0,
        "Restructuring And Mergern Acquisition": 44000000.0,
        "Net Non Operating Interest Income Expense": -28000000.0,
        "Interest Expense Non Operating": 28000000.0,
        "Operating Income": 106000000.0,
        "Operating Expense": 199000000.0,
        "Other Operating Expenses": 20000000.0,
        "Depreciation Amortization Depletion Income Statement": 20000000.0,
        "Depreciation And Amortization In Income Statement": 20000000.0,
        "Selling General And Administration": 159000000.0,
        "Selling And Marketing Expense": 131000000.0,
        "General And Administrative Expense": 28000000.0,
        "Other Gand A": 28000000.0,
        "Gross Profit": NaN,
        "Cost Of Revenue": NaN,
        "Total Revenue": 305000000.0,
        "Operating Revenue": 261000000.0
    },
    "2024-06-30": {
        "Tax Effect Of Unusual Items": -696000.0,
        "Tax Rate For Calcs": 0.232,
        "Normalized EBITDA": 162000000.0,
        "Total Unusual Items": -3000000.0,
        "Total Unusual Items Excluding Goodwill": -3000000.0,
        "Net Income From Continuing Operation Net Minority Interest": 86000000.0,
        "Reconciled Depreciation": 17000000.0,
        "Reconciled Cost Of Revenue": NaN,
        "EBITDA": 159000000.0,
        "EBIT": 142000000.0,
        "Net Interest Income": -30000000.0,
        "Interest Expense": 30000000.0,
        "Normalized Income": 88304000.0,
        "Net Income From Continuing And Discontinued Operation": 86000000.0,
        "Total Expenses": 222000000.0,
        "Total Operating Income As Reported": 145000000.0,
        "Diluted Average Shares": 80700000.0,
        "Basic Average Shares": 80400000.0,
        "Diluted EPS": 1.07,
        "Basic EPS": 1.07,
        "Diluted NI Availto Com Stockholders": 86000000.0,
        "Net Income Common Stockholders": 86000000.0,
        "Net Income": 86000000.0,
        "Net Income Including Noncontrolling Interests": 86000000.0,
        "Net Income Continuous Operations": 86000000.0,
        "Tax Provision": 26000000.0,
        "Pretax Income": 112000000.0,
        "Other Income Expense": -3000000.0,
        "Special Income Charges": -3000000.0,
        "Gain On Sale Of Ppe": NaN,
        "Other Special Charges": 3000000.0,
        "Write Off": 0.0,
        "Restructuring And Mergern Acquisition": 0.0,
        "Net Non Operating Interest Income Expense": -30000000.0,
        "Interest Expense Non Operating": 30000000.0,
        "Operating Income": 145000000.0,
        "Operating Expense": 222000000.0,
        "Other Operating Expenses": 18000000.0,
        "Depreciation Amortization Depletion Income Statement": 17000000.0,
        "Depreciation And Amortization In Income Statement": 17000000.0,
        "Selling General And Administration": 187000000.0,
        "Selling And Marketing Expense": 155000000.0,
        "General And Administrative Expense": 32000000.0,
        "Other Gand A": 32000000.0,
        "Gross Profit": NaN,
        "Cost Of Revenue": NaN,
        "Total Revenue": 367000000.0,
        "Operating Revenue": 327000000.0
    },
    "2024-09-30": {
        "Tax Effect Of Unusual Items": -1020000.0,
        "Tax Rate For Calcs": 0.255,
        "Normalized EBITDA": 192000000.0,
        "Total Unusual Items": -4000000.0,
        "Total Unusual Items Excluding Goodwill": -4000000.0,
        "Net Income From Continuing Operation Net Minority Interest": 102000000.0,
        "Reconciled Depreciation": 17000000.0,
        "Reconciled Cost Of Revenue": NaN,
        "EBITDA": 188000000.0,
        "EBIT": 171000000.0,
        "Net Interest Income": -34000000.0,
        "Interest Expense": 34000000.0,
        "Normalized Income": 104980000.0,
        "Net Income From Continuing And Discontinued Operation": 102000000.0,
        "Total Expenses": 221000000.0,
        "Total Operating Income As Reported": 171000000.0,
        "Diluted Average Shares": 79200000.0,
        "Basic Average Shares": 78800000.0,
        "Diluted EPS": 1.29,
        "Basic EPS": 1.3,
        "Diluted NI Availto Com Stockholders": 102000000.0,
        "Net Income Common Stockholders": 102000000.0,
        "Net Income": 102000000.0,
        "Net Income Including Noncontrolling Interests": 102000000.0,
        "Net Income Continuous Operations": 102000000.0,
        "Tax Provision": 35000000.0,
        "Pretax Income": 137000000.0,
        "Other Income Expense": -4000000.0,
        "Special Income Charges": -4000000.0,
        "Gain On Sale Of Ppe": NaN,
        "Other Special Charges": NaN,
        "Write Off": 0.0,
        "Restructuring And Mergern Acquisition": 4000000.0,
        "Net Non Operating Interest Income Expense": -34000000.0,
        "Interest Expense Non Operating": 34000000.0,
        "Operating Income": 175000000.0,
        "Operating Expense": 221000000.0,
        "Other Operating Expenses": 25000000.0,
        "Depreciation Amortization Depletion Income Statement": 17000000.0,
        "Depreciation And Amortization In Income Statement": 17000000.0,
        "Selling General And Administration": 179000000.0,
        "Selling And Marketing Expense": 149000000.0,
        "General And Administrative Expense": 30000000.0,
        "Other Gand A": 30000000.0,
        "Gross Profit": NaN,
        "Cost Of Revenue": NaN,
        "Total Revenue": 396000000.0,
        "Operating Revenue": 355000000.0
    },
    "2024-12-31": {
        "Tax Effect Of Unusual Items": -663265.306122,
        "Tax Rate For Calcs": 0.132653,
        "Normalized EBITDA": 156000000.0,
        "Total Unusual Items": -5000000.0,
        "Total Unusual Items Excluding Goodwill": -5000000.0,
        "Net Income From Continuing Operation Net Minority Interest": 85000000.0,
        "Reconciled Depreciation": 17000000.0,
        "Reconciled Cost Of Revenue": NaN,
        "EBITDA": 151000000.0,
        "EBIT": 134000000.0,
        "Net Interest Income": -31000000.0,
        "Interest Expense": 36000000.0,
        "Normalized Income": 89336734.693878,
        "Net Income From Continuing And Discontinued Operation": 85000000.0,
        "Total Expenses": 207000000.0,
        "Total Operating Income As Reported": 129000000.0,
        "Diluted Average Shares": 78800000.0,
        "Basic Average Shares": 78000000.0,
        "Diluted EPS": 1.08,
        "Basic EPS": 1.09,
        "Diluted NI Availto Com Stockholders": 85000000.0,
        "Net Income Common Stockholders": 85000000.0,
        "Net Income": 85000000.0,
        "Net Income Including Noncontrolling Interests": 85000000.0,
        "Net Income Continuous Operations": 85000000.0,
        "Tax Provision": 13000000.0,
        "Pretax Income": 98000000.0,
        "Other Income Expense": -5000000.0,
        "Special Income Charges": -5000000.0,
        "Gain On Sale Of Ppe": NaN,
        "Other Special Charges": 0.0,
        "Write Off": 0.0,
        "Restructuring And Mergern Acquisition": 5000000.0,
        "Net Non Operating Interest Income Expense": -31000000.0,
        "Interest Expense Non Operating": 36000000.0,
        "Operating Income": 134000000.0,
        "Operating Expense": 207000000.0,
        "Other Operating Expenses": 22000000.0,
        "Depreciation Amortization Depletion Income Statement": 17000000.0,
        "Depreciation And Amortization In Income Statement": 17000000.0,
        "Selling General And Administration": 168000000.0,
        "Selling And Marketing Expense": 129000000.0,
        "General And Administrative Expense": 39000000.0,
        "Other Gand A": 39000000.0,
        "Gross Profit": NaN,
        "Cost Of Revenue": NaN,
        "Total Revenue": 341000000.0,
        "Operating Revenue": 303000000.0
    },
    "2025-03-31": {
        "Tax Effect Of Unusual Items": -456000.0,
        "Tax Rate For Calcs": 0.228,
        "Normalized EBITDA": 129000000.0,
        "Total Unusual Items": -2000000.0,
        "Total Unusual Items Excluding Goodwill": -2000000.0,
        "Net Income From Continuing Operation Net Minority Interest": 61000000.0,
        "Reconciled Depreciation": 15000000.0,
        "Reconciled Cost Of Revenue": NaN,
        "EBITDA": 127000000.0,
        "EBIT": 112000000.0,
        "Net Interest Income": -33000000.0,
        "Interest Expense": 33000000.0,
        "Normalized Income": 62544000.0,
        "Net Income From Continuing And Discontinued Operation": 61000000.0,
        "Total Expenses": 202000000.0,
        "Total Operating Income As Reported": 112000000.0,
        "Diluted Average Shares": 78700000.0,
        "Basic Average Shares": 77900000.0,
        "Diluted EPS": 0.78,
        "Basic EPS": 0.78,
        "Diluted NI Availto Com Stockholders": 61000000.0,
        "Net Income Common Stockholders": 61000000.0,
        "Net Income": 61000000.0,
        "Net Income Including Noncontrolling Interests": 61000000.0,
        "Net Income Continuous Operations": 61000000.0,
        "Tax Provision": 18000000.0,
        "Pretax Income": 79000000.0,
        "Other Income Expense": -2000000.0,
        "Special Income Charges": -2000000.0,
        "Gain On Sale Of Ppe": NaN,
        "Other Special Charges": NaN,
        "Write Off": 0.0,
        "Restructuring And Mergern Acquisition": 2000000.0,
        "Net Non Operating Interest Income Expense": -33000000.0,
        "Interest Expense Non Operating": 33000000.0,
        "Operating Income": 114000000.0,
        "Operating Expense": 202000000.0,
        "Other Operating Expenses": 19000000.0,
        "Depreciation Amortization Depletion Income Statement": 15000000.0,
        "Depreciation And Amortization In Income Statement": 15000000.0,
        "Selling General And Administration": 168000000.0,
        "Selling And Marketing Expense": 138000000.0,
        "General And Administrative Expense": 30000000.0,
        "Other Gand A": 30000000.0,
        "Gross Profit": NaN,
        "Cost Of Revenue": NaN,
        "Total Revenue": 316000000.0,
        "Operating Revenue": 271000000.0
    },
    "2025-06-30": {
        "Tax Effect Of Unusual Items": -3500000.0,
        "Tax Rate For Calcs": 0.25,
        "Normalized EBITDA": 180000000.0,
        "Total Unusual Items": -14000000.0,
        "Total Unusual Items Excluding Goodwill": -14000000.0,
        "Net Income From Continuing Operation Net Minority Interest": 87000000.0,
        "Reconciled Depreciation": 16000000.0,
        "Reconciled Cost Of Revenue": NaN,
        "EBITDA": 166000000.0,
        "EBIT": 150000000.0,
        "Net Interest Income": -34000000.0,
        "Interest Expense": 34000000.0,
        "Normalized Income": 97500000.0,
        "Net Income From Continuing And Discontinued Operation": 87000000.0,
        "Total Expenses": 233000000.0,
        "Total Operating Income As Reported": 150000000.0,
        "Diluted Average Shares": 77400000.0,
        "Basic Average Shares": 77000000.0,
        "Diluted EPS": 1.13,
        "Basic EPS": 1.13,
        "Diluted NI Availto Com Stockholders": 87000000.0,
        "Net Income Common Stockholders": 87000000.0,
        "Net Income": 87000000.0,
        "Net Income Including Noncontrolling Interests": 87000000.0,
        "Net Income Continuous Operations": 87000000.0,
        "Tax Provision": 29000000.0,
        "Pretax Income": 116000000.0,
        "Other Income Expense": -14000000.0,
        "Special Income Charges": -14000000.0,
        "Gain On Sale Of Ppe": NaN,
        "Other Special Charges": NaN,
        "Write Off": 0.0,
        "Restructuring And Mergern Acquisition": 14000000.0,
        "Net Non Operating Interest Income Expense": -34000000.0,
        "Interest Expense Non Operating": 34000000.0,
        "Operating Income": 164000000.0,
        "Operating Expense": 233000000.0,
        "Other Operating Expenses": 25000000.0,
        "Depreciation Amortization Depletion Income Statement": 15000000.0,
        "Depreciation And Amortization In Income Statement": 15000000.0,
        "Selling General And Administration": 193000000.0,
        "Selling And Marketing Expense": 162000000.0,
        "General And Administrative Expense": 31000000.0,
        "Other Gand A": 31000000.0,
        "Gross Profit": NaN,
        "Cost Of Revenue": NaN,
        "Total Revenue": 397000000.0,
        "Operating Revenue": 347000000.0
    }
}