{
    "2023-06-30": {
        "Tax Effect Of Unusual Items": NaN,
        "Tax Rate For Calcs": NaN,
        "Normalized EBITDA": NaN,
        "Total Unusual Items": NaN,
        "Total Unusual Items Excluding Goodwill": NaN,
        "Net Income From Continuing Operation Net Minority Interest": NaN,
        "Reconciled Depreciation": NaN,
        "Reconciled Cost Of Revenue": NaN,
        "EBITDA": NaN,
        "EBIT": NaN,
        "Net Interest Income": NaN,
        "Interest Expense": NaN,
        "Interest Income": NaN,
        "Normalized Income": NaN,
        "Net Income From Continuing And Discontinued Operation": NaN,
        "Total Expenses": NaN,
        "Total Operating Income As Reported": NaN,
        "Diluted Average Shares": NaN,
        "Basic Average Shares": NaN,
        "Diluted EPS": NaN,
        "Basic EPS": NaN,
        "Diluted NI Availto Com Stockholders": NaN,
        "Net Income Common Stockholders": NaN,
        "Net Income": NaN,
        "Minority Interests": NaN,
        "Net Income Including Noncontrolling Interests": NaN,
        "Net Income Continuous Operations": NaN,
        "Earnings From Equity Interest Net Of Tax": NaN,
        "Tax Provision": NaN,
        "Pretax Income": NaN,
        "Other Income Expense": NaN,
        "Special Income Charges": NaN,
        "Gain On Sale Of Business": NaN,
        "Impairment Of Capital Assets": 0.0,
        "Restructuring And Mergern Acquisition": NaN,
        "Net Non Operating Interest Income Expense": NaN,
        "Interest Expense Non Operating": NaN,
        "Interest Income Non Operating": NaN,
        "Operating Income": NaN,
        "Operating Expense": NaN,
        "Depreciation Amortization Depletion Income Statement": NaN,
        "Depreciation And Amortization In Income Statement": NaN,
        "Amortization": NaN,
        "Amortization Of Intangibles Income Statement": NaN,
        "Selling General And Administration": NaN,
        "Gross Profit": NaN,
        "Cost Of Revenue": NaN,
        "Total Revenue": NaN,
        "Operating Revenue": NaN
    },
    "2023-03-31": {
        "Tax Effect Of Unusual Items": -46620000.0,
        "Tax Rate For Calcs": 0.21,
        "Normalized EBITDA": 354000000.0,
        "Total Unusual Items": -222000000.0,
        "Total Unusual Items Excluding Goodwill": -222000000.0,
        "Net Income From Continuing Operation Net Minority Interest": -179000000.0,
        "Reconciled Depreciation": 89000000.0,
        "Reconciled Cost Of Revenue": 3808000000.0,
        "EBITDA": 132000000.0,
        "EBIT": 43000000.0,
        "Net Interest Income": -152000000.0,
        "Interest Expense": 152000000.0,
        "Interest Income": NaN,
        "Normalized Income": -3620000.0,
        "Net Income From Continuing And Discontinued Operation": -179000000.0,
        "Total Expenses": 4384000000.0,
        "Total Operating Income As Reported": 43000000.0,
        "Diluted Average Shares": 54800000.0,
        "Basic Average Shares": 54800000.0,
        "Diluted EPS": -3.27,
        "Basic EPS": -3.27,
        "Diluted NI Availto Com Stockholders": -179000000.0,
        "Net Income Common Stockholders": -179000000.0,
        "Net Income": -179000000.0,
        "Minority Interests": -3000000.0,
        "Net Income Including Noncontrolling Interests": -176000000.0,
        "Net Income Continuous Operations": -176000000.0,
        "Earnings From Equity Interest Net Of Tax": 1000000.0,
        "Tax Provision": 68000000.0,
        "Pretax Income": -109000000.0,
        "Other Income Expense": -222000000.0,
        "Special Income Charges": -222000000.0,
        "Gain On Sale Of Business": -222000000.0,
        "Impairment Of Capital Assets": NaN,
        "Restructuring And Mergern Acquisition": 0.0,
        "Net Non Operating Interest Income Expense": -152000000.0,
        "Interest Expense Non Operating": 152000000.0,
        "Interest Income Non Operating": NaN,
        "Operating Income": 265000000.0,
        "Operating Expense": 498000000.0,
        "Depreciation Amortization Depletion Income Statement": 11000000.0,
        "Depreciation And Amortization In Income Statement": 11000000.0,
        "Amortization": 11000000.0,
        "Amortization Of Intangibles Income Statement": 11000000.0,
        "Selling General And Administration": 487000000.0,
        "Gross Profit": 763000000.0,
        "Cost Of Revenue": 3886000000.0,
        "Total Revenue": 4649000000.0,
        "Operating Revenue": 4649000000.0
    },
    "2022-12-31": {
        "Tax Effect Of Unusual Items": NaN,
        "Tax Rate For Calcs": NaN,
        "Normalized EBITDA": NaN,
        "Total Unusual Items": NaN,
        "Total Unusual Items Excluding Goodwill": NaN,
        "Net Income From Continuing Operation Net Minority Interest": NaN,
        "Reconciled Depreciation": NaN,
        "Reconciled Cost Of Revenue": NaN,
        "EBITDA": NaN,
        "EBIT": NaN,
        "Net Interest Income": NaN,
        "Interest Expense": NaN,
        "Interest Income": -26000000.0,
        "Normalized Income": NaN,
        "Net Income From Continuing And Discontinued Operation": NaN,
        "Total Expenses": NaN,
        "Total Operating Income As Reported": NaN,
        "Diluted Average Shares": NaN,
        "Basic Average Shares": NaN,
        "Diluted EPS": NaN,
        "Basic EPS": NaN,
        "Diluted NI Availto Com Stockholders": NaN,
        "Net Income Common Stockholders": NaN,
        "Net Income": NaN,
        "Minority Interests": NaN,
        "Net Income Including Noncontrolling Interests": NaN,
        "Net Income Continuous Operations": NaN,
        "Earnings From Equity Interest Net Of Tax": NaN,
        "Tax Provision": NaN,
        "Pretax Income": NaN,
        "Other Income Expense": NaN,
        "Special Income Charges": NaN,
        "Gain On Sale Of Business": NaN,
        "Impairment Of Capital Assets": 0.0,
        "Restructuring And Mergern Acquisition": NaN,
        "Net Non Operating Interest Income Expense": NaN,
        "Interest Expense Non Operating": NaN,
        "Interest Income Non Operating": -26000000.0,
        "Operating Income": NaN,
        "Operating Expense": NaN,
        "Depreciation Amortization Depletion Income Statement": NaN,
        "Depreciation And Amortization In Income Statement": NaN,
        "Amortization": NaN,
        "Amortization Of Intangibles Income Statement": NaN,
        "Selling General And Administration": NaN,
        "Gross Profit": NaN,
        "Cost Of Revenue": NaN,
        "Total Revenue": NaN,
        "Operating Revenue": NaN
    },
    "2022-09-30": {
        "Tax Effect Of Unusual Items": NaN,
        "Tax Rate For Calcs": NaN,
        "Normalized EBITDA": NaN,
        "Total Unusual Items": NaN,
        "Total Unusual Items Excluding Goodwill": NaN,
        "Net Income From Continuing Operation Net Minority Interest": NaN,
        "Reconciled Depreciation": NaN,
        "Reconciled Cost Of Revenue": NaN,
        "EBITDA": NaN,
        "EBIT": NaN,
        "Net Interest Income": NaN,
        "Interest Expense": NaN,
        "Interest Income": 19000000.0,
        "Normalized Income": NaN,
        "Net Income From Continuing And Discontinued Operation": NaN,
        "Total Expenses": NaN,
        "Total Operating Income As Reported": NaN,
        "Diluted Average Shares": NaN,
        "Basic Average Shares": NaN,
        "Diluted EPS": NaN,
        "Basic EPS": NaN,
        "Diluted NI Availto Com Stockholders": NaN,
        "Net Income Common Stockholders": NaN,
        "Net Income": NaN,
        "Minority Interests": NaN,
        "Net Income Including Noncontrolling Interests": NaN,
        "Net Income Continuous Operations": NaN,
        "Earnings From Equity Interest Net Of Tax": NaN,
        "Tax Provision": NaN,
        "Pretax Income": NaN,
        "Other Income Expense": NaN,
        "Special Income Charges": NaN,
        "Gain On Sale Of Business": NaN,
        "Impairment Of Capital Assets": 0.0,
        "Restructuring And Mergern Acquisition": NaN,
        "Net Non Operating Interest Income Expense": NaN,
        "Interest Expense Non Operating": NaN,
        "Interest Income Non Operating": 19000000.0,
        "Operating Income": NaN,
        "Operating Expense": NaN,
        "Depreciation Amortization Depletion Income Statement": NaN,
        "Depreciation And Amortization In Income Statement": NaN,
        "Amortization": NaN,
        "Amortization Of Intangibles Income Statement": NaN,
        "Selling General And Administration": NaN,
        "Gross Profit": NaN,
        "Cost Of Revenue": NaN,
        "Total Revenue": NaN,
        "Operating Revenue": NaN
    },
    "2022-06-30": {
        "Tax Effect Of Unusual Items": -294000000.0,
        "Tax Rate For Calcs": 0.4,
        "Normalized EBITDA": 562000000.0,
        "Total Unusual Items": -735000000.0,
        "Total Unusual Items Excluding Goodwill": -735000000.0,
        "Net Income From Continuing Operation Net Minority Interest": -371000000.0,
        "Reconciled Depreciation": 114000000.0,
        "Reconciled Cost Of Revenue": 4093000000.0,
        "EBITDA": -173000000.0,
        "EBIT": -287000000.0,
        "Net Interest Income": -26000000.0,
        "Interest Expense": 45000000.0,
        "Interest Income": 19000000.0,
        "Normalized Income": 70000000.0,
        "Net Income From Continuing And Discontinued Operation": -371000000.0,
        "Total Expenses": 4668000000.0,
        "Total Operating Income As Reported": -306000000.0,
        "Diluted Average Shares": 56000000.0,
        "Basic Average Shares": 56000000.0,
        "Diluted EPS": -6.62,
        "Basic EPS": -6.62,
        "Diluted NI Availto Com Stockholders": -371000000.0,
        "Net Income Common Stockholders": -371000000.0,
        "Net Income": -371000000.0,
        "Minority Interests": -3000000.0,
        "Net Income Including Noncontrolling Interests": -368000000.0,
        "Net Income Continuous Operations": -368000000.0,
        "Earnings From Equity Interest Net Of Tax": 1000000.0,
        "Tax Provision": 37000000.0,
        "Pretax Income": -332000000.0,
        "Other Income Expense": -735000000.0,
        "Special Income Charges": -735000000.0,
        "Gain On Sale Of Business": -346000000.0,
        "Impairment Of Capital Assets": 384000000.0,
        "Restructuring And Mergern Acquisition": 5000000.0,
        "Net Non Operating Interest Income Expense": -26000000.0,
        "Interest Expense Non Operating": 45000000.0,
        "Interest Income Non Operating": 19000000.0,
        "Operating Income": 429000000.0,
        "Operating Expense": 468000000.0,
        "Depreciation Amortization Depletion Income Statement": 7000000.0,
        "Depreciation And Amortization In Income Statement": 7000000.0,
        "Amortization": 7000000.0,
        "Amortization Of Intangibles Income Statement": 7000000.0,
        "Selling General And Administration": 461000000.0,
        "Gross Profit": 897000000.0,
        "Cost Of Revenue": 4200000000.0,
        "Total Revenue": 5097000000.0,
        "Operating Revenue": 5097000000.0
    },
    "2022-03-31": {
        "Diluted EPS": 5.33,
        "Total Revenue": NaN,
        "Gross Profit": 851,
        "Operating Income": 461,
        "EBIT": 573,
        "Net Income": 313
    },
    "2021-12-31": {
        "Diluted EPS": 4.89,
        "Total Revenue": NaN,
        "Gross Profit": NaN,
        "Operating Income": 495,
        "EBIT": 611,
        "Net Income": 298
    },
    "2021-09-30": {
        "Diluted EPS": 7.51,
        "Total Revenue": NaN,
        "Gross Profit": NaN,
        "Operating Income": 552,
        "EBIT": 671,
        "Net Income": 471
    },
    "2021-06-30": {
        "Diluted EPS": 9.15,
        "Total Revenue": NaN,
        "Gross Profit": NaN,
        "Operating Income": 683,
        "EBIT": 801,
        "Net Income": 581
    },
    "2021-03-31": {
        "Diluted EPS": 6.81,
        "Total Revenue": NaN,
        "Gross Profit": NaN,
        "Operating Income": 618,
        "EBIT": 759,
        "Net Income": 433
    },
    "2020-12-31": {
        "Diluted EPS": 7.87,
        "Total Revenue": NaN,
        "Gross Profit": NaN,
        "Operating Income": 718,
        "EBIT": 879,
        "Net Income": 499
    },
    "2020-09-30": {
        "Diluted EPS": 6.19,
        "Total Revenue": NaN,
        "Gross Profit": NaN,
        "Operating Income": 563,
        "EBIT": 709,
        "Net Income": 392
    },
    "2020-06-30": {
        "Diluted EPS": 0.47,
        "Total Revenue": NaN,
        "Gross Profit": 625,
        "Operating Income": 71,
        "EBIT": 204,
        "Net Income": 30
    },
    "2020-03-31": {
        "Diluted EPS": 2.45,
        "Total Revenue": NaN,
        "Gross Profit": 703,
        "Operating Income": 263,
        "EBIT": 398,
        "Net Income": 154
    },
    "2019-12-31": {
        "Diluted EPS": 4.27,
        "Total Revenue": NaN,
        "Gross Profit": NaN,
        "Operating Income": 402,
        "EBIT": 546,
        "Net Income": 272
    },
    "2019-09-30": {
        "Diluted EPS": 5.57,
        "Total Revenue": NaN,
        "Gross Profit": 741,
        "Operating Income": 693,
        "EBIT": 834,
        "Net Income": 358
    },
    "2019-06-30": {
        "Diluted EPS": 1.04,
        "Total Revenue": NaN,
        "Gross Profit": 932,
        "Operating Income": 191,
        "EBIT": 351,
        "Net Income": 67
    },
    "2019-03-31": {
        "Diluted EPS": 7.31,
        "Total Revenue": NaN,
        "Gross Profit": 812,
        "Operating Income": 263,
        "EBIT": 405,
        "Net Income": 471
    },
    "2018-12-31": {
        "Diluted EPS": 2.26,
        "Total Revenue": NaN,
        "Gross Profit": 950,
        "Operating Income": 309,
        "EBIT": 463,
        "Net Income": 170
    },
    "2018-09-30": {
        "Diluted EPS": 3.22,
        "Total Revenue": NaN,
        "Gross Profit": 895,
        "Operating Income": 299,
        "EBIT": 451,
        "Net Income": 210
    },
    "2018-06-30": {
        "Diluted EPS": -9.5,
        "Total Revenue": NaN,
        "Gross Profit": 880,
        "Operating Income": -472,
        "EBIT": 437,
        "Net Income": -657
    },
    "2018-03-31": {
        "Diluted EPS": 1.3,
        "Total Revenue": NaN,
        "Gross Profit": 812,
        "Operating Income": 143,
        "EBIT": 320,
        "Net Income": 94
    },
    "2017-12-31": {
        "Diluted EPS": -3.55,
        "Total Revenue": NaN,
        "Gross Profit": 985,
        "Operating Income": 267,
        "EBIT": 434,
        "Net Income": -268
    },
    "2017-09-30": {
        "Diluted EPS": 3.72,
        "Total Revenue": NaN,
        "Gross Profit": 915,
        "Operating Income": 331,
        "EBIT": 499,
        "Net Income": 276
    },
    "2017-06-30": {
        "Diluted EPS": 2.52,
        "Total Revenue": NaN,
        "Gross Profit": 876,
        "Operating Income": 274,
        "EBIT": 430,
        "Net Income": 189
    },
    "2017-03-31": {
        "Diluted EPS": 2.01,
        "Total Revenue": NaN,
        "Gross Profit": 826,
        "Operating Income": 264,
        "EBIT": 427,
        "Net Income": 153
    },
    "2016-12-31": {
        "Diluted EPS": 2.33,
        "Total Revenue": NaN,
        "Gross Profit": 960,
        "Operating Income": 341,
        "EBIT": 500,
        "Net Income": 180
    },
    "2016-09-30": {
        "Diluted EPS": 3.1,
        "Total Revenue": NaN,
        "Gross Profit": 940,
        "Operating Income": 374,
        "EBIT": 538,
        "Net Income": 238
    },
    "2016-06-30": {
        "Diluted EPS": 4.15,
        "Total Revenue": NaN,
        "Gross Profit": 969,
        "Operating Income": 368,
        "EBIT": 532,
        "Net Income": 320
    },
    "2016-03-31": {
        "Diluted EPS": 1.92,
        "Total Revenue": NaN,
        "Gross Profit": 823,
        "Operating Income": 285,
        "EBIT": 453,
        "Net Income": 150
    },
    "2015-12-31": {
        "Diluted EPS": 2.29,
        "Total Revenue": NaN,
        "Gross Profit": 972,
        "Operating Income": 337,
        "EBIT": 509,
        "Net Income": 180
    },
    "2015-09-30": {
        "Diluted EPS": 2.95,
        "Total Revenue": NaN,
        "Gross Profit": 930,
        "Operating Income": 329,
        "EBIT": 494,
        "Net Income": 235
    },
    "2015-06-30": {
        "Diluted EPS": 2.21,
        "Total Revenue": NaN,
        "Gross Profit": 905,
        "Operating Income": 273,
        "EBIT": 443,
        "Net Income": 177
    },
    "2015-03-31": {
        "Diluted EPS": 2.38,
        "Total Revenue": NaN,
        "Gross Profit": 853,
        "Operating Income": 303,
        "EBIT": 464,
        "Net Income": 191
    },
    "2014-12-31": {
        "Diluted EPS": 1.02,
        "Total Revenue": NaN,
        "Gross Profit": NaN,
        "Operating Income": 281,
        "EBIT": 444,
        "Net Income": 81
    },
    "2014-09-30": {
        "Diluted EPS": 2.88,
        "Total Revenue": NaN,
        "Gross Profit": 827,
        "Operating Income": 335,
        "EBIT": 471,
        "Net Income": 230
    },
    "2014-06-30": {
        "Diluted EPS": 2.25,
        "Total Revenue": NaN,
        "Gross Profit": 787,
        "Operating Income": 291,
        "EBIT": 425,
        "Net Income": 179
    },
    "2014-03-31": {
        "Diluted EPS": 2.02,
        "Total Revenue": NaN,
        "Gross Profit": 755,
        "Operating Income": 281,
        "EBIT": 408,
        "Net Income": 160
    },
    "2013-12-31": {
        "Diluted EPS": 2.26,
        "Total Revenue": NaN,
        "Gross Profit": 909,
        "Operating Income": 354,
        "EBIT": 497,
        "Net Income": 181
    },
    "2013-09-30": {
        "Diluted EPS": 2.42,
        "Total Revenue": NaN,
        "Gross Profit": 846,
        "Operating Income": 313,
        "EBIT": 455,
        "Net Income": 196
    },
    "2013-06-30": {
        "Diluted EPS": 2.44,
        "Total Revenue": NaN,
        "Gross Profit": 817,
        "Operating Income": 328,
        "EBIT": 454,
        "Net Income": 198
    },
    "2013-03-31": {
        "Diluted EPS": 3.12,
        "Total Revenue": NaN,
        "Gross Profit": 726,
        "Operating Income": 254,
        "EBIT": 383,
        "Net Income": 252
    },
    "2012-12-31": {
        "Diluted EPS": 1.52,
        "Total Revenue": NaN,
        "Gross Profit": 812,
        "Operating Income": 258,
        "EBIT": 384,
        "Net Income": 122
    },
    "2012-09-30": {
        "Diluted EPS": 0.94,
        "Total Revenue": NaN,
        "Gross Profit": 703,
        "Operating Income": 213,
        "EBIT": 341,
        "Net Income": 74
    },
    "2012-06-30": {
        "Diluted EPS": 1.43,
        "Total Revenue": NaN,
        "Gross Profit": 728,
        "Operating Income": 194,
        "EBIT": 340,
        "Net Income": 113
    },
    "2012-03-31": {
        "Diluted EPS": 1.17,
        "Total Revenue": NaN,
        "Gross Profit": 650,
        "Operating Income": 204,
        "EBIT": 355,
        "Net Income": 92
    },
    "2011-12-31": {
        "Diluted EPS": 2.65,
        "Total Revenue": NaN,
        "Gross Profit": 712,
        "Operating Income": 205,
        "EBIT": 341,
        "Net Income": 205
    },
    "2011-09-30": {
        "Diluted EPS": 2.27,
        "Total Revenue": NaN,
        "Gross Profit": 573,
        "Operating Income": 136,
        "EBIT": 272,
        "Net Income": 177
    },
    "2011-06-30": {
        "Diluted EPS": -2.1,
        "Total Revenue": NaN,
        "Gross Profit": 669,
        "Operating Income": 223,
        "EBIT": 368,
        "Net Income": -161
    },
    "2011-03-31": {
        "Diluted EPS": 2.17,
        "Total Revenue": NaN,
        "Gross Profit": 623,
        "Operating Income": 228,
        "EBIT": 369,
        "Net Income": 169
    },
    "2010-12-31": {
        "Diluted EPS": 2.18,
        "Total Revenue": NaN,
        "Gross Profit": 666,
        "Operating Income": 202,
        "EBIT": 343,
        "Net Income": 171
    },
    "2010-09-30": {
        "Diluted EPS": 1.02,
        "Total Revenue": NaN,
        "Gross Profit": 648,
        "Operating Income": 234,
        "EBIT": 375,
        "Net Income": 79
    },
    "2010-06-30": {
        "Diluted EPS": 2.64,
        "Total Revenue": NaN,
        "Gross Profit": 761,
        "Operating Income": 331,
        "EBIT": 470,
        "Net Income": 205
    },
    "2010-03-31": {
        "Diluted EPS": 2.13,
        "Total Revenue": NaN,
        "Gross Profit": 639,
        "Operating Income": 241,
        "EBIT": 375,
        "Net Income": 164
    },
    "2009-12-31": {
        "Diluted EPS": 1.24,
        "Total Revenue": NaN,
        "Gross Profit": 688,
        "Operating Income": 199,
        "EBIT": 336,
        "Net Income": 95
    },
    "2009-09-30": {
        "Diluted EPS": 1.15,
        "Total Revenue": NaN,
        "Gross Profit": 620,
        "Operating Income": 189,
        "EBIT": 319,
        "Net Income": 87
    },
    "2009-06-30": {
        "Diluted EPS": 1.04,
        "Total Revenue": NaN,
        "Gross Profit": 554,
        "Operating Income": 134,
        "EBIT": 277,
        "Net Income": 78
    },
    "2009-03-31": {
        "Diluted EPS": 0.91,
        "Total Revenue": NaN,
        "Gross Profit": 524,
        "Operating Income": 166,
        "EBIT": 281,
        "Net Income": 68
    },
    "2023-09-30": {
        "Tax Effect Of Unusual Items": NaN,
        "Tax Rate For Calcs": NaN,
        "Normalized EBITDA": NaN,
        "Total Unusual Items": NaN,
        "Total Unusual Items Excluding Goodwill": NaN,
        "Net Income From Continuing Operation Net Minority Interest": NaN,
        "Reconciled Depreciation": NaN,
        "Reconciled Cost Of Revenue": NaN,
        "EBITDA": NaN,
        "EBIT": NaN,
        "Net Interest Income": NaN,
        "Interest Expense": NaN,
        "Interest Income": 10000000.0,
        "Normalized Income": NaN,
        "Net Income From Continuing And Discontinued Operation": NaN,
        "Total Expenses": NaN,
        "Total Operating Income As Reported": NaN,
        "Diluted Average Shares": NaN,
        "Basic Average Shares": NaN,
        "Diluted EPS": NaN,
        "Basic EPS": NaN,
        "Diluted NI Availto Com Stockholders": NaN,
        "Net Income Common Stockholders": NaN,
        "Net Income": NaN,
        "Minority Interests": NaN,
        "Net Income Including Noncontrolling Interests": NaN,
        "Net Income Continuous Operations": NaN,
        "Earnings From Equity Interest Net Of Tax": NaN,
        "Tax Provision": NaN,
        "Pretax Income": NaN,
        "Other Income Expense": NaN,
        "Special Income Charges": NaN,
        "Gain On Sale Of Business": NaN,
        "Impairment Of Capital Assets": 0.0,
        "Restructuring And Mergern Acquisition": NaN,
        "Net Non Operating Interest Income Expense": NaN,
        "Interest Expense Non Operating": NaN,
        "Interest Income Non Operating": 10000000.0,
        "Operating Income": NaN,
        "Operating Expense": NaN,
        "Depreciation Amortization Depletion Income Statement": NaN,
        "Depreciation And Amortization In Income Statement": NaN,
        "Amortization": NaN,
        "Amortization Of Intangibles Income Statement": NaN,
        "Selling General And Administration": NaN,
        "Gross Profit": NaN,
        "Cost Of Revenue": NaN,
        "Total Revenue": NaN,
        "Operating Revenue": NaN
    },
    "2023-12-31": {
        "Tax Effect Of Unusual Items": NaN,
        "Tax Rate For Calcs": NaN,
        "Normalized EBITDA": NaN,
        "Total Unusual Items": NaN,
        "Total Unusual Items Excluding Goodwill": NaN,
        "Net Income From Continuing Operation Net Minority Interest": NaN,
        "Reconciled Depreciation": NaN,
        "Reconciled Cost Of Revenue": NaN,
        "EBITDA": NaN,
        "EBIT": NaN,
        "Net Interest Income": NaN,
        "Interest Expense": NaN,
        "Interest Income": NaN,
        "Normalized Income": NaN,
        "Net Income From Continuing And Discontinued Operation": NaN,
        "Total Expenses": NaN,
        "Total Operating Income As Reported": NaN,
        "Diluted Average Shares": NaN,
        "Basic Average Shares": NaN,
        "Diluted EPS": NaN,
        "Basic EPS": NaN,
        "Diluted NI Availto Com Stockholders": NaN,
        "Net Income Common Stockholders": NaN,
        "Net Income": NaN,
        "Minority Interests": NaN,
        "Net Income Including Noncontrolling Interests": NaN,
        "Net Income Continuous Operations": NaN,
        "Earnings From Equity Interest Net Of Tax": NaN,
        "Tax Provision": NaN,
        "Pretax Income": NaN,
        "Other Income Expense": NaN,
        "Special Income Charges": NaN,
        "Gain On Sale Of Business": NaN,
        "Impairment Of Capital Assets": 0.0,
        "Restructuring And Mergern Acquisition": NaN,
        "Net Non Operating Interest Income Expense": NaN,
        "Interest Expense Non Operating": NaN,
        "Interest Income Non Operating": NaN,
        "Operating Income": NaN,
        "Operating Expense": NaN,
        "Depreciation Amortization Depletion Income Statement": NaN,
        "Depreciation And Amortization In Income Statement": NaN,
        "Amortization": NaN,
        "Amortization Of Intangibles Income Statement": NaN,
        "Selling General And Administration": NaN,
        "Gross Profit": NaN,
        "Cost Of Revenue": NaN,
        "Total Revenue": NaN,
        "Operating Revenue": NaN
    },
    "2024-03-31": {
        "Tax Effect Of Unusual Items": -56700000.0,
        "Tax Rate For Calcs": 0.21,
        "Normalized EBITDA": 272000000.0,
        "Total Unusual Items": -270000000.0,
        "Total Unusual Items Excluding Goodwill": -270000000.0,
        "Net Income From Continuing Operation Net Minority Interest": -259000000.0,
        "Reconciled Depreciation": 89000000.0,
        "Reconciled Cost Of Revenue": 3770000000.0,
        "EBITDA": 2000000.0,
        "EBIT": -87000000.0,
        "Net Interest Income": -61000000.0,
        "Interest Expense": 90000000.0,
        "Interest Income": 29000000.0,
        "Normalized Income": -45700000.0,
        "Net Income From Continuing And Discontinued Operation": -259000000.0,
        "Total Expenses": 4336000000.0,
        "Total Operating Income As Reported": -116000000.0,
        "Diluted Average Shares": 54900000.0,
        "Basic Average Shares": 54900000.0,
        "Diluted EPS": -4.72,
        "Basic EPS": -4.72,
        "Diluted NI Availto Com Stockholders": -259000000.0,
        "Net Income Common Stockholders": -259000000.0,
        "Net Income": -259000000.0,
        "Minority Interests": -6000000.0,
        "Net Income Including Noncontrolling Interests": -253000000.0,
        "Net Income Continuous Operations": -253000000.0,
        "Earnings From Equity Interest Net Of Tax": 0.0,
        "Tax Provision": 76000000.0,
        "Pretax Income": -177000000.0,
        "Other Income Expense": -270000000.0,
        "Special Income Charges": -270000000.0,
        "Gain On Sale Of Business": -247000000.0,
        "Impairment Of Capital Assets": NaN,
        "Restructuring And Mergern Acquisition": 23000000.0,
        "Net Non Operating Interest Income Expense": -61000000.0,
        "Interest Expense Non Operating": 90000000.0,
        "Interest Income Non Operating": 29000000.0,
        "Operating Income": 154000000.0,
        "Operating Expense": 488000000.0,
        "Depreciation Amortization Depletion Income Statement": 11000000.0,
        "Depreciation And Amortization In Income Statement": 11000000.0,
        "Amortization": 11000000.0,
        "Amortization Of Intangibles Income Statement": 11000000.0,
        "Selling General And Administration": 477000000.0,
        "Gross Profit": 642000000.0,
        "Cost Of Revenue": 3848000000.0,
        "Total Revenue": 4490000000.0,
        "Operating Revenue": 4490000000.0
    },
    "2024-06-30": {
        "Tax Effect Of Unusual Items": -19950000.0,
        "Tax Rate For Calcs": 0.21,
        "Normalized EBITDA": 306000000.0,
        "Total Unusual Items": -95000000.0,
        "Total Unusual Items Excluding Goodwill": -95000000.0,
        "Net Income From Continuing Operation Net Minority Interest": 219000000.0,
        "Reconciled Depreciation": 81000000.0,
        "Reconciled Cost Of Revenue": 3289000000.0,
        "EBITDA": 211000000.0,
        "EBIT": 130000000.0,
        "Net Interest Income": -100000000.0,
        "Interest Expense": 100000000.0,
        "Interest Income": NaN,
        "Normalized Income": 294050000.0,
        "Net Income From Continuing And Discontinued Operation": 219000000.0,
        "Total Expenses": 3764000000.0,
        "Total Operating Income As Reported": 130000000.0,
        "Diluted Average Shares": 55000000.0,
        "Basic Average Shares": 54900000.0,
        "Diluted EPS": 3.96,
        "Basic EPS": 3.96,
        "Diluted NI Availto Com Stockholders": 219000000.0,
        "Net Income Common Stockholders": 219000000.0,
        "Net Income": 219000000.0,
        "Minority Interests": -6000000.0,
        "Net Income Including Noncontrolling Interests": 225000000.0,
        "Net Income Continuous Operations": 225000000.0,
        "Earnings From Equity Interest Net Of Tax": -11000000.0,
        "Tax Provision": -206000000.0,
        "Pretax Income": 30000000.0,
        "Other Income Expense": -95000000.0,
        "Special Income Charges": -95000000.0,
        "Gain On Sale Of Business": -45000000.0,
        "Impairment Of Capital Assets": NaN,
        "Restructuring And Mergern Acquisition": 50000000.0,
        "Net Non Operating Interest Income Expense": -100000000.0,
        "Interest Expense Non Operating": 100000000.0,
        "Interest Income Non Operating": NaN,
        "Operating Income": 225000000.0,
        "Operating Expense": 401000000.0,
        "Depreciation Amortization Depletion Income Statement": 7000000.0,
        "Depreciation And Amortization In Income Statement": 7000000.0,
        "Amortization": 7000000.0,
        "Amortization Of Intangibles Income Statement": 7000000.0,
        "Selling General And Administration": 394000000.0,
        "Gross Profit": 626000000.0,
        "Cost Of Revenue": 3363000000.0,
        "Total Revenue": 3989000000.0,
        "Operating Revenue": 3989000000.0
    },
    "2024-09-30": {
        "Tax Effect Of Unusual Items": 6000000.0,
        "Tax Rate For Calcs": 0.25,
        "Normalized EBITDA": 326000000.0,
        "Total Unusual Items": 24000000.0,
        "Total Unusual Items Excluding Goodwill": 24000000.0,
        "Net Income From Continuing Operation Net Minority Interest": 109000000.0,
        "Reconciled Depreciation": 79000000.0,
        "Reconciled Cost Of Revenue": 3278000000.0,
        "EBITDA": 350000000.0,
        "EBIT": 271000000.0,
        "Net Interest Income": -86000000.0,
        "Interest Expense": 92000000.0,
        "Interest Income": 6000000.0,
        "Normalized Income": 91000000.0,
        "Net Income From Continuing And Discontinued Operation": 109000000.0,
        "Total Expenses": 3752000000.0,
        "Total Operating Income As Reported": 265000000.0,
        "Diluted Average Shares": 55200000.0,
        "Basic Average Shares": 55200000.0,
        "Diluted EPS": 2.0,
        "Basic EPS": 2.01,
        "Diluted NI Availto Com Stockholders": 109000000.0,
        "Net Income Common Stockholders": 109000000.0,
        "Net Income": 109000000.0,
        "Minority Interests": -5000000.0,
        "Net Income Including Noncontrolling Interests": 114000000.0,
        "Net Income Continuous Operations": 114000000.0,
        "Earnings From Equity Interest Net Of Tax": -20000000.0,
        "Tax Provision": 45000000.0,
        "Pretax Income": 179000000.0,
        "Other Income Expense": 24000000.0,
        "Special Income Charges": 24000000.0,
        "Gain On Sale Of Business": 32000000.0,
        "Impairment Of Capital Assets": NaN,
        "Restructuring And Mergern Acquisition": 8000000.0,
        "Net Non Operating Interest Income Expense": -86000000.0,
        "Interest Expense Non Operating": 92000000.0,
        "Interest Income Non Operating": 6000000.0,
        "Operating Income": 241000000.0,
        "Operating Expense": 402000000.0,
        "Depreciation Amortization Depletion Income Statement": 7000000.0,
        "Depreciation And Amortization In Income Statement": 7000000.0,
        "Amortization": 7000000.0,
        "Amortization Of Intangibles Income Statement": 7000000.0,
        "Selling General And Administration": 395000000.0,
        "Gross Profit": 643000000.0,
        "Cost Of Revenue": 3350000000.0,
        "Total Revenue": 3993000000.0,
        "Operating Revenue": 3993000000.0
    },
    "2024-12-31": {
        "Tax Effect Of Unusual Items": -80430000.0,
        "Tax Rate For Calcs": 0.21,
        "Normalized EBITDA": 331000000.0,
        "Total Unusual Items": -383000000.0,
        "Total Unusual Items Excluding Goodwill": -383000000.0,
        "Net Income From Continuing Operation Net Minority Interest": -392000000.0,
        "Reconciled Depreciation": 84000000.0,
        "Reconciled Cost Of Revenue": 3388000000.0,
        "EBITDA": -52000000.0,
        "EBIT": -136000000.0,
        "Net Interest Income": -83000000.0,
        "Interest Expense": 83000000.0,
        "Interest Income": 0.0,
        "Normalized Income": -89430000.0,
        "Net Income From Continuing And Discontinued Operation": -392000000.0,
        "Total Expenses": 3890000000.0,
        "Total Operating Income As Reported": -136000000.0,
        "Diluted Average Shares": 55400000.0,
        "Basic Average Shares": 55400000.0,
        "Diluted EPS": -7.1,
        "Basic EPS": -7.1,
        "Diluted NI Availto Com Stockholders": -392000000.0,
        "Net Income Common Stockholders": -392000000.0,
        "Net Income": -392000000.0,
        "Minority Interests": -2000000.0,
        "Net Income Including Noncontrolling Interests": -390000000.0,
        "Net Income Continuous Operations": -390000000.0,
        "Earnings From Equity Interest Net Of Tax": -76000000.0,
        "Tax Provision": 95000000.0,
        "Pretax Income": -219000000.0,
        "Other Income Expense": -383000000.0,
        "Special Income Charges": -383000000.0,
        "Gain On Sale Of Business": -4000000.0,
        "Impairment Of Capital Assets": NaN,
        "Restructuring And Mergern Acquisition": -2000000.0,
        "Net Non Operating Interest Income Expense": -83000000.0,
        "Interest Expense Non Operating": 83000000.0,
        "Interest Income Non Operating": 0.0,
        "Operating Income": 246000000.0,
        "Operating Expense": 425000000.0,
        "Depreciation Amortization Depletion Income Statement": 7000000.0,
        "Depreciation And Amortization In Income Statement": 7000000.0,
        "Amortization": 7000000.0,
        "Amortization Of Intangibles Income Statement": 7000000.0,
        "Selling General And Administration": 418000000.0,
        "Gross Profit": 671000000.0,
        "Cost Of Revenue": 3465000000.0,
        "Total Revenue": 4136000000.0,
        "Operating Revenue": 4136000000.0
    },
    "2025-03-31": {
        "Tax Effect Of Unusual Items": -3093525.179856,
        "Tax Rate For Calcs": 0.309353,
        "Normalized EBITDA": 309000000.0,
        "Total Unusual Items": -10000000.0,
        "Total Unusual Items Excluding Goodwill": -10000000.0,
        "Net Income From Continuing Operation Net Minority Interest": 71000000.0,
        "Reconciled Depreciation": 83000000.0,
        "Reconciled Cost Of Revenue": 2938000000.0,
        "EBITDA": 299000000.0,
        "EBIT": 216000000.0,
        "Net Interest Income": -45000000.0,
        "Interest Expense": 77000000.0,
        "Interest Income": 32000000.0,
        "Normalized Income": 77906474.820144,
        "Net Income From Continuing And Discontinued Operation": 71000000.0,
        "Total Expenses": 3427000000.0,
        "Total Operating Income As Reported": 184000000.0,
        "Diluted Average Shares": 55800000.0,
        "Basic Average Shares": 55600000.0,
        "Diluted EPS": 1.28,
        "Basic EPS": 1.29,
        "Diluted NI Availto Com Stockholders": 71000000.0,
        "Net Income Common Stockholders": 71000000.0,
        "Net Income": 71000000.0,
        "Minority Interests": -7000000.0,
        "Net Income Including Noncontrolling Interests": 79000000.0,
        "Net Income Continuous Operations": 79000000.0,
        "Earnings From Equity Interest Net Of Tax": -17000000.0,
        "Tax Provision": 43000000.0,
        "Pretax Income": 139000000.0,
        "Other Income Expense": -10000000.0,
        "Special Income Charges": -10000000.0,
        "Gain On Sale Of Business": 0.0,
        "Impairment Of Capital Assets": NaN,
        "Restructuring And Mergern Acquisition": 10000000.0,
        "Net Non Operating Interest Income Expense": -45000000.0,
        "Interest Expense Non Operating": 77000000.0,
        "Interest Income Non Operating": 32000000.0,
        "Operating Income": 194000000.0,
        "Operating Expense": 413000000.0,
        "Depreciation Amortization Depletion Income Statement": 7000000.0,
        "Depreciation And Amortization In Income Statement": 7000000.0,
        "Amortization": 7000000.0,
        "Amortization Of Intangibles Income Statement": 7000000.0,
        "Selling General And Administration": 406000000.0,
        "Gross Profit": 607000000.0,
        "Cost Of Revenue": 3014000000.0,
        "Total Revenue": 3621000000.0,
        "Operating Revenue": 3621000000.0
    }
}