{
    "2024-09-30": {
        "Tax Effect Of Unusual Items": 0.0,
        "Tax Rate For Calcs": 0.0,
        "Normalized EBITDA": -9822000.0,
        "Total Unusual Items": -2639000.0,
        "Total Unusual Items Excluding Goodwill": -2639000.0,
        "Net Income From Continuing Operation Net Minority Interest": -12546000.0,
        "Reconciled Depreciation": 47000.0,
        "Reconciled Cost Of Revenue": 804000.0,
        "EBITDA": -12461000.0,
        "EBIT": -12508000.0,
        "Net Interest Income": 868000.0,
        "Interest Expense": 38000.0,
        "Interest Income": 906000.0,
        "Normalized Income": -9907000.0,
        "Net Income From Continuing And Discontinued Operation": -12546000.0,
        "Total Expenses": 17987000.0,
        "Total Operating Income As Reported": -13413000.0,
        "Diluted Average Shares": 27041327.0,
        "Basic Average Shares": 27041327.0,
        "Diluted EPS": -0.46,
        "Basic EPS": -0.46,
        "Diluted NI Availto Com Stockholders": -12546000.0,
        "Net Income Common Stockholders": -12546000.0,
        "Net Income": -12546000.0,
        "Net Income Including Noncontrolling Interests": -12546000.0,
        "Net Income Continuous Operations": -12546000.0,
        "Pretax Income": -12546000.0,
        "Other Income Expense": -2639000.0,
        "Other Non Operating Income Expenses": NaN,
        "Special Income Charges": -2638000.0,
        "Gain On Sale Of Business": NaN,
        "Restructuring And Mergern Acquisition": 2638000.0,
        "Gain On Sale Of Security": -1000.0,
        "Net Non Operating Interest Income Expense": 868000.0,
        "Interest Expense Non Operating": 38000.0,
        "Interest Income Non Operating": 906000.0,
        "Operating Income": -10775000.0,
        "Operating Expense": 17183000.0,
        "Research And Development": 9997000.0,
        "Selling General And Administration": 7186000.0,
        "Gross Profit": 6408000.0,
        "Cost Of Revenue": 804000.0,
        "Total Revenue": 7212000.0,
        "Operating Revenue": 7212000.0
    },
    "2024-06-30": {
        "Tax Effect Of Unusual Items": 0.0,
        "Tax Rate For Calcs": 0.0,
        "Normalized EBITDA": -14474000.0,
        "Total Unusual Items": -2000.0,
        "Total Unusual Items Excluding Goodwill": -2000.0,
        "Net Income From Continuing Operation Net Minority Interest": -14583000.0,
        "Reconciled Depreciation": 49000.0,
        "Reconciled Cost Of Revenue": 778000.0,
        "EBITDA": -14476000.0,
        "EBIT": -14525000.0,
        "Net Interest Income": 1003000.0,
        "Interest Expense": 58000.0,
        "Interest Income": 1061000.0,
        "Normalized Income": -14581000.0,
        "Net Income From Continuing And Discontinued Operation": -14583000.0,
        "Total Expenses": 21763000.0,
        "Total Operating Income As Reported": -15584000.0,
        "Diluted Average Shares": 27010013.0,
        "Basic Average Shares": 27010013.0,
        "Diluted EPS": -0.54,
        "Basic EPS": -0.54,
        "Diluted NI Availto Com Stockholders": -14583000.0,
        "Net Income Common Stockholders": -14583000.0,
        "Net Income": -14583000.0,
        "Net Income Including Noncontrolling Interests": -14583000.0,
        "Net Income Continuous Operations": -14583000.0,
        "Pretax Income": -14583000.0,
        "Other Income Expense": -2000.0,
        "Other Non Operating Income Expenses": NaN,
        "Special Income Charges": 0.0,
        "Gain On Sale Of Business": 0.0,
        "Restructuring And Mergern Acquisition": NaN,
        "Gain On Sale Of Security": -2000.0,
        "Net Non Operating Interest Income Expense": 1003000.0,
        "Interest Expense Non Operating": 58000.0,
        "Interest Income Non Operating": 1061000.0,
        "Operating Income": -15584000.0,
        "Operating Expense": 20985000.0,
        "Research And Development": 13093000.0,
        "Selling General And Administration": 7892000.0,
        "Gross Profit": 5401000.0,
        "Cost Of Revenue": 778000.0,
        "Total Revenue": 6179000.0,
        "Operating Revenue": 6179000.0
    },
    "2024-03-31": {
        "Tax Effect Of Unusual Items": NaN,
        "Tax Rate For Calcs": NaN,
        "Normalized EBITDA": NaN,
        "Total Unusual Items": NaN,
        "Total Unusual Items Excluding Goodwill": NaN,
        "Net Income From Continuing Operation Net Minority Interest": NaN,
        "Reconciled Depreciation": NaN,
        "Reconciled Cost Of Revenue": NaN,
        "EBITDA": NaN,
        "EBIT": NaN,
        "Net Interest Income": NaN,
        "Interest Expense": NaN,
        "Interest Income": NaN,
        "Normalized Income": NaN,
        "Net Income From Continuing And Discontinued Operation": NaN,
        "Total Expenses": NaN,
        "Total Operating Income As Reported": NaN,
        "Diluted Average Shares": NaN,
        "Basic Average Shares": NaN,
        "Diluted EPS": NaN,
        "Basic EPS": NaN,
        "Diluted NI Availto Com Stockholders": NaN,
        "Net Income Common Stockholders": NaN,
        "Net Income": NaN,
        "Net Income Including Noncontrolling Interests": NaN,
        "Net Income Continuous Operations": NaN,
        "Pretax Income": NaN,
        "Other Income Expense": NaN,
        "Other Non Operating Income Expenses": NaN,
        "Special Income Charges": NaN,
        "Gain On Sale Of Business": 0.0,
        "Restructuring And Mergern Acquisition": NaN,
        "Gain On Sale Of Security": -1000.0,
        "Net Non Operating Interest Income Expense": NaN,
        "Interest Expense Non Operating": NaN,
        "Interest Income Non Operating": NaN,
        "Operating Income": NaN,
        "Operating Expense": NaN,
        "Research And Development": NaN,
        "Selling General And Administration": NaN,
        "Gross Profit": NaN,
        "Cost Of Revenue": NaN,
        "Total Revenue": NaN,
        "Operating Revenue": NaN
    },
    "2023-12-31": {
        "Tax Effect Of Unusual Items": NaN,
        "Tax Rate For Calcs": NaN,
        "Normalized EBITDA": NaN,
        "Total Unusual Items": NaN,
        "Total Unusual Items Excluding Goodwill": NaN,
        "Net Income From Continuing Operation Net Minority Interest": NaN,
        "Reconciled Depreciation": NaN,
        "Reconciled Cost Of Revenue": NaN,
        "EBITDA": NaN,
        "EBIT": NaN,
        "Net Interest Income": NaN,
        "Interest Expense": NaN,
        "Interest Income": NaN,
        "Normalized Income": NaN,
        "Net Income From Continuing And Discontinued Operation": NaN,
        "Total Expenses": NaN,
        "Total Operating Income As Reported": NaN,
        "Diluted Average Shares": NaN,
        "Basic Average Shares": NaN,
        "Diluted EPS": NaN,
        "Basic EPS": NaN,
        "Diluted NI Availto Com Stockholders": NaN,
        "Net Income Common Stockholders": NaN,
        "Net Income": NaN,
        "Net Income Including Noncontrolling Interests": NaN,
        "Net Income Continuous Operations": NaN,
        "Tax Provision": 0.0,
        "Pretax Income": NaN,
        "Other Income Expense": NaN,
        "Other Non Operating Income Expenses": NaN,
        "Special Income Charges": NaN,
        "Gain On Sale Of Business": NaN,
        "Impairment Of Capital Assets": 0.0,
        "Restructuring And Mergern Acquisition": NaN,
        "Gain On Sale Of Security": NaN,
        "Net Non Operating Interest Income Expense": NaN,
        "Interest Expense Non Operating": NaN,
        "Interest Income Non Operating": NaN,
        "Operating Income": NaN,
        "Operating Expense": NaN,
        "Research And Development": NaN,
        "Selling General And Administration": NaN,
        "Gross Profit": NaN,
        "Cost Of Revenue": NaN,
        "Total Revenue": NaN,
        "Operating Revenue": NaN
    },
    "2023-09-30": {
        "Tax Effect Of Unusual Items": NaN,
        "Tax Rate For Calcs": NaN,
        "Normalized EBITDA": NaN,
        "Total Unusual Items": NaN,
        "Total Unusual Items Excluding Goodwill": NaN,
        "Net Income From Continuing Operation Net Minority Interest": NaN,
        "Reconciled Depreciation": NaN,
        "Reconciled Cost Of Revenue": NaN,
        "EBITDA": NaN,
        "EBIT": NaN,
        "Net Interest Income": NaN,
        "Interest Expense": NaN,
        "Interest Income": NaN,
        "Normalized Income": NaN,
        "Net Income From Continuing And Discontinued Operation": NaN,
        "Total Expenses": NaN,
        "Total Operating Income As Reported": NaN,
        "Diluted Average Shares": NaN,
        "Basic Average Shares": NaN,
        "Diluted EPS": NaN,
        "Basic EPS": NaN,
        "Diluted NI Availto Com Stockholders": NaN,
        "Net Income Common Stockholders": NaN,
        "Net Income": NaN,
        "Net Income Including Noncontrolling Interests": NaN,
        "Net Income Continuous Operations": NaN,
        "Tax Provision": 0.0,
        "Pretax Income": NaN,
        "Other Income Expense": NaN,
        "Special Income Charges": NaN,
        "Gain On Sale Of Business": NaN,
        "Impairment Of Capital Assets": 0.0,
        "Restructuring And Mergern Acquisition": 0.0,
        "Gain On Sale Of Security": NaN,
        "Net Non Operating Interest Income Expense": NaN,
        "Interest Expense Non Operating": NaN,
        "Interest Income Non Operating": NaN,
        "Operating Income": NaN,
        "Operating Expense": NaN,
        "Research And Development": NaN,
        "Selling General And Administration": NaN,
        "Gross Profit": NaN,
        "Cost Of Revenue": NaN,
        "Total Revenue": NaN,
        "Operating Revenue": NaN
    },
    "2023-06-30": {
        "Tax Effect Of Unusual Items": NaN,
        "Tax Rate For Calcs": NaN,
        "Normalized EBITDA": NaN,
        "Total Unusual Items": NaN,
        "Total Unusual Items Excluding Goodwill": NaN,
        "Net Income From Continuing Operation Net Minority Interest": NaN,
        "Reconciled Depreciation": NaN,
        "Reconciled Cost Of Revenue": NaN,
        "EBITDA": NaN,
        "EBIT": NaN,
        "Net Interest Income": NaN,
        "Interest Expense": NaN,
        "Interest Income": NaN,
        "Normalized Income": NaN,
        "Net Income From Continuing And Discontinued Operation": NaN,
        "Total Expenses": NaN,
        "Total Operating Income As Reported": NaN,
        "Diluted Average Shares": 26879089.0,
        "Basic Average Shares": 26879089.0,
        "Diluted EPS": -0.67,
        "Basic EPS": -0.67,
        "Diluted NI Availto Com Stockholders": NaN,
        "Net Income Common Stockholders": NaN,
        "Net Income": NaN,
        "Net Income Including Noncontrolling Interests": NaN,
        "Net Income Continuous Operations": NaN,
        "Tax Provision": 0.0,
        "Pretax Income": NaN,
        "Other Income Expense": -3000.0,
        "Special Income Charges": 0.0,
        "Impairment Of Capital Assets": 0.0,
        "Restructuring And Mergern Acquisition": NaN,
        "Gain On Sale Of Security": -3000.0,
        "Net Non Operating Interest Income Expense": NaN,
        "Interest Expense Non Operating": NaN,
        "Interest Income Non Operating": NaN,
        "Operating Income": NaN,
        "Operating Expense": NaN,
        "Research And Development": NaN,
        "Selling General And Administration": NaN,
        "Gross Profit": NaN,
        "Cost Of Revenue": NaN,
        "Total Revenue": NaN,
        "Operating Revenue": NaN
    },
    "2024-12-31": {
        "Tax Effect Of Unusual Items": 0.0,
        "Tax Rate For Calcs": 0.0,
        "Normalized EBITDA": -18226000.0,
        "Total Unusual Items": 0.0,
        "Total Unusual Items Excluding Goodwill": 0.0,
        "Net Income From Continuing Operation Net Minority Interest": -18273000.0,
        "Reconciled Depreciation": 47000.0,
        "Reconciled Cost Of Revenue": 790000.0,
        "EBITDA": -18226000.0,
        "EBIT": -18273000.0,
        "Net Interest Income": 676000.0,
        "Interest Expense": 0.0,
        "Interest Income": 676000.0,
        "Normalized Income": -18273000.0,
        "Net Income From Continuing And Discontinued Operation": -18273000.0,
        "Total Expenses": 26188000.0,
        "Total Operating Income As Reported": -18949000.0,
        "Diluted Average Shares": 27086979.0,
        "Basic Average Shares": 27086979.0,
        "Diluted EPS": -0.67,
        "Basic EPS": -0.67,
        "Diluted NI Availto Com Stockholders": -18273000.0,
        "Net Income Common Stockholders": -18273000.0,
        "Net Income": -18273000.0,
        "Net Income Including Noncontrolling Interests": -18273000.0,
        "Net Income Continuous Operations": -18273000.0,
        "Pretax Income": -18273000.0,
        "Other Income Expense": 0.0,
        "Other Non Operating Income Expenses": NaN,
        "Special Income Charges": 0.0,
        "Gain On Sale Of Business": NaN,
        "Restructuring And Mergern Acquisition": 0.0,
        "Gain On Sale Of Security": 0.0,
        "Net Non Operating Interest Income Expense": 676000.0,
        "Interest Expense Non Operating": 0.0,
        "Interest Income Non Operating": 676000.0,
        "Operating Income": -18949000.0,
        "Operating Expense": 25398000.0,
        "Research And Development": 14347000.0,
        "Selling General And Administration": 11051000.0,
        "Gross Profit": 6449000.0,
        "Cost Of Revenue": 790000.0,
        "Total Revenue": 7239000.0,
        "Operating Revenue": 7239000.0
    },
    "2025-03-31": {
        "Tax Effect Of Unusual Items": 18363030.0,
        "Tax Rate For Calcs": 0.21,
        "Normalized EBITDA": -14370000.0,
        "Total Unusual Items": 87443000.0,
        "Total Unusual Items Excluding Goodwill": 87443000.0,
        "Net Income From Continuing Operation Net Minority Interest": 73016000.0,
        "Reconciled Depreciation": 57000.0,
        "Reconciled Cost Of Revenue": 760000.0,
        "EBITDA": 73073000.0,
        "EBIT": 73016000.0,
        "Net Interest Income": 791000.0,
        "Interest Expense": 0.0,
        "Interest Income": 791000.0,
        "Normalized Income": 3936030.0,
        "Net Income From Continuing And Discontinued Operation": 73016000.0,
        "Total Expenses": 22363000.0,
        "Total Operating Income As Reported": -15218000.0,
        "Diluted Average Shares": 39932539.0,
        "Basic Average Shares": 39640826.0,
        "Diluted EPS": 1.83,
        "Basic EPS": 1.84,
        "Diluted NI Availto Com Stockholders": 73016000.0,
        "Net Income Common Stockholders": 73016000.0,
        "Net Income": 73016000.0,
        "Net Income Including Noncontrolling Interests": 73016000.0,
        "Net Income Continuous Operations": 73016000.0,
        "Pretax Income": 73016000.0,
        "Other Income Expense": 87443000.0,
        "Other Non Operating Income Expenses": NaN,
        "Special Income Charges": 87443000.0,
        "Gain On Sale Of Business": 87443000.0,
        "Restructuring And Mergern Acquisition": NaN,
        "Gain On Sale Of Security": NaN,
        "Net Non Operating Interest Income Expense": 791000.0,
        "Interest Expense Non Operating": 0.0,
        "Interest Income Non Operating": 791000.0,
        "Operating Income": -15218000.0,
        "Operating Expense": 21603000.0,
        "Research And Development": 8788000.0,
        "Selling General And Administration": 12815000.0,
        "Gross Profit": 6385000.0,
        "Cost Of Revenue": 760000.0,
        "Total Revenue": 7145000.0,
        "Operating Revenue": 7145000.0
    },
    "2025-06-30": {
        "Tax Effect Of Unusual Items": 0.0,
        "Tax Rate For Calcs": 0.0,
        "Normalized EBITDA": -52596000.0,
        "Total Unusual Items": -3000.0,
        "Total Unusual Items Excluding Goodwill": -3000.0,
        "Net Income From Continuing Operation Net Minority Interest": -52615000.0,
        "Reconciled Depreciation": 16000.0,
        "Reconciled Cost Of Revenue": 0.0,
        "EBITDA": -52599000.0,
        "EBIT": -52615000.0,
        "Net Interest Income": 1979000.0,
        "Interest Expense": 0.0,
        "Interest Income": 1979000.0,
        "Normalized Income": -52612000.0,
        "Net Income From Continuing And Discontinued Operation": -52615000.0,
        "Total Expenses": 54749000.0,
        "Total Operating Income As Reported": -54749000.0,
        "Diluted Average Shares": 69083127.0,
        "Basic Average Shares": 69083127.0,
        "Diluted EPS": -0.76,
        "Basic EPS": -0.76,
        "Diluted NI Availto Com Stockholders": -52615000.0,
        "Net Income Common Stockholders": -52615000.0,
        "Net Income": -52615000.0,
        "Net Income Including Noncontrolling Interests": -52615000.0,
        "Net Income Continuous Operations": -52615000.0,
        "Pretax Income": -52615000.0,
        "Other Income Expense": 155000.0,
        "Other Non Operating Income Expenses": 158000.0,
        "Special Income Charges": 0.0,
        "Gain On Sale Of Business": 0.0,
        "Restructuring And Mergern Acquisition": NaN,
        "Gain On Sale Of Security": -3000.0,
        "Net Non Operating Interest Income Expense": 1979000.0,
        "Interest Expense Non Operating": 0.0,
        "Interest Income Non Operating": 1979000.0,
        "Operating Income": -54749000.0,
        "Operating Expense": 54749000.0,
        "Research And Development": 48809000.0,
        "Selling General And Administration": 5940000.0,
        "Gross Profit": 0.0,
        "Cost Of Revenue": 0.0,
        "Total Revenue": 0.0,
        "Operating Revenue": 0.0
    }
}