{
    "2023-03-31": {
        "Tax Effect Of Unusual Items": 0.0,
        "Tax Rate For Calcs": 0.21,
        "Normalized EBITDA": -41264000.0,
        "Net Income From Continuing Operation Net Minority Interest": -46150000.0,
        "Reconciled Depreciation": 2800000.0,
        "Reconciled Cost Of Revenue": 38518000.0,
        "EBITDA": -41264000.0,
        "EBIT": -44064000.0,
        "Net Interest Income": 2216000.0,
        "Interest Expense": 1501000.0,
        "Interest Income": 3717000.0,
        "Normalized Income": -46150000.0,
        "Net Income From Continuing And Discontinued Operation": -46150000.0,
        "Total Expenses": 197030000.0,
        "Total Operating Income As Reported": -46841000.0,
        "Diluted Average Shares": 53690242.0,
        "Basic Average Shares": 53690242.0,
        "Diluted EPS": -0.86,
        "Basic EPS": -0.86,
        "Diluted NI Availto Com Stockholders": -46150000.0,
        "Net Income Common Stockholders": -46150000.0,
        "Net Income": -46150000.0,
        "Net Income Including Noncontrolling Interests": -46150000.0,
        "Net Income Continuous Operations": -46150000.0,
        "Tax Provision": 585000.0,
        "Pretax Income": -45565000.0,
        "Other Income Expense": -940000.0,
        "Other Non Operating Income Expenses": -940000.0,
        "Net Non Operating Interest Income Expense": 2216000.0,
        "Interest Expense Non Operating": 1501000.0,
        "Interest Income Non Operating": 3717000.0,
        "Operating Income": -46841000.0,
        "Operating Expense": 158512000.0,
        "Research And Development": 45791000.0,
        "Selling General And Administration": 112721000.0,
        "Selling And Marketing Expense": 70710000.0,
        "General And Administrative Expense": 42011000.0,
        "Other Gand A": 42011000.0,
        "Gross Profit": 111671000.0,
        "Cost Of Revenue": 38518000.0,
        "Total Revenue": 150189000.0,
        "Operating Revenue": 150189000.0
    },
    "2022-12-31": {
        "Tax Effect Of Unusual Items": 0.0,
        "Tax Rate For Calcs": 0.21,
        "Normalized EBITDA": -8416000.0,
        "Net Income From Continuing Operation Net Minority Interest": -13902000.0,
        "Reconciled Depreciation": 2847000.0,
        "Reconciled Cost Of Revenue": 34356000.0,
        "EBITDA": -8416000.0,
        "EBIT": -11263000.0,
        "Net Interest Income": 1053000.0,
        "Interest Expense": 1502000.0,
        "Interest Income": 2555000.0,
        "Normalized Income": -13902000.0,
        "Net Income From Continuing And Discontinued Operation": -13902000.0,
        "Total Expenses": 157080000.0,
        "Total Operating Income As Reported": -13277000.0,
        "Diluted Average Shares": 53279147.0,
        "Basic Average Shares": 53279147.0,
        "Diluted EPS": -0.26,
        "Basic EPS": -0.26,
        "Diluted NI Availto Com Stockholders": -13902000.0,
        "Net Income Common Stockholders": -13902000.0,
        "Net Income": -13902000.0,
        "Net Income Including Noncontrolling Interests": -13902000.0,
        "Net Income Continuous Operations": -13902000.0,
        "Tax Provision": 1137000.0,
        "Pretax Income": -12765000.0,
        "Other Income Expense": -541000.0,
        "Other Non Operating Income Expenses": -541000.0,
        "Net Non Operating Interest Income Expense": 1053000.0,
        "Interest Expense Non Operating": 1502000.0,
        "Interest Income Non Operating": 2555000.0,
        "Operating Income": -13277000.0,
        "Operating Expense": 122724000.0,
        "Research And Development": 38072000.0,
        "Selling General And Administration": 84652000.0,
        "Selling And Marketing Expense": 60381000.0,
        "General And Administrative Expense": 24271000.0,
        "Other Gand A": 24271000.0,
        "Gross Profit": 109447000.0,
        "Cost Of Revenue": 34356000.0,
        "Total Revenue": 143803000.0,
        "Operating Revenue": 143803000.0
    },
    "2022-09-30": {
        "Tax Effect Of Unusual Items": 0.0,
        "Tax Rate For Calcs": 0.4,
        "Normalized EBITDA": -25033000.0,
        "Net Income From Continuing Operation Net Minority Interest": -29691000.0,
        "Reconciled Depreciation": 2681000.0,
        "Reconciled Cost Of Revenue": 32419000.0,
        "EBITDA": -25033000.0,
        "EBIT": -27714000.0,
        "Net Interest Income": -70000.0,
        "Interest Expense": 1510000.0,
        "Interest Income": 1440000.0,
        "Normalized Income": -29691000.0,
        "Net Income From Continuing And Discontinued Operation": -29691000.0,
        "Total Expenses": 162967000.0,
        "Total Operating Income As Reported": -30118000.0,
        "Diluted Average Shares": 53081564.0,
        "Basic Average Shares": 53081564.0,
        "Diluted EPS": -0.56,
        "Basic EPS": -0.56,
        "Diluted NI Availto Com Stockholders": -29691000.0,
        "Net Income Common Stockholders": -29691000.0,
        "Net Income": -29691000.0,
        "Net Income Including Noncontrolling Interests": -29691000.0,
        "Net Income Continuous Operations": -29691000.0,
        "Tax Provision": 467000.0,
        "Pretax Income": -29224000.0,
        "Other Income Expense": 964000.0,
        "Other Non Operating Income Expenses": 964000.0,
        "Net Non Operating Interest Income Expense": -70000.0,
        "Interest Expense Non Operating": 1510000.0,
        "Interest Income Non Operating": 1440000.0,
        "Operating Income": -30118000.0,
        "Operating Expense": 130548000.0,
        "Research And Development": 38583000.0,
        "Selling General And Administration": 91965000.0,
        "Selling And Marketing Expense": 64560000.0,
        "General And Administrative Expense": 27405000.0,
        "Other Gand A": 27405000.0,
        "Gross Profit": 100430000.0,
        "Cost Of Revenue": 32419000.0,
        "Total Revenue": 132849000.0,
        "Operating Revenue": 132849000.0
    },
    "2022-06-30": {
        "Tax Effect Of Unusual Items": 0.0,
        "Tax Rate For Calcs": 0.4,
        "Normalized EBITDA": -24194000.0,
        "Net Income From Continuing Operation Net Minority Interest": -28861000.0,
        "Reconciled Depreciation": 2725000.0,
        "Reconciled Cost Of Revenue": 32237000.0,
        "EBITDA": -24194000.0,
        "EBIT": -26919000.0,
        "Net Interest Income": -907000.0,
        "Interest Expense": 1512000.0,
        "Interest Income": 605000.0,
        "Normalized Income": -28861000.0,
        "Net Income From Continuing And Discontinued Operation": -28861000.0,
        "Total Expenses": 159741000.0,
        "Total Operating Income As Reported": -28192000.0,
        "Diluted Average Shares": 52850470.0,
        "Basic Average Shares": 52850470.0,
        "Diluted EPS": -0.55,
        "Basic EPS": -0.55,
        "Diluted NI Availto Com Stockholders": -28861000.0,
        "Net Income Common Stockholders": -28861000.0,
        "Net Income": -28861000.0,
        "Net Income Including Noncontrolling Interests": -28861000.0,
        "Net Income Continuous Operations": -28861000.0,
        "Tax Provision": 430000.0,
        "Pretax Income": -28431000.0,
        "Other Income Expense": 668000.0,
        "Other Non Operating Income Expenses": 668000.0,
        "Net Non Operating Interest Income Expense": -907000.0,
        "Interest Expense Non Operating": 1512000.0,
        "Interest Income Non Operating": 605000.0,
        "Operating Income": -28192000.0,
        "Operating Expense": 127504000.0,
        "Research And Development": 39177000.0,
        "Selling General And Administration": 88327000.0,
        "Selling And Marketing Expense": 64219000.0,
        "General And Administrative Expense": 24108000.0,
        "Other Gand A": 24108000.0,
        "Gross Profit": 99312000.0,
        "Cost Of Revenue": 32237000.0,
        "Total Revenue": 131549000.0,
        "Operating Revenue": 131549000.0
    },
    "2023-06-30": {
        "Tax Effect Of Unusual Items": 0.0,
        "Tax Rate For Calcs": 0.21,
        "Normalized EBITDA": -15725000.0,
        "Net Income From Continuing Operation Net Minority Interest": -20910000.0,
        "Reconciled Depreciation": 2867000.0,
        "Reconciled Cost Of Revenue": 39504000.0,
        "EBITDA": -15725000.0,
        "EBIT": -18592000.0,
        "Net Interest Income": 3036000.0,
        "Interest Expense": 1499000.0,
        "Interest Income": 4535000.0,
        "Normalized Income": -20910000.0,
        "Net Income From Continuing And Discontinued Operation": -20910000.0,
        "Total Expenses": 177710000.0,
        "Total Operating Income As Reported": -22688000.0,
        "Diluted Average Shares": 54009963.0,
        "Basic Average Shares": 54009963.0,
        "Diluted EPS": -0.39,
        "Basic EPS": -0.39,
        "Diluted NI Availto Com Stockholders": -20910000.0,
        "Net Income Common Stockholders": -20910000.0,
        "Net Income": -20910000.0,
        "Net Income Including Noncontrolling Interests": -20910000.0,
        "Net Income Continuous Operations": -20910000.0,
        "Tax Provision": 819000.0,
        "Pretax Income": -20091000.0,
        "Other Income Expense": -439000.0,
        "Other Non Operating Income Expenses": -439000.0,
        "Net Non Operating Interest Income Expense": 3036000.0,
        "Interest Expense Non Operating": 1499000.0,
        "Interest Income Non Operating": 4535000.0,
        "Operating Income": -22688000.0,
        "Operating Expense": 138206000.0,
        "Research And Development": 42697000.0,
        "Selling General And Administration": 95509000.0,
        "Selling And Marketing Expense": 71882000.0,
        "General And Administrative Expense": 23627000.0,
        "Other Gand A": 23627000.0,
        "Gross Profit": 115518000.0,
        "Cost Of Revenue": 39504000.0,
        "Total Revenue": 155022000.0,
        "Operating Revenue": 155022000.0
    },
    "2023-09-30": {
        "Tax Effect Of Unusual Items": 0.0,
        "Tax Rate For Calcs": 0.21,
        "Normalized EBITDA": -5616000.0,
        "Net Income From Continuing Operation Net Minority Interest": -56269000.0,
        "Reconciled Depreciation": 2686000.0,
        "Reconciled Cost Of Revenue": 38355000.0,
        "EBITDA": -5616000.0,
        "EBIT": -8302000.0,
        "Net Interest Income": -40143000.0,
        "Interest Expense": 47437000.0,
        "Interest Income": 7294000.0,
        "Normalized Income": -56269000.0,
        "Net Income From Continuing And Discontinued Operation": -56269000.0,
        "Total Expenses": 173700000.0,
        "Total Operating Income As Reported": -15525000.0,
        "Diluted Average Shares": NaN,
        "Basic Average Shares": NaN,
        "Diluted EPS": NaN,
        "Basic EPS": NaN,
        "Diluted NI Availto Com Stockholders": -56269000.0,
        "Net Income Common Stockholders": -56269000.0,
        "Net Income": -56269000.0,
        "Net Income Including Noncontrolling Interests": -56269000.0,
        "Net Income Continuous Operations": -56269000.0,
        "Tax Provision": 530000.0,
        "Pretax Income": -55739000.0,
        "Other Income Expense": -71000.0,
        "Other Non Operating Income Expenses": -71000.0,
        "Net Non Operating Interest Income Expense": -40143000.0,
        "Interest Expense Non Operating": 47437000.0,
        "Interest Income Non Operating": 7294000.0,
        "Operating Income": -15525000.0,
        "Operating Expense": 135345000.0,
        "Research And Development": 41747000.0,
        "Selling General And Administration": 93598000.0,
        "Selling And Marketing Expense": 72576000.0,
        "General And Administrative Expense": 21022000.0,
        "Other Gand A": 21022000.0,
        "Gross Profit": 119820000.0,
        "Cost Of Revenue": 38355000.0,
        "Total Revenue": 158175000.0,
        "Operating Revenue": 158175000.0
    },
    "2023-12-31": {
        "Tax Effect Of Unusual Items": 0.0,
        "Tax Rate For Calcs": 0.21,
        "Normalized EBITDA": 3286000.0,
        "Net Income From Continuing Operation Net Minority Interest": -4196000.0,
        "Reconciled Depreciation": 2787000.0,
        "Reconciled Cost Of Revenue": 37845000.0,
        "EBITDA": 3286000.0,
        "EBIT": 499000.0,
        "Net Interest Income": 7134000.0,
        "Interest Expense": 3202000.0,
        "Interest Income": 10336000.0,
        "Normalized Income": -4196000.0,
        "Net Income From Continuing And Discontinued Operation": -4196000.0,
        "Total Expenses": 176126000.0,
        "Total Operating Income As Reported": -9473000.0,
        "Diluted Average Shares": 54432003.0,
        "Basic Average Shares": 54432003.0,
        "Diluted EPS": -0.08,
        "Basic EPS": -0.08,
        "Diluted NI Availto Com Stockholders": -4196000.0,
        "Net Income Common Stockholders": -4196000.0,
        "Net Income": -4196000.0,
        "Net Income Including Noncontrolling Interests": -4196000.0,
        "Net Income Continuous Operations": -4196000.0,
        "Tax Provision": 1493000.0,
        "Pretax Income": -2703000.0,
        "Other Income Expense": -364000.0,
        "Other Non Operating Income Expenses": -364000.0,
        "Net Non Operating Interest Income Expense": 7134000.0,
        "Interest Expense Non Operating": 3202000.0,
        "Interest Income Non Operating": 10336000.0,
        "Operating Income": -9473000.0,
        "Operating Expense": 138281000.0,
        "Research And Development": 42555000.0,
        "Selling General And Administration": 95726000.0,
        "Selling And Marketing Expense": 71867000.0,
        "General And Administrative Expense": 23859000.0,
        "Other Gand A": 23859000.0,
        "Gross Profit": 128808000.0,
        "Cost Of Revenue": 37845000.0,
        "Total Revenue": 166653000.0,
        "Operating Revenue": 166653000.0
    },
    "2024-03-31": {
        "Tax Effect Of Unusual Items": NaN,
        "Tax Rate For Calcs": NaN,
        "Normalized EBITDA": NaN,
        "Net Income From Continuing Operation Net Minority Interest": NaN,
        "Reconciled Depreciation": NaN,
        "Reconciled Cost Of Revenue": NaN,
        "EBITDA": NaN,
        "EBIT": NaN,
        "Net Interest Income": NaN,
        "Interest Expense": NaN,
        "Interest Income": NaN,
        "Normalized Income": NaN,
        "Net Income From Continuing And Discontinued Operation": NaN,
        "Total Expenses": NaN,
        "Total Operating Income As Reported": NaN,
        "Diluted Average Shares": 54915852.0,
        "Basic Average Shares": 54915852.0,
        "Diluted EPS": -0.21,
        "Basic EPS": -0.21,
        "Diluted NI Availto Com Stockholders": NaN,
        "Net Income Common Stockholders": NaN,
        "Net Income": NaN,
        "Net Income Including Noncontrolling Interests": NaN,
        "Net Income Continuous Operations": NaN,
        "Tax Provision": NaN,
        "Pretax Income": NaN,
        "Other Income Expense": NaN,
        "Other Non Operating Income Expenses": NaN,
        "Net Non Operating Interest Income Expense": NaN,
        "Interest Expense Non Operating": NaN,
        "Interest Income Non Operating": NaN,
        "Operating Income": NaN,
        "Operating Expense": NaN,
        "Research And Development": NaN,
        "Selling General And Administration": NaN,
        "Selling And Marketing Expense": NaN,
        "General And Administrative Expense": NaN,
        "Other Gand A": NaN,
        "Gross Profit": NaN,
        "Cost Of Revenue": NaN,
        "Total Revenue": NaN,
        "Operating Revenue": NaN
    },
    "2024-06-30": {
        "Tax Effect Of Unusual Items": 0.0,
        "Tax Rate For Calcs": 0.21,
        "Normalized EBITDA": -10294000.0,
        "Net Income From Continuing Operation Net Minority Interest": -17548000.0,
        "Reconciled Depreciation": 2564000.0,
        "Reconciled Cost Of Revenue": 41172000.0,
        "EBITDA": -10294000.0,
        "EBIT": -12858000.0,
        "Net Interest Income": 7099000.0,
        "Interest Expense": 3237000.0,
        "Interest Income": 10336000.0,
        "Normalized Income": -17548000.0,
        "Net Income From Continuing And Discontinued Operation": -17548000.0,
        "Total Expenses": 200652000.0,
        "Total Operating Income As Reported": -23149000.0,
        "Diluted Average Shares": 55177162.0,
        "Basic Average Shares": 55177162.0,
        "Diluted EPS": -0.32,
        "Basic EPS": -0.32,
        "Diluted NI Availto Com Stockholders": -17548000.0,
        "Net Income Common Stockholders": -17548000.0,
        "Net Income": -17548000.0,
        "Net Income Including Noncontrolling Interests": -17548000.0,
        "Net Income Continuous Operations": -17548000.0,
        "Tax Provision": 1453000.0,
        "Pretax Income": -16095000.0,
        "Other Income Expense": -45000.0,
        "Other Non Operating Income Expenses": -45000.0,
        "Net Non Operating Interest Income Expense": 7099000.0,
        "Interest Expense Non Operating": 3237000.0,
        "Interest Income Non Operating": 10336000.0,
        "Operating Income": -23149000.0,
        "Operating Expense": 159480000.0,
        "Research And Development": 48408000.0,
        "Selling General And Administration": 111072000.0,
        "Selling And Marketing Expense": 84697000.0,
        "General And Administrative Expense": 26375000.0,
        "Other Gand A": 26375000.0,
        "Gross Profit": 136331000.0,
        "Cost Of Revenue": 41172000.0,
        "Total Revenue": 177503000.0,
        "Operating Revenue": 177503000.0
    },
    "2024-09-30": {
        "Tax Effect Of Unusual Items": 0.0,
        "Tax Rate For Calcs": 0.21,
        "Normalized EBITDA": -9828000.0,
        "Net Income From Continuing Operation Net Minority Interest": -16992000.0,
        "Reconciled Depreciation": 3006000.0,
        "Reconciled Cost Of Revenue": 43671000.0,
        "EBITDA": -9828000.0,
        "EBIT": -12834000.0,
        "Net Interest Income": 6099000.0,
        "Interest Expense": 3199000.0,
        "Interest Income": 9298000.0,
        "Normalized Income": -16992000.0,
        "Net Income From Continuing And Discontinued Operation": -16992000.0,
        "Total Expenses": 207403000.0,
        "Total Operating Income As Reported": -21782000.0,
        "Diluted Average Shares": 55581841.0,
        "Basic Average Shares": 55581841.0,
        "Diluted EPS": -0.31,
        "Basic EPS": -0.31,
        "Diluted NI Availto Com Stockholders": -16992000.0,
        "Net Income Common Stockholders": -16992000.0,
        "Net Income": -16992000.0,
        "Net Income Including Noncontrolling Interests": -16992000.0,
        "Net Income Continuous Operations": -16992000.0,
        "Tax Provision": 959000.0,
        "Pretax Income": -16033000.0,
        "Other Income Expense": -350000.0,
        "Other Non Operating Income Expenses": -350000.0,
        "Net Non Operating Interest Income Expense": 6099000.0,
        "Interest Expense Non Operating": 3199000.0,
        "Interest Income Non Operating": 9298000.0,
        "Operating Income": -21782000.0,
        "Operating Expense": 163732000.0,
        "Research And Development": 48425000.0,
        "Selling General And Administration": 115307000.0,
        "Selling And Marketing Expense": 89756000.0,
        "General And Administrative Expense": 25551000.0,
        "Other Gand A": 25551000.0,
        "Gross Profit": 141950000.0,
        "Cost Of Revenue": 43671000.0,
        "Total Revenue": 185621000.0,
        "Operating Revenue": 185621000.0
    },
    "2024-12-31": {
        "Tax Effect Of Unusual Items": 0.0,
        "Tax Rate For Calcs": 0.21,
        "Normalized EBITDA": -231000.0,
        "Net Income From Continuing Operation Net Minority Interest": -8815000.0,
        "Reconciled Depreciation": 2911000.0,
        "Reconciled Cost Of Revenue": 45689000.0,
        "EBITDA": -231000.0,
        "EBIT": -3142000.0,
        "Net Interest Income": 6109000.0,
        "Interest Expense": 3197000.0,
        "Interest Income": 9306000.0,
        "Normalized Income": -8815000.0,
        "Net Income From Continuing And Discontinued Operation": -8815000.0,
        "Total Expenses": 213209000.0,
        "Total Operating Income As Reported": -13320000.0,
        "Diluted Average Shares": 55739950.0,
        "Basic Average Shares": 55739950.0,
        "Diluted EPS": -0.16,
        "Basic EPS": -0.16,
        "Diluted NI Availto Com Stockholders": -8815000.0,
        "Net Income Common Stockholders": -8815000.0,
        "Net Income": -8815000.0,
        "Net Income Including Noncontrolling Interests": -8815000.0,
        "Net Income Continuous Operations": -8815000.0,
        "Tax Provision": 2476000.0,
        "Pretax Income": -6339000.0,
        "Other Income Expense": 872000.0,
        "Other Non Operating Income Expenses": 872000.0,
        "Net Non Operating Interest Income Expense": 6109000.0,
        "Interest Expense Non Operating": 3197000.0,
        "Interest Income Non Operating": 9306000.0,
        "Operating Income": -13320000.0,
        "Operating Expense": 167520000.0,
        "Research And Development": 50607000.0,
        "Selling General And Administration": 116913000.0,
        "Selling And Marketing Expense": 90157000.0,
        "General And Administrative Expense": 26756000.0,
        "Other Gand A": 26756000.0,
        "Gross Profit": 154200000.0,
        "Cost Of Revenue": 45689000.0,
        "Total Revenue": 199889000.0,
        "Operating Revenue": 199889000.0
    },
    "2025-03-31": {
        "Tax Effect Of Unusual Items": 0.0,
        "Tax Rate For Calcs": 0.21,
        "Normalized EBITDA": -13343000.0,
        "Net Income From Continuing Operation Net Minority Interest": -21371000.0,
        "Reconciled Depreciation": 2893000.0,
        "Reconciled Cost Of Revenue": 48342000.0,
        "EBITDA": -13343000.0,
        "EBIT": -16236000.0,
        "Net Interest Income": 5552000.0,
        "Interest Expense": 3195000.0,
        "Interest Income": 8747000.0,
        "Normalized Income": -21371000.0,
        "Net Income From Continuing And Discontinued Operation": -21371000.0,
        "Total Expenses": 231030000.0,
        "Total Operating Income As Reported": -24750000.0,
        "Diluted Average Shares": 56157533.0,
        "Basic Average Shares": 56157533.0,
        "Diluted EPS": -0.38,
        "Basic EPS": -0.38,
        "Diluted NI Availto Com Stockholders": -21371000.0,
        "Net Income Common Stockholders": -21371000.0,
        "Net Income": -21371000.0,
        "Net Income Including Noncontrolling Interests": -21371000.0,
        "Net Income Continuous Operations": -21371000.0,
        "Tax Provision": 1940000.0,
        "Pretax Income": -19431000.0,
        "Other Income Expense": -233000.0,
        "Other Non Operating Income Expenses": -233000.0,
        "Net Non Operating Interest Income Expense": 5552000.0,
        "Interest Expense Non Operating": 3195000.0,
        "Interest Income Non Operating": 8747000.0,
        "Operating Income": -24750000.0,
        "Operating Expense": 182688000.0,
        "Research And Development": 53780000.0,
        "Selling General And Administration": 128908000.0,
        "Selling And Marketing Expense": 101671000.0,
        "General And Administrative Expense": 27237000.0,
        "Other Gand A": 27237000.0,
        "Gross Profit": 157938000.0,
        "Cost Of Revenue": 48342000.0,
        "Total Revenue": 206280000.0,
        "Operating Revenue": 206280000.0
    },
    "2025-06-30": {
        "Tax Effect Of Unusual Items": 0.0,
        "Tax Rate For Calcs": 0.21,
        "Normalized EBITDA": -11589000.0,
        "Net Income From Continuing Operation Net Minority Interest": -19400000.0,
        "Reconciled Depreciation": 2949000.0,
        "Reconciled Cost Of Revenue": 49543000.0,
        "EBITDA": -11589000.0,
        "EBIT": -14538000.0,
        "Net Interest Income": 5150000.0,
        "Interest Expense": 3194000.0,
        "Interest Income": 8344000.0,
        "Normalized Income": -19400000.0,
        "Net Income From Continuing And Discontinued Operation": -19400000.0,
        "Total Expenses": 237333000.0,
        "Total Operating Income As Reported": -22146000.0,
        "Diluted Average Shares": 56076723.0,
        "Basic Average Shares": 56076723.0,
        "Diluted EPS": -0.35,
        "Basic EPS": -0.35,
        "Diluted NI Availto Com Stockholders": -19400000.0,
        "Net Income Common Stockholders": -19400000.0,
        "Net Income": -19400000.0,
        "Net Income Including Noncontrolling Interests": -19400000.0,
        "Net Income Continuous Operations": -19400000.0,
        "Tax Provision": 1668000.0,
        "Pretax Income": -17732000.0,
        "Other Income Expense": -736000.0,
        "Other Non Operating Income Expenses": -736000.0,
        "Net Non Operating Interest Income Expense": 5150000.0,
        "Interest Expense Non Operating": 3194000.0,
        "Interest Income Non Operating": 8344000.0,
        "Operating Income": -22146000.0,
        "Operating Expense": 187790000.0,
        "Research And Development": 54843000.0,
        "Selling General And Administration": 132947000.0,
        "Selling And Marketing Expense": 104025000.0,
        "General And Administrative Expense": 28922000.0,
        "Other Gand A": 28922000.0,
        "Gross Profit": 165644000.0,
        "Cost Of Revenue": 49543000.0,
        "Total Revenue": 215187000.0,
        "Operating Revenue": 215187000.0
    }
}