{
    "2023-06-30": {
        "Tax Effect Of Unusual Items": NaN,
        "Tax Rate For Calcs": NaN,
        "Normalized EBITDA": NaN,
        "Total Unusual Items": NaN,
        "Total Unusual Items Excluding Goodwill": NaN,
        "Net Income From Continuing Operation Net Minority Interest": NaN,
        "Reconciled Depreciation": NaN,
        "Reconciled Cost Of Revenue": NaN,
        "EBITDA": NaN,
        "EBIT": NaN,
        "Net Interest Income": NaN,
        "Interest Expense": NaN,
        "Interest Income": NaN,
        "Normalized Income": NaN,
        "Net Income From Continuing And Discontinued Operation": NaN,
        "Total Expenses": NaN,
        "Total Operating Income As Reported": NaN,
        "Diluted Average Shares": NaN,
        "Basic Average Shares": NaN,
        "Diluted EPS": NaN,
        "Basic EPS": NaN,
        "Diluted NI Availto Com Stockholders": NaN,
        "Net Income Common Stockholders": NaN,
        "Net Income": NaN,
        "Minority Interests": NaN,
        "Net Income Including Noncontrolling Interests": NaN,
        "Net Income Continuous Operations": NaN,
        "Tax Provision": NaN,
        "Pretax Income": NaN,
        "Other Income Expense": NaN,
        "Other Non Operating Income Expenses": NaN,
        "Special Income Charges": NaN,
        "Write Off": 300000.0,
        "Restructuring And Mergern Acquisition": NaN,
        "Net Non Operating Interest Income Expense": NaN,
        "Interest Expense Non Operating": NaN,
        "Interest Income Non Operating": NaN,
        "Operating Income": NaN,
        "Operating Expense": NaN,
        "Selling General And Administration": NaN,
        "General And Administrative Expense": NaN,
        "Other Gand A": NaN,
        "Salaries And Wages": NaN,
        "Gross Profit": NaN,
        "Cost Of Revenue": NaN,
        "Total Revenue": NaN,
        "Operating Revenue": NaN
    },
    "2023-03-31": {
        "Tax Effect Of Unusual Items": 0.0,
        "Tax Rate For Calcs": 0.156,
        "Normalized EBITDA": 88400000.0,
        "Total Unusual Items": 0.0,
        "Total Unusual Items Excluding Goodwill": 0.0,
        "Net Income From Continuing Operation Net Minority Interest": 22800000.0,
        "Reconciled Depreciation": 25800000.0,
        "Reconciled Cost Of Revenue": 12218900000.0,
        "EBITDA": 88400000.0,
        "EBIT": 62600000.0,
        "Net Interest Income": -34300000.0,
        "Interest Expense": 35900000.0,
        "Interest Income": 1600000.0,
        "Normalized Income": 22800000.0,
        "Net Income From Continuing And Discontinued Operation": 22800000.0,
        "Total Expenses": 12417100000.0,
        "Total Operating Income As Reported": 64600000.0,
        "Diluted Average Shares": 62800000.0,
        "Basic Average Shares": 62200000.0,
        "Diluted EPS": 0.36,
        "Basic EPS": 0.37,
        "Diluted NI Availto Com Stockholders": 22800000.0,
        "Net Income Common Stockholders": 22800000.0,
        "Net Income": 22800000.0,
        "Minority Interests": 200000.0,
        "Net Income Including Noncontrolling Interests": 22600000.0,
        "Net Income Continuous Operations": 22500000.0,
        "Tax Provision": 4200000.0,
        "Pretax Income": 26700000.0,
        "Other Income Expense": -3500000.0,
        "Other Non Operating Income Expenses": -3500000.0,
        "Special Income Charges": 0.0,
        "Write Off": NaN,
        "Restructuring And Mergern Acquisition": 0.0,
        "Net Non Operating Interest Income Expense": -34300000.0,
        "Interest Expense Non Operating": 35900000.0,
        "Interest Income Non Operating": 1600000.0,
        "Operating Income": 64500000.0,
        "Operating Expense": 198200000.0,
        "Selling General And Administration": 198200000.0,
        "General And Administrative Expense": 198200000.0,
        "Other Gand A": 79000000.0,
        "Salaries And Wages": 119200000.0,
        "Gross Profit": 262700000.0,
        "Cost Of Revenue": 12218900000.0,
        "Total Revenue": 12481600000.0,
        "Operating Revenue": 12481600000.0
    },
    "2022-12-31": {
        "Tax Effect Of Unusual Items": NaN,
        "Tax Rate For Calcs": NaN,
        "Normalized EBITDA": NaN,
        "Total Unusual Items": NaN,
        "Total Unusual Items Excluding Goodwill": NaN,
        "Net Income From Continuing Operation Net Minority Interest": NaN,
        "Reconciled Depreciation": NaN,
        "Reconciled Cost Of Revenue": NaN,
        "EBITDA": NaN,
        "EBIT": NaN,
        "Net Interest Income": NaN,
        "Interest Expense": NaN,
        "Interest Income": NaN,
        "Normalized Income": NaN,
        "Net Income From Continuing And Discontinued Operation": NaN,
        "Total Expenses": NaN,
        "Total Operating Income As Reported": NaN,
        "Diluted Average Shares": NaN,
        "Basic Average Shares": NaN,
        "Diluted EPS": NaN,
        "Basic EPS": NaN,
        "Diluted NI Availto Com Stockholders": NaN,
        "Net Income Common Stockholders": NaN,
        "Net Income": NaN,
        "Minority Interests": NaN,
        "Net Income Including Noncontrolling Interests": NaN,
        "Net Income Continuous Operations": NaN,
        "Tax Provision": NaN,
        "Pretax Income": NaN,
        "Other Income Expense": NaN,
        "Other Non Operating Income Expenses": NaN,
        "Special Income Charges": NaN,
        "Write Off": 600000.0,
        "Restructuring And Mergern Acquisition": NaN,
        "Net Non Operating Interest Income Expense": NaN,
        "Interest Expense Non Operating": NaN,
        "Interest Income Non Operating": NaN,
        "Operating Income": NaN,
        "Operating Expense": NaN,
        "Selling General And Administration": NaN,
        "General And Administrative Expense": NaN,
        "Other Gand A": NaN,
        "Salaries And Wages": NaN,
        "Gross Profit": NaN,
        "Cost Of Revenue": NaN,
        "Total Revenue": NaN,
        "Operating Revenue": NaN
    },
    "2022-09-30": {
        "Tax Effect Of Unusual Items": NaN,
        "Tax Rate For Calcs": NaN,
        "Normalized EBITDA": NaN,
        "Total Unusual Items": NaN,
        "Total Unusual Items Excluding Goodwill": NaN,
        "Net Income From Continuing Operation Net Minority Interest": NaN,
        "Reconciled Depreciation": NaN,
        "Reconciled Cost Of Revenue": NaN,
        "EBITDA": NaN,
        "EBIT": NaN,
        "Net Interest Income": NaN,
        "Interest Expense": NaN,
        "Interest Income": NaN,
        "Normalized Income": NaN,
        "Net Income From Continuing And Discontinued Operation": NaN,
        "Total Expenses": NaN,
        "Total Operating Income As Reported": NaN,
        "Diluted Average Shares": NaN,
        "Basic Average Shares": NaN,
        "Diluted EPS": NaN,
        "Basic EPS": NaN,
        "Diluted NI Availto Com Stockholders": NaN,
        "Net Income Common Stockholders": NaN,
        "Net Income": NaN,
        "Minority Interests": NaN,
        "Net Income Including Noncontrolling Interests": NaN,
        "Net Income Continuous Operations": NaN,
        "Tax Provision": NaN,
        "Pretax Income": NaN,
        "Other Income Expense": NaN,
        "Other Non Operating Income Expenses": NaN,
        "Special Income Charges": NaN,
        "Write Off": 0.0,
        "Restructuring And Mergern Acquisition": NaN,
        "Net Non Operating Interest Income Expense": NaN,
        "Interest Expense Non Operating": NaN,
        "Interest Income Non Operating": NaN,
        "Operating Income": NaN,
        "Operating Expense": NaN,
        "Selling General And Administration": NaN,
        "General And Administrative Expense": NaN,
        "Other Gand A": NaN,
        "Salaries And Wages": NaN,
        "Gross Profit": NaN,
        "Cost Of Revenue": NaN,
        "Total Revenue": NaN,
        "Operating Revenue": NaN
    },
    "2022-06-30": {
        "Tax Effect Of Unusual Items": 0.0,
        "Tax Rate For Calcs": 0.4,
        "Normalized EBITDA": 75100000.0,
        "Total Unusual Items": 0.0,
        "Total Unusual Items Excluding Goodwill": 0.0,
        "Net Income From Continuing Operation Net Minority Interest": 24400000.0,
        "Reconciled Depreciation": 26300000.0,
        "Reconciled Cost Of Revenue": 16868700000.0,
        "EBITDA": 75100000.0,
        "EBIT": 48800000.0,
        "Net Interest Income": -26500000.0,
        "Interest Expense": 26500000.0,
        "Interest Income": 1300000.0,
        "Normalized Income": 24400000.0,
        "Net Income From Continuing And Discontinued Operation": 24400000.0,
        "Total Expenses": 17069300000.0,
        "Total Operating Income As Reported": 52800000.0,
        "Diluted Average Shares": 62400000.0,
        "Basic Average Shares": 62200000.0,
        "Diluted EPS": 0.39,
        "Basic EPS": 0.39,
        "Diluted NI Availto Com Stockholders": 24400000.0,
        "Net Income Common Stockholders": 24400000.0,
        "Net Income": 24400000.0,
        "Minority Interests": -400000.0,
        "Net Income Including Noncontrolling Interests": 24800000.0,
        "Net Income Continuous Operations": 24800000.0,
        "Tax Provision": -2500000.0,
        "Pretax Income": 22300000.0,
        "Other Income Expense": -4000000.0,
        "Other Non Operating Income Expenses": -4000000.0,
        "Special Income Charges": 0.0,
        "Write Off": 0.0,
        "Restructuring And Mergern Acquisition": 0.0,
        "Net Non Operating Interest Income Expense": -26500000.0,
        "Interest Expense Non Operating": 26500000.0,
        "Interest Income Non Operating": 1300000.0,
        "Operating Income": 52800000.0,
        "Operating Expense": 200600000.0,
        "Selling General And Administration": 200600000.0,
        "General And Administrative Expense": 200600000.0,
        "Other Gand A": 82300000.0,
        "Salaries And Wages": 118300000.0,
        "Gross Profit": 253400000.0,
        "Cost Of Revenue": 16868700000.0,
        "Total Revenue": 17122100000.0,
        "Operating Revenue": 17122100000.0
    },
    "2022-03-31": {
        "Diluted EPS": 0.41,
        "Total Revenue": NaN,
        "Gross Profit": 231,
        "Operating Income": 41,
        "EBIT": 69,
        "Net Income": 26
    },
    "2021-12-31": {
        "Diluted EPS": 0.24,
        "Total Revenue": NaN,
        "Gross Profit": 215,
        "Operating Income": 32,
        "EBIT": 53,
        "Net Income": 16
    },
    "2021-09-30": {
        "Diluted EPS": 0.34,
        "Total Revenue": NaN,
        "Gross Profit": 198,
        "Operating Income": 42,
        "EBIT": 61,
        "Net Income": 22
    },
    "2021-06-30": {
        "Diluted EPS": 0.28,
        "Total Revenue": NaN,
        "Gross Profit": 184,
        "Operating Income": 31,
        "EBIT": 52,
        "Net Income": 18
    },
    "2021-03-31": {
        "Diluted EPS": 0.3,
        "Total Revenue": NaN,
        "Gross Profit": 192,
        "Operating Income": 38,
        "EBIT": 57,
        "Net Income": 19
    },
    "2020-12-31": {
        "Diluted EPS": -0.05,
        "Total Revenue": NaN,
        "Gross Profit": 165,
        "Operating Income": 16,
        "EBIT": 36,
        "Net Income": -4
    },
    "2020-09-30": {
        "Diluted EPS": 1.29,
        "Total Revenue": NaN,
        "Gross Profit": 214,
        "Operating Income": 39,
        "EBIT": 61,
        "Net Income": 82
    },
    "2020-06-30": {
        "Diluted EPS": -0.16,
        "Total Revenue": NaN,
        "Gross Profit": 214,
        "Operating Income": 12,
        "EBIT": 34,
        "Net Income": -10
    },
    "2020-03-31": {
        "Diluted EPS": 0.63,
        "Total Revenue": NaN,
        "Gross Profit": 259,
        "Operating Income": 71,
        "EBIT": 93,
        "Net Income": 41
    },
    "2019-12-31": {
        "Diluted EPS": 0.86,
        "Total Revenue": NaN,
        "Gross Profit": 287,
        "Operating Income": 61,
        "EBIT": 84,
        "Net Income": 57
    },
    "2019-09-30": {
        "Diluted EPS": 0.73,
        "Total Revenue": NaN,
        "Gross Profit": 306,
        "Operating Income": 94,
        "EBIT": 115,
        "Net Income": 48
    },
    "2019-06-30": {
        "Diluted EPS": 0.55,
        "Total Revenue": NaN,
        "Gross Profit": 269,
        "Operating Income": 75,
        "EBIT": 96,
        "Net Income": 37
    },
    "2019-03-31": {
        "Diluted EPS": 0.55,
        "Total Revenue": NaN,
        "Gross Profit": 251,
        "Operating Income": 70,
        "EBIT": 93,
        "Net Income": 37
    },
    "2018-12-31": {
        "Diluted EPS": 0.45,
        "Total Revenue": NaN,
        "Gross Profit": 262,
        "Operating Income": 63,
        "EBIT": 86,
        "Net Income": 30
    },
    "2018-09-30": {
        "Diluted EPS": 0.56,
        "Total Revenue": NaN,
        "Gross Profit": 267,
        "Operating Income": 78,
        "EBIT": 99,
        "Net Income": 38
    },
    "2018-06-30": {
        "Diluted EPS": 0.42,
        "Total Revenue": NaN,
        "Gross Profit": 246,
        "Operating Income": 61,
        "EBIT": 81,
        "Net Income": 29
    },
    "2018-03-31": {
        "Diluted EPS": 0.46,
        "Total Revenue": NaN,
        "Gross Profit": 243,
        "Operating Income": 57,
        "EBIT": 76,
        "Net Income": 31
    },
    "2017-12-31": {
        "Diluted EPS": -2.82,
        "Total Revenue": NaN,
        "Gross Profit": 230,
        "Operating Income": -117,
        "EBIT": -4,
        "Net Income": -193
    },
    "2017-09-30": {
        "Diluted EPS": -0.57,
        "Total Revenue": NaN,
        "Gross Profit": 240,
        "Operating Income": 61,
        "EBIT": 82,
        "Net Income": -39
    },
    "2017-06-30": {
        "Diluted EPS": 0.44,
        "Total Revenue": NaN,
        "Gross Profit": 231,
        "Operating Income": 51,
        "EBIT": 72,
        "Net Income": 30
    },
    "2017-03-31": {
        "Diluted EPS": 0.45,
        "Total Revenue": NaN,
        "Gross Profit": 231,
        "Operating Income": 50,
        "EBIT": 73,
        "Net Income": 31
    },
    "2016-12-31": {
        "Diluted EPS": 0.03,
        "Total Revenue": NaN,
        "Gross Profit": 222,
        "Operating Income": 24,
        "EBIT": 48,
        "Net Income": 2
    },
    "2016-09-30": {
        "Diluted EPS": 0.61,
        "Total Revenue": NaN,
        "Gross Profit": 237,
        "Operating Income": 58,
        "EBIT": 80,
        "Net Income": 43
    },
    "2016-06-30": {
        "Diluted EPS": 0.43,
        "Total Revenue": NaN,
        "Gross Profit": 219,
        "Operating Income": 46,
        "EBIT": 64,
        "Net Income": 30
    },
    "2016-03-31": {
        "Diluted EPS": 0.74,
        "Total Revenue": NaN,
        "Gross Profit": 222,
        "Operating Income": 61,
        "EBIT": 79,
        "Net Income": 52
    },
    "2015-12-31": {
        "Diluted EPS": 0.64,
        "Total Revenue": NaN,
        "Gross Profit": 228,
        "Operating Income": 66,
        "EBIT": 85,
        "Net Income": 45
    },
    "2015-09-30": {
        "Diluted EPS": 0.62,
        "Total Revenue": NaN,
        "Gross Profit": 227,
        "Operating Income": 66,
        "EBIT": 83,
        "Net Income": 44
    },
    "2015-06-30": {
        "Diluted EPS": 0.43,
        "Total Revenue": NaN,
        "Gross Profit": 190,
        "Operating Income": 42,
        "EBIT": 59,
        "Net Income": 31
    },
    "2015-03-31": {
        "Diluted EPS": 0.78,
        "Total Revenue": NaN,
        "Gross Profit": 215,
        "Operating Income": 72,
        "EBIT": 85,
        "Net Income": 56
    },
    "2014-12-31": {
        "Diluted EPS": 0.98,
        "Total Revenue": NaN,
        "Gross Profit": 225,
        "Operating Income": 79,
        "EBIT": 94,
        "Net Income": 70
    },
    "2014-09-30": {
        "Diluted EPS": 0.78,
        "Total Revenue": NaN,
        "Gross Profit": 215,
        "Operating Income": 74,
        "EBIT": 89,
        "Net Income": 56
    },
    "2014-06-30": {
        "Diluted EPS": 0.68,
        "Total Revenue": NaN,
        "Gross Profit": 192,
        "Operating Income": 60,
        "EBIT": 75,
        "Net Income": 48
    },
    "2014-03-31": {
        "Diluted EPS": 0.71,
        "Total Revenue": NaN,
        "Gross Profit": 188,
        "Operating Income": 64,
        "EBIT": 77,
        "Net Income": 51
    },
    "2013-12-31": {
        "Diluted EPS": 0.72,
        "Total Revenue": NaN,
        "Gross Profit": 196,
        "Operating Income": 65,
        "EBIT": 77,
        "Net Income": 52
    },
    "2013-09-30": {
        "Diluted EPS": 0.72,
        "Total Revenue": NaN,
        "Gross Profit": 186,
        "Operating Income": 64,
        "EBIT": 75,
        "Net Income": 51
    },
    "2013-06-30": {
        "Diluted EPS": 0.71,
        "Total Revenue": NaN,
        "Gross Profit": 188,
        "Operating Income": 69,
        "EBIT": 80,
        "Net Income": 51
    },
    "2013-03-31": {
        "Diluted EPS": 0.68,
        "Total Revenue": NaN,
        "Gross Profit": 182,
        "Operating Income": 67,
        "EBIT": 78,
        "Net Income": 49
    },
    "2012-12-31": {
        "Diluted EPS": 0.59,
        "Total Revenue": NaN,
        "Gross Profit": 163,
        "Operating Income": 54,
        "EBIT": 64,
        "Net Income": 43
    },
    "2012-09-30": {
        "Diluted EPS": 0.72,
        "Total Revenue": NaN,
        "Gross Profit": 181,
        "Operating Income": 71,
        "EBIT": 80,
        "Net Income": 51
    },
    "2012-06-30": {
        "Diluted EPS": 0.68,
        "Total Revenue": NaN,
        "Gross Profit": 172,
        "Operating Income": 72,
        "EBIT": 80,
        "Net Income": 49
    },
    "2012-03-31": {
        "Diluted EPS": 0.65,
        "Total Revenue": NaN,
        "Gross Profit": 157,
        "Operating Income": 59,
        "EBIT": 69,
        "Net Income": 46
    },
    "2011-12-31": {
        "Diluted EPS": 0.69,
        "Total Revenue": NaN,
        "Gross Profit": 162,
        "Operating Income": 64,
        "EBIT": 76,
        "Net Income": 50
    },
    "2011-09-30": {
        "Diluted EPS": 0.74,
        "Total Revenue": NaN,
        "Gross Profit": 171,
        "Operating Income": 71,
        "EBIT": 81,
        "Net Income": 53
    },
    "2011-06-30": {
        "Diluted EPS": 0.7,
        "Total Revenue": NaN,
        "Gross Profit": 165,
        "Operating Income": 66,
        "EBIT": 77,
        "Net Income": 50
    },
    "2011-03-31": {
        "Diluted EPS": 0.58,
        "Total Revenue": NaN,
        "Gross Profit": 137,
        "Operating Income": 56,
        "EBIT": 64,
        "Net Income": 41
    },
    "2010-12-31": {
        "Diluted EPS": 0.54,
        "Total Revenue": NaN,
        "Gross Profit": 124,
        "Operating Income": 49,
        "EBIT": 55,
        "Net Income": 39
    },
    "2010-09-30": {
        "Diluted EPS": 0.6,
        "Total Revenue": NaN,
        "Gross Profit": 112,
        "Operating Income": 45,
        "EBIT": 50,
        "Net Income": 37
    },
    "2010-06-30": {
        "Diluted EPS": 0.61,
        "Total Revenue": NaN,
        "Gross Profit": 108,
        "Operating Income": 45,
        "EBIT": 49,
        "Net Income": 37
    },
    "2010-03-31": {
        "Diluted EPS": 0.56,
        "Total Revenue": NaN,
        "Gross Profit": 99,
        "Operating Income": 42,
        "EBIT": 47,
        "Net Income": 34
    },
    "2009-12-31": {
        "Diluted EPS": 0.58,
        "Total Revenue": NaN,
        "Gross Profit": 102,
        "Operating Income": 44,
        "EBIT": 48,
        "Net Income": 34
    },
    "2009-09-30": {
        "Diluted EPS": 0.48,
        "Total Revenue": NaN,
        "Gross Profit": 95,
        "Operating Income": 41,
        "EBIT": 46,
        "Net Income": 29
    },
    "2009-06-30": {
        "Diluted EPS": 0.46,
        "Total Revenue": NaN,
        "Gross Profit": 92,
        "Operating Income": 36,
        "EBIT": 40,
        "Net Income": 28
    },
    "2009-03-31": {
        "Diluted EPS": 0.44,
        "Total Revenue": NaN,
        "Gross Profit": 87,
        "Operating Income": 33,
        "EBIT": 37,
        "Net Income": 26
    },
    "2023-09-30": {
        "Tax Effect Of Unusual Items": NaN,
        "Tax Rate For Calcs": NaN,
        "Normalized EBITDA": NaN,
        "Total Unusual Items": NaN,
        "Total Unusual Items Excluding Goodwill": NaN,
        "Net Income From Continuing Operation Net Minority Interest": NaN,
        "Reconciled Depreciation": NaN,
        "Reconciled Cost Of Revenue": NaN,
        "EBITDA": NaN,
        "EBIT": NaN,
        "Net Interest Income": NaN,
        "Interest Expense": NaN,
        "Interest Income": NaN,
        "Normalized Income": NaN,
        "Net Income From Continuing And Discontinued Operation": NaN,
        "Total Expenses": NaN,
        "Total Operating Income As Reported": NaN,
        "Diluted Average Shares": 60400000.0,
        "Basic Average Shares": 60300000.0,
        "Diluted EPS": 0.58,
        "Basic EPS": 0.58,
        "Diluted NI Availto Com Stockholders": NaN,
        "Net Income Common Stockholders": NaN,
        "Net Income": NaN,
        "Minority Interests": NaN,
        "Net Income Including Noncontrolling Interests": NaN,
        "Net Income Continuous Operations": NaN,
        "Tax Provision": NaN,
        "Pretax Income": NaN,
        "Other Income Expense": NaN,
        "Other Non Operating Income Expenses": NaN,
        "Special Income Charges": NaN,
        "Write Off": 0.0,
        "Restructuring And Mergern Acquisition": NaN,
        "Net Non Operating Interest Income Expense": NaN,
        "Interest Expense Non Operating": NaN,
        "Interest Income Non Operating": NaN,
        "Operating Income": NaN,
        "Operating Expense": NaN,
        "Selling General And Administration": NaN,
        "General And Administrative Expense": NaN,
        "Other Gand A": NaN,
        "Salaries And Wages": NaN,
        "Gross Profit": NaN,
        "Cost Of Revenue": NaN,
        "Total Revenue": NaN,
        "Operating Revenue": NaN
    },
    "2023-12-31": {
        "Tax Effect Of Unusual Items": -10052789.699571,
        "Tax Rate For Calcs": 0.253219,
        "Normalized EBITDA": 53000000.0,
        "Total Unusual Items": -39700000.0,
        "Total Unusual Items Excluding Goodwill": -39700000.0,
        "Net Income From Continuing Operation Net Minority Interest": -34800000.0,
        "Reconciled Depreciation": 26700000.0,
        "Reconciled Cost Of Revenue": 11770600000.0,
        "EBITDA": 13300000.0,
        "EBIT": -13400000.0,
        "Net Interest Income": -32400000.0,
        "Interest Expense": 33200000.0,
        "Interest Income": 800000.0,
        "Normalized Income": -5152789.699571,
        "Net Income From Continuing And Discontinued Operation": -34800000.0,
        "Total Expenses": 11978700000.0,
        "Total Operating Income As Reported": -15300000.0,
        "Diluted Average Shares": 60100000.0,
        "Basic Average Shares": 60100000.0,
        "Diluted EPS": -0.58,
        "Basic EPS": -0.58,
        "Diluted NI Availto Com Stockholders": -34800000.0,
        "Net Income Common Stockholders": -34800000.0,
        "Net Income": -34800000.0,
        "Minority Interests": 100000.0,
        "Net Income Including Noncontrolling Interests": -34800000.0,
        "Net Income Continuous Operations": -34800000.0,
        "Tax Provision": -11800000.0,
        "Pretax Income": -46600000.0,
        "Other Income Expense": -38600000.0,
        "Other Non Operating Income Expenses": 1100000.0,
        "Special Income Charges": -39700000.0,
        "Write Off": 32500000.0,
        "Restructuring And Mergern Acquisition": 7200000.0,
        "Net Non Operating Interest Income Expense": -32400000.0,
        "Interest Expense Non Operating": 33200000.0,
        "Interest Income Non Operating": 800000.0,
        "Operating Income": 24300000.0,
        "Operating Expense": 208100000.0,
        "Selling General And Administration": 208100000.0,
        "General And Administrative Expense": 208100000.0,
        "Other Gand A": 72100000.0,
        "Salaries And Wages": 136000000.0,
        "Gross Profit": 232400000.0,
        "Cost Of Revenue": 11770600000.0,
        "Total Revenue": 12003000000.0,
        "Operating Revenue": 12003000000.0
    },
    "2024-03-31": {
        "Tax Effect Of Unusual Items": NaN,
        "Tax Rate For Calcs": NaN,
        "Normalized EBITDA": NaN,
        "Total Unusual Items": NaN,
        "Total Unusual Items Excluding Goodwill": NaN,
        "Net Income From Continuing Operation Net Minority Interest": NaN,
        "Reconciled Depreciation": NaN,
        "Reconciled Cost Of Revenue": NaN,
        "EBITDA": NaN,
        "EBIT": NaN,
        "Net Interest Income": NaN,
        "Interest Expense": NaN,
        "Interest Income": NaN,
        "Normalized Income": NaN,
        "Net Income From Continuing And Discontinued Operation": NaN,
        "Total Expenses": NaN,
        "Total Operating Income As Reported": NaN,
        "Diluted Average Shares": NaN,
        "Basic Average Shares": NaN,
        "Diluted EPS": NaN,
        "Basic EPS": NaN,
        "Diluted NI Availto Com Stockholders": NaN,
        "Net Income Common Stockholders": NaN,
        "Net Income": NaN,
        "Minority Interests": NaN,
        "Net Income Including Noncontrolling Interests": NaN,
        "Net Income Continuous Operations": NaN,
        "Tax Provision": NaN,
        "Pretax Income": NaN,
        "Other Income Expense": NaN,
        "Other Non Operating Income Expenses": NaN,
        "Special Income Charges": NaN,
        "Write Off": 0.0,
        "Impairment Of Capital Assets": NaN,
        "Restructuring And Mergern Acquisition": NaN,
        "Net Non Operating Interest Income Expense": NaN,
        "Interest Expense Non Operating": NaN,
        "Interest Income Non Operating": NaN,
        "Operating Income": NaN,
        "Operating Expense": NaN,
        "Selling General And Administration": NaN,
        "General And Administrative Expense": NaN,
        "Other Gand A": NaN,
        "Salaries And Wages": NaN,
        "Gross Profit": NaN,
        "Cost Of Revenue": NaN,
        "Total Revenue": NaN,
        "Operating Revenue": NaN
    },
    "2024-06-30": {
        "Tax Effect Of Unusual Items": NaN,
        "Tax Rate For Calcs": NaN,
        "Normalized EBITDA": NaN,
        "Total Unusual Items": NaN,
        "Total Unusual Items Excluding Goodwill": NaN,
        "Net Income From Continuing Operation Net Minority Interest": NaN,
        "Reconciled Depreciation": NaN,
        "Reconciled Cost Of Revenue": NaN,
        "EBITDA": NaN,
        "EBIT": NaN,
        "Net Interest Income": NaN,
        "Interest Expense": NaN,
        "Interest Income": NaN,
        "Normalized Income": NaN,
        "Net Income From Continuing And Discontinued Operation": NaN,
        "Total Expenses": NaN,
        "Total Operating Income As Reported": NaN,
        "Diluted Average Shares": NaN,
        "Basic Average Shares": NaN,
        "Diluted EPS": NaN,
        "Basic EPS": NaN,
        "Diluted NI Availto Com Stockholders": NaN,
        "Net Income Common Stockholders": NaN,
        "Net Income": NaN,
        "Minority Interests": NaN,
        "Net Income Including Noncontrolling Interests": NaN,
        "Net Income Continuous Operations": NaN,
        "Tax Provision": NaN,
        "Pretax Income": NaN,
        "Other Income Expense": NaN,
        "Other Non Operating Income Expenses": NaN,
        "Special Income Charges": NaN,
        "Write Off": 2400000.0,
        "Impairment Of Capital Assets": 2400000.0,
        "Restructuring And Mergern Acquisition": NaN,
        "Net Non Operating Interest Income Expense": NaN,
        "Interest Expense Non Operating": NaN,
        "Interest Income Non Operating": NaN,
        "Operating Income": NaN,
        "Operating Expense": NaN,
        "Selling General And Administration": NaN,
        "General And Administrative Expense": NaN,
        "Other Gand A": NaN,
        "Salaries And Wages": NaN,
        "Gross Profit": NaN,
        "Cost Of Revenue": NaN,
        "Total Revenue": NaN,
        "Operating Revenue": NaN
    },
    "2024-09-30": {
        "Tax Effect Of Unusual Items": -354000.0,
        "Tax Rate For Calcs": 0.295,
        "Normalized EBITDA": 105300000.0,
        "Total Unusual Items": -1200000.0,
        "Total Unusual Items Excluding Goodwill": -1200000.0,
        "Net Income From Continuing Operation Net Minority Interest": 33500000.0,
        "Reconciled Depreciation": 25500000.0,
        "Reconciled Cost Of Revenue": 10222800000.0,
        "EBITDA": 104100000.0,
        "EBIT": 78600000.0,
        "Net Interest Income": -24000000.0,
        "Interest Expense": 29000000.0,
        "Interest Income": 5000000.0,
        "Normalized Income": 34346000.0,
        "Net Income From Continuing And Discontinued Operation": 33500000.0,
        "Total Expenses": 10417500000.0,
        "Total Operating Income As Reported": 72300000.0,
        "Diluted Average Shares": 59200000.0,
        "Basic Average Shares": 58800000.0,
        "Diluted EPS": 0.57,
        "Basic EPS": 0.57,
        "Diluted NI Availto Com Stockholders": 33500000.0,
        "Net Income Common Stockholders": 33500000.0,
        "Net Income": 33500000.0,
        "Minority Interests": -1500000.0,
        "Net Income Including Noncontrolling Interests": 35000000.0,
        "Net Income Continuous Operations": 35000000.0,
        "Tax Provision": 14600000.0,
        "Pretax Income": 49600000.0,
        "Other Income Expense": 100000.0,
        "Other Non Operating Income Expenses": 1300000.0,
        "Special Income Charges": -1200000.0,
        "Write Off": 1200000.0,
        "Impairment Of Capital Assets": NaN,
        "Restructuring And Mergern Acquisition": 0.0,
        "Net Non Operating Interest Income Expense": -24000000.0,
        "Interest Expense Non Operating": 29000000.0,
        "Interest Income Non Operating": 5000000.0,
        "Operating Income": 73400000.0,
        "Operating Expense": 194700000.0,
        "Selling General And Administration": 194700000.0,
        "General And Administrative Expense": 194700000.0,
        "Other Gand A": 71800000.0,
        "Salaries And Wages": 122900000.0,
        "Gross Profit": 268100000.0,
        "Cost Of Revenue": 10222800000.0,
        "Total Revenue": 10490900000.0,
        "Operating Revenue": 10490900000.0
    },
    "2024-12-31": {
        "Tax Effect Of Unusual Items": 0.0,
        "Tax Rate For Calcs": 0.0,
        "Normalized EBITDA": -16300000.0,
        "Total Unusual Items": -26800000.0,
        "Total Unusual Items Excluding Goodwill": -26800000.0,
        "Net Income From Continuing Operation Net Minority Interest": -101800000.0,
        "Reconciled Depreciation": 31100000.0,
        "Reconciled Cost Of Revenue": 9501600000.0,
        "EBITDA": -43100000.0,
        "EBIT": -74200000.0,
        "Net Interest Income": -21800000.0,
        "Interest Expense": 27000000.0,
        "Interest Income": 5200000.0,
        "Normalized Income": -75000000.0,
        "Net Income From Continuing And Discontinued Operation": -101800000.0,
        "Total Expenses": 9703800000.0,
        "Total Operating Income As Reported": 29900000.0,
        "Diluted Average Shares": 57500000.0,
        "Basic Average Shares": 57500000.0,
        "Diluted EPS": -1.77,
        "Basic EPS": -1.77,
        "Diluted NI Availto Com Stockholders": -101800000.0,
        "Net Income Common Stockholders": -101800000.0,
        "Net Income": -101800000.0,
        "Minority Interests": -600000.0,
        "Net Income Including Noncontrolling Interests": -101200000.0,
        "Net Income Continuous Operations": -101200000.0,
        "Tax Provision": 0.0,
        "Pretax Income": -101200000.0,
        "Other Income Expense": -136100000.0,
        "Other Non Operating Income Expenses": -109300000.0,
        "Special Income Charges": -26800000.0,
        "Write Off": 25400000.0,
        "Impairment Of Capital Assets": NaN,
        "Restructuring And Mergern Acquisition": 1400000.0,
        "Net Non Operating Interest Income Expense": -21800000.0,
        "Interest Expense Non Operating": 27000000.0,
        "Interest Income Non Operating": 5200000.0,
        "Operating Income": 56700000.0,
        "Operating Expense": 202200000.0,
        "Selling General And Administration": 202200000.0,
        "General And Administrative Expense": 202200000.0,
        "Other Gand A": 77400000.0,
        "Salaries And Wages": 124800000.0,
        "Gross Profit": 258900000.0,
        "Cost Of Revenue": 9501600000.0,
        "Total Revenue": 9760500000.0,
        "Operating Revenue": 9760500000.0
    },
    "2025-03-31": {
        "Tax Effect Of Unusual Items": -14458500.0,
        "Tax Rate For Calcs": 0.243,
        "Normalized EBITDA": 83600000.0,
        "Total Unusual Items": -59500000.0,
        "Total Unusual Items Excluding Goodwill": -59500000.0,
        "Net Income From Continuing Operation Net Minority Interest": -21100000.0,
        "Reconciled Depreciation": 25600000.0,
        "Reconciled Cost Of Revenue": 9222100000.0,
        "EBITDA": 24100000.0,
        "EBIT": -1500000.0,
        "Net Interest Income": -22900000.0,
        "Interest Expense": 26600000.0,
        "Interest Income": 3700000.0,
        "Normalized Income": 23941500.0,
        "Net Income From Continuing And Discontinued Operation": -21100000.0,
        "Total Expenses": 9399600000.0,
        "Total Operating Income As Reported": -6600000.0,
        "Diluted Average Shares": 56800000.0,
        "Basic Average Shares": 56800000.0,
        "Diluted EPS": -0.37,
        "Basic EPS": -0.37,
        "Diluted NI Availto Com Stockholders": -21100000.0,
        "Net Income Common Stockholders": -21100000.0,
        "Net Income": -21100000.0,
        "Minority Interests": 200000.0,
        "Net Income Including Noncontrolling Interests": -21300000.0,
        "Net Income Continuous Operations": -21300000.0,
        "Tax Provision": -6800000.0,
        "Pretax Income": -28100000.0,
        "Other Income Expense": -58200000.0,
        "Other Non Operating Income Expenses": 1300000.0,
        "Special Income Charges": -59500000.0,
        "Write Off": 44500000.0,
        "Impairment Of Capital Assets": NaN,
        "Restructuring And Mergern Acquisition": 15000000.0,
        "Net Non Operating Interest Income Expense": -22900000.0,
        "Interest Expense Non Operating": 26600000.0,
        "Interest Income Non Operating": 3700000.0,
        "Operating Income": 52900000.0,
        "Operating Expense": 177500000.0,
        "Selling General And Administration": 177500000.0,
        "General And Administrative Expense": 177500000.0,
        "Other Gand A": 72400000.0,
        "Salaries And Wages": 105100000.0,
        "Gross Profit": 230400000.0,
        "Cost Of Revenue": 9222100000.0,
        "Total Revenue": 9452500000.0,
        "Operating Revenue": 9452500000.0
    },
    "2025-06-30": {
        "Tax Effect Of Unusual Items": -98722400.0,
        "Tax Rate For Calcs": 0.244,
        "Normalized EBITDA": 8000000.0,
        "Total Unusual Items": -404600000.0,
        "Total Unusual Items Excluding Goodwill": -404600000.0,
        "Net Income From Continuing Operation Net Minority Interest": -339400000.0,
        "Reconciled Depreciation": 23900000.0,
        "Reconciled Cost Of Revenue": 8810900000.0,
        "EBITDA": -396600000.0,
        "EBIT": -420500000.0,
        "Net Interest Income": -25600000.0,
        "Interest Expense": 28200000.0,
        "Interest Income": 2600000.0,
        "Normalized Income": -33522400.0,
        "Net Income From Continuing And Discontinued Operation": -339400000.0,
        "Total Expenses": 8983700000.0,
        "Total Operating Income As Reported": -345100000.0,
        "Diluted Average Shares": 56000000.0,
        "Basic Average Shares": 56000000.0,
        "Diluted EPS": -6.06,
        "Basic EPS": -6.06,
        "Diluted NI Availto Com Stockholders": -339400000.0,
        "Net Income Common Stockholders": -339400000.0,
        "Net Income": -339400000.0,
        "Minority Interests": -300000.0,
        "Net Income Including Noncontrolling Interests": -339100000.0,
        "Net Income Continuous Operations": -339100000.0,
        "Tax Provision": -109600000.0,
        "Pretax Income": -448700000.0,
        "Other Income Expense": -482600000.0,
        "Other Non Operating Income Expenses": -78000000.0,
        "Special Income Charges": -404600000.0,
        "Write Off": NaN,
        "Impairment Of Capital Assets": 398600000.0,
        "Restructuring And Mergern Acquisition": 6000000.0,
        "Net Non Operating Interest Income Expense": -25600000.0,
        "Interest Expense Non Operating": 28200000.0,
        "Interest Income Non Operating": 2600000.0,
        "Operating Income": 59600000.0,
        "Operating Expense": 172800000.0,
        "Selling General And Administration": 172800000.0,
        "General And Administrative Expense": 172800000.0,
        "Other Gand A": 67300000.0,
        "Salaries And Wages": 105500000.0,
        "Gross Profit": 232400000.0,
        "Cost Of Revenue": 8810900000.0,
        "Total Revenue": 9043300000.0,
        "Operating Revenue": 9043300000.0
    },
    "2025-09-30": {
        "Tax Effect Of Unusual Items": -1347500.0,
        "Tax Rate For Calcs": 0.275,
        "Normalized EBITDA": 95600000.0,
        "Total Unusual Items": -4900000.0,
        "Total Unusual Items Excluding Goodwill": -4900000.0,
        "Net Income From Continuing Operation Net Minority Interest": 25700000.0,
        "Reconciled Depreciation": 23500000.0,
        "Reconciled Cost Of Revenue": 9142200000.0,
        "EBITDA": 90700000.0,
        "EBIT": 67200000.0,
        "Net Interest Income": -25900000.0,
        "Interest Expense": 28400000.0,
        "Interest Income": 2500000.0,
        "Normalized Income": 29252500.0,
        "Net Income From Continuing And Discontinued Operation": 25700000.0,
        "Total Expenses": 9324100000.0,
        "Total Operating Income As Reported": 62900000.0,
        "Diluted Average Shares": 55900000.0,
        "Basic Average Shares": 55600000.0,
        "Diluted EPS": 0.46,
        "Basic EPS": 0.46,
        "Diluted NI Availto Com Stockholders": 25700000.0,
        "Net Income Common Stockholders": 25700000.0,
        "Net Income": 25700000.0,
        "Minority Interests": -2400000.0,
        "Net Income Including Noncontrolling Interests": 28100000.0,
        "Net Income Continuous Operations": 28100000.0,
        "Tax Provision": 10700000.0,
        "Pretax Income": 38800000.0,
        "Other Income Expense": -3100000.0,
        "Other Non Operating Income Expenses": 1800000.0,
        "Special Income Charges": -4900000.0,
        "Write Off": NaN,
        "Impairment Of Capital Assets": 0.0,
        "Restructuring And Mergern Acquisition": 4900000.0,
        "Net Non Operating Interest Income Expense": -25900000.0,
        "Interest Expense Non Operating": 28400000.0,
        "Interest Income Non Operating": 2500000.0,
        "Operating Income": 67700000.0,
        "Operating Expense": 181900000.0,
        "Selling General And Administration": 181900000.0,
        "General And Administrative Expense": 181900000.0,
        "Other Gand A": 69500000.0,
        "Salaries And Wages": 112400000.0,
        "Gross Profit": 249600000.0,
        "Cost Of Revenue": 9142200000.0,
        "Total Revenue": 9391800000.0,
        "Operating Revenue": 9391800000.0
    }
}