{
    "2023-03-31": {
        "Tax Effect Of Unusual Items": NaN,
        "Tax Rate For Calcs": NaN,
        "Normalized EBITDA": NaN,
        "Total Unusual Items": NaN,
        "Total Unusual Items Excluding Goodwill": NaN,
        "Net Income From Continuing Operation Net Minority Interest": NaN,
        "Reconciled Depreciation": NaN,
        "Reconciled Cost Of Revenue": NaN,
        "EBITDA": NaN,
        "EBIT": NaN,
        "Net Interest Income": NaN,
        "Normalized Income": NaN,
        "Net Income From Continuing And Discontinued Operation": NaN,
        "Total Expenses": NaN,
        "Total Operating Income As Reported": NaN,
        "Diluted Average Shares": 8357217.0,
        "Basic Average Shares": 8357217.0,
        "Diluted EPS": -3.0,
        "Basic EPS": -3.0,
        "Diluted NI Availto Com Stockholders": NaN,
        "Net Income Common Stockholders": NaN,
        "Net Income": NaN,
        "Net Income Including Noncontrolling Interests": NaN,
        "Net Income Continuous Operations": NaN,
        "Tax Provision": NaN,
        "Pretax Income": NaN,
        "Other Income Expense": NaN,
        "Other Non Operating Income Expenses": NaN,
        "Gain On Sale Of Security": NaN,
        "Net Non Operating Interest Income Expense": NaN,
        "Total Other Finance Cost": -550359.0,
        "Operating Income": NaN,
        "Operating Expense": NaN,
        "Research And Development": NaN,
        "Selling General And Administration": NaN,
        "Gross Profit": NaN,
        "Cost Of Revenue": NaN,
        "Total Revenue": NaN,
        "Operating Revenue": NaN
    },
    "2022-12-31": {
        "Tax Effect Of Unusual Items": NaN,
        "Tax Rate For Calcs": NaN,
        "Normalized EBITDA": NaN,
        "Total Unusual Items": 0.0,
        "Total Unusual Items Excluding Goodwill": 0.0,
        "Net Income From Continuing Operation Net Minority Interest": NaN,
        "Reconciled Depreciation": NaN,
        "Reconciled Cost Of Revenue": NaN,
        "EBITDA": NaN,
        "EBIT": NaN,
        "Net Interest Income": NaN,
        "Interest Expense": -188429.0,
        "Normalized Income": NaN,
        "Net Income From Continuing And Discontinued Operation": NaN,
        "Total Expenses": NaN,
        "Total Operating Income As Reported": NaN,
        "Diluted Average Shares": NaN,
        "Basic Average Shares": NaN,
        "Diluted EPS": NaN,
        "Basic EPS": NaN,
        "Diluted NI Availto Com Stockholders": NaN,
        "Net Income Common Stockholders": NaN,
        "Net Income": NaN,
        "Net Income Including Noncontrolling Interests": NaN,
        "Net Income Continuous Operations": NaN,
        "Tax Provision": NaN,
        "Pretax Income": NaN,
        "Other Income Expense": 497710.0,
        "Other Non Operating Income Expenses": 497710.0,
        "Special Income Charges": 0.0,
        "Gain On Sale Of Security": NaN,
        "Net Non Operating Interest Income Expense": NaN,
        "Total Other Finance Cost": NaN,
        "Interest Expense Non Operating": -188429.0,
        "Operating Income": NaN,
        "Operating Expense": NaN,
        "Research And Development": NaN,
        "Selling General And Administration": NaN,
        "Gross Profit": NaN,
        "Cost Of Revenue": NaN,
        "Total Revenue": NaN,
        "Operating Revenue": NaN
    },
    "2022-09-30": {
        "Tax Effect Of Unusual Items": NaN,
        "Tax Rate For Calcs": NaN,
        "Normalized EBITDA": NaN,
        "Total Unusual Items": 0.0,
        "Total Unusual Items Excluding Goodwill": 0.0,
        "Net Income From Continuing Operation Net Minority Interest": NaN,
        "Reconciled Depreciation": NaN,
        "Reconciled Cost Of Revenue": NaN,
        "EBITDA": NaN,
        "EBIT": NaN,
        "Net Interest Income": NaN,
        "Interest Expense": 0.0,
        "Interest Income": 27716.0,
        "Normalized Income": NaN,
        "Net Income From Continuing And Discontinued Operation": NaN,
        "Total Expenses": NaN,
        "Total Operating Income As Reported": NaN,
        "Diluted Average Shares": 160213944.0,
        "Basic Average Shares": 160213944.0,
        "Diluted EPS": -0.22,
        "Basic EPS": -0.22,
        "Diluted NI Availto Com Stockholders": NaN,
        "Net Income Common Stockholders": NaN,
        "Net Income": NaN,
        "Net Income Including Noncontrolling Interests": NaN,
        "Net Income Continuous Operations": NaN,
        "Tax Provision": NaN,
        "Pretax Income": NaN,
        "Other Income Expense": 13413500.0,
        "Other Non Operating Income Expenses": 13413500.0,
        "Special Income Charges": 0.0,
        "Net Non Operating Interest Income Expense": NaN,
        "Total Other Finance Cost": -27716.0,
        "Interest Expense Non Operating": 0.0,
        "Interest Income Non Operating": 27716.0,
        "Operating Income": NaN,
        "Operating Expense": NaN,
        "Research And Development": NaN,
        "Selling General And Administration": NaN,
        "Gross Profit": NaN,
        "Cost Of Revenue": NaN,
        "Total Revenue": NaN,
        "Operating Revenue": NaN
    },
    "2022-06-30": {
        "Tax Effect Of Unusual Items": 0.0,
        "Tax Rate For Calcs": 0.0,
        "Normalized EBITDA": -20674489.0,
        "Total Unusual Items": 0.0,
        "Total Unusual Items Excluding Goodwill": 0.0,
        "Net Income From Continuing Operation Net Minority Interest": -21160272.0,
        "Reconciled Depreciation": 390364.0,
        "Reconciled Cost Of Revenue": 3020204.0,
        "EBITDA": -20674489.0,
        "EBIT": -21064853.0,
        "Net Interest Income": -95419.0,
        "Interest Expense": 95419.0,
        "Interest Income": NaN,
        "Normalized Income": -21160272.0,
        "Net Income From Continuing And Discontinued Operation": -21160272.0,
        "Total Expenses": 21077408.0,
        "Total Operating Income As Reported": -21064853.0,
        "Diluted Average Shares": 159107776.0,
        "Basic Average Shares": 159107776.0,
        "Diluted EPS": -0.13,
        "Basic EPS": -0.13,
        "Diluted NI Availto Com Stockholders": -21160272.0,
        "Net Income Common Stockholders": -21160272.0,
        "Net Income": -21160272.0,
        "Net Income Including Noncontrolling Interests": -21160272.0,
        "Net Income Continuous Operations": -21160272.0,
        "Tax Provision": 0.0,
        "Pretax Income": -21160272.0,
        "Other Income Expense": NaN,
        "Other Non Operating Income Expenses": NaN,
        "Special Income Charges": 0.0,
        "Net Non Operating Interest Income Expense": -95419.0,
        "Total Other Finance Cost": NaN,
        "Interest Expense Non Operating": 95419.0,
        "Interest Income Non Operating": NaN,
        "Operating Income": -21064853.0,
        "Operating Expense": 18057204.0,
        "Research And Development": 5027061.0,
        "Selling General And Administration": 13030143.0,
        "Gross Profit": -3007649.0,
        "Cost Of Revenue": 3020204.0,
        "Total Revenue": 12555.0,
        "Operating Revenue": 12555.0
    },
    "2022-03-31": {
        "Diluted EPS": -0.15,
        "Total Revenue": 0,
        "Gross Profit": -4,
        "Operating Income": -20,
        "EBIT": -20,
        "Net Income": -22
    },
    "2021-12-31": {
        "Diluted EPS": -1.1,
        "Total Revenue": -2,
        "Gross Profit": -102,
        "Operating Income": -120,
        "EBIT": -120,
        "Net Income": -156
    },
    "2021-09-30": {
        "Diluted EPS": -0.63,
        "Total Revenue": -1,
        "Gross Profit": -12,
        "Operating Income": -26,
        "EBIT": -25,
        "Net Income": -81
    },
    "2021-06-30": {
        "Diluted EPS": -0.35,
        "Total Revenue": 1,
        "Gross Profit": -14,
        "Operating Income": -23,
        "EBIT": -22,
        "Net Income": -44
    },
    "2021-03-31": {
        "Diluted EPS": -1.04,
        "Total Revenue": 1,
        "Gross Profit": -6,
        "Operating Income": -16,
        "EBIT": -16,
        "Net Income": -121
    },
    "2020-12-31": {
        "Diluted EPS": 3.18,
        "Total Revenue": 1,
        "Gross Profit": -6,
        "Operating Income": -16,
        "EBIT": -9,
        "Net Income": 280
    },
    "2020-09-30": {
        "Diluted EPS": -0.78,
        "Total Revenue": 1,
        "Gross Profit": -2,
        "Operating Income": -10,
        "EBIT": -5,
        "Net Income": -84
    },
    "2020-06-30": {
        "Diluted EPS": -1.76,
        "Total Revenue": 0,
        "Gross Profit": -1,
        "Operating Income": -7,
        "EBIT": -6,
        "Net Income": -131
    },
    "2020-03-31": {
        "Diluted EPS": 0.06,
        "Total Revenue": 0,
        "Gross Profit": -2,
        "Operating Income": -8,
        "EBIT": -8,
        "Net Income": 5
    },
    "2019-12-31": {
        "Diluted EPS": 0.03,
        "Total Revenue": 0,
        "Gross Profit": -2,
        "Operating Income": -10,
        "EBIT": -6,
        "Net Income": 1
    },
    "2019-09-30": {
        "Diluted EPS": -0.17,
        "Total Revenue": 0,
        "Gross Profit": -1,
        "Operating Income": -6,
        "EBIT": -5,
        "Net Income": -11
    },
    "2019-06-30": {
        "Diluted EPS": -0.33,
        "Total Revenue": 0,
        "Gross Profit": -1,
        "Operating Income": -4,
        "EBIT": -4,
        "Net Income": -20
    },
    "2019-03-31": {
        "Diluted EPS": -0.11,
        "Total Revenue": 0,
        "Gross Profit": -1,
        "Operating Income": -4,
        "EBIT": -4,
        "Net Income": -6
    },
    "2018-12-31": {
        "Diluted EPS": -0.28,
        "Total Revenue": 0,
        "Gross Profit": -11,
        "Operating Income": -16,
        "EBIT": -12,
        "Net Income": -17
    },
    "2018-09-30": {
        "Diluted EPS": -0.12,
        "Total Revenue": 0,
        "Gross Profit": -1,
        "Operating Income": -6,
        "EBIT": -6,
        "Net Income": -5
    },
    "2018-06-30": {
        "Diluted EPS": -0.18,
        "Total Revenue": 0,
        "Gross Profit": -1,
        "Operating Income": -6,
        "EBIT": -6,
        "Net Income": -8
    },
    "2018-03-31": {
        "Diluted EPS": -0.16,
        "Total Revenue": 1,
        "Gross Profit": -1,
        "Operating Income": -6,
        "EBIT": -5,
        "Net Income": -6
    },
    "2017-12-31": {
        "Diluted EPS": -0.21,
        "Total Revenue": 5,
        "Gross Profit": -7,
        "Operating Income": -12,
        "EBIT": -11,
        "Net Income": -12
    },
    "2017-09-30": {
        "Diluted EPS": -0.35,
        "Total Revenue": 3,
        "Gross Profit": -4,
        "Operating Income": -12,
        "EBIT": -12,
        "Net Income": -12
    },
    "2017-06-30": {
        "Diluted EPS": -0.26,
        "Total Revenue": 0,
        "Gross Profit": -1,
        "Operating Income": -9,
        "EBIT": -9,
        "Net Income": -9
    },
    "2017-03-31": {
        "Diluted EPS": -0.24,
        "Total Revenue": 2,
        "Gross Profit": -3,
        "Operating Income": -8,
        "EBIT": -8,
        "Net Income": -8
    },
    "2016-12-31": {
        "Diluted EPS": -0.16,
        "Total Revenue": 3,
        "Gross Profit": -4,
        "Operating Income": -7,
        "EBIT": -7,
        "Net Income": -7
    },
    "2016-09-30": {
        "Diluted EPS": -0.25,
        "Total Revenue": 2,
        "Gross Profit": -2,
        "Operating Income": -5,
        "EBIT": -5,
        "Net Income": -5
    },
    "2016-06-30": {
        "Diluted EPS": -0.14,
        "Total Revenue": 1,
        "Gross Profit": -1,
        "Operating Income": -3,
        "EBIT": -3,
        "Net Income": -3
    },
    "2016-03-31": {
        "Diluted EPS": -0.23,
        "Total Revenue": 0,
        "Gross Profit": 0,
        "Operating Income": -4,
        "EBIT": -4,
        "Net Income": -4
    },
    "2015-12-31": {
        "Diluted EPS": -0.06,
        "Total Revenue": 0,
        "Gross Profit": 0,
        "Operating Income": -1,
        "EBIT": -1,
        "Net Income": -2
    },
    "2015-09-30": {
        "Diluted EPS": -0.24,
        "Total Revenue": 0,
        "Gross Profit": 0,
        "Operating Income": -3,
        "EBIT": -3,
        "Net Income": -4
    },
    "2015-06-30": {
        "Diluted EPS": -0.12,
        "Total Revenue": 0,
        "Gross Profit": 0,
        "Operating Income": -2,
        "EBIT": -2,
        "Net Income": -2
    },
    "2015-03-31": {
        "Diluted EPS": -0.13,
        "Total Revenue": NaN,
        "Gross Profit": NaN,
        "Operating Income": -2,
        "EBIT": -2,
        "Net Income": -2
    },
    "2014-12-31": {
        "Diluted EPS": -0.19,
        "Total Revenue": 0,
        "Gross Profit": 0,
        "Operating Income": -2,
        "EBIT": -1,
        "Net Income": -2
    },
    "2014-09-30": {
        "Diluted EPS": -0.1,
        "Total Revenue": NaN,
        "Gross Profit": NaN,
        "Operating Income": -2,
        "EBIT": -2,
        "Net Income": -2
    },
    "2014-06-30": {
        "Diluted EPS": -0.1,
        "Total Revenue": 0,
        "Gross Profit": 0,
        "Operating Income": -2,
        "EBIT": -2,
        "Net Income": -2
    },
    "2014-03-31": {
        "Diluted EPS": -0.1,
        "Total Revenue": NaN,
        "Gross Profit": NaN,
        "Operating Income": -1,
        "EBIT": -1,
        "Net Income": -1
    },
    "2013-12-31": {
        "Diluted EPS": -0.2,
        "Total Revenue": NaN,
        "Gross Profit": NaN,
        "Operating Income": -1,
        "EBIT": -1,
        "Net Income": -1
    },
    "2013-09-30": {
        "Diluted EPS": -0.1,
        "Total Revenue": 0,
        "Gross Profit": 0,
        "Operating Income": -1,
        "EBIT": -1,
        "Net Income": -1
    },
    "2013-06-30": {
        "Diluted EPS": -0.3,
        "Total Revenue": NaN,
        "Gross Profit": NaN,
        "Operating Income": -2,
        "EBIT": -2,
        "Net Income": -2
    },
    "2013-03-31": {
        "Diluted EPS": -0.2,
        "Total Revenue": NaN,
        "Gross Profit": NaN,
        "Operating Income": -2,
        "EBIT": -2,
        "Net Income": -2
    },
    "2012-12-31": {
        "Diluted EPS": -0.2,
        "Total Revenue": 0,
        "Gross Profit": 0,
        "Operating Income": -1,
        "EBIT": -1,
        "Net Income": -1
    },
    "2012-09-30": {
        "Diluted EPS": -0.3,
        "Total Revenue": NaN,
        "Gross Profit": NaN,
        "Operating Income": -1,
        "EBIT": -1,
        "Net Income": -1
    },
    "2012-06-30": {
        "Diluted EPS": -0.2,
        "Total Revenue": 0,
        "Gross Profit": 0,
        "Operating Income": 0,
        "EBIT": 0,
        "Net Income": -1
    },
    "2012-03-31": {
        "Diluted EPS": -0.3,
        "Total Revenue": NaN,
        "Gross Profit": NaN,
        "Operating Income": -1,
        "EBIT": -1,
        "Net Income": -1
    },
    "2011-12-31": {
        "Diluted EPS": -0.6,
        "Total Revenue": NaN,
        "Gross Profit": NaN,
        "Operating Income": -2,
        "EBIT": -2,
        "Net Income": -2
    },
    "2011-09-30": {
        "Diluted EPS": -0.6,
        "Total Revenue": NaN,
        "Gross Profit": NaN,
        "Operating Income": -2,
        "EBIT": -2,
        "Net Income": -2
    },
    "2011-06-30": {
        "Diluted EPS": -0.7,
        "Total Revenue": 0,
        "Gross Profit": 0,
        "Operating Income": -2,
        "EBIT": -2,
        "Net Income": -2
    },
    "2011-03-31": {
        "Diluted EPS": -0.7,
        "Total Revenue": 0,
        "Gross Profit": 0,
        "Operating Income": -1,
        "EBIT": -1,
        "Net Income": -2
    },
    "2010-12-31": {
        "Diluted EPS": -0.7,
        "Total Revenue": NaN,
        "Gross Profit": NaN,
        "Operating Income": -2,
        "EBIT": -2,
        "Net Income": -2
    },
    "2010-09-30": {
        "Diluted EPS": -0.5,
        "Total Revenue": NaN,
        "Gross Profit": NaN,
        "Operating Income": -1,
        "EBIT": -1,
        "Net Income": -1
    },
    "2010-06-30": {
        "Diluted EPS": -0.6,
        "Total Revenue": NaN,
        "Gross Profit": NaN,
        "Operating Income": -1,
        "EBIT": -1,
        "Net Income": -1
    },
    "2010-03-31": {
        "Diluted EPS": -0.5,
        "Total Revenue": NaN,
        "Gross Profit": NaN,
        "Operating Income": -1,
        "EBIT": -1,
        "Net Income": -1
    },
    "2009-12-31": {
        "Diluted EPS": 468.4,
        "Total Revenue": NaN,
        "Gross Profit": NaN,
        "Operating Income": 0,
        "EBIT": 0,
        "Net Income": -1
    },
    "2009-09-30": {
        "Diluted EPS": -37.2,
        "Total Revenue": NaN,
        "Gross Profit": NaN,
        "Operating Income": 0,
        "EBIT": 0,
        "Net Income": 0
    },
    "2009-06-30": {
        "Diluted EPS": -22.3,
        "Total Revenue": NaN,
        "Gross Profit": NaN,
        "Operating Income": 0,
        "EBIT": 0,
        "Net Income": 0
    },
    "2009-03-31": {
        "Diluted EPS": -470.9,
        "Total Revenue": NaN,
        "Gross Profit": NaN,
        "Operating Income": 0,
        "EBIT": 0,
        "Net Income": 0
    },
    "2023-06-30": {
        "Tax Effect Of Unusual Items": NaN,
        "Tax Rate For Calcs": NaN,
        "Normalized EBITDA": NaN,
        "Total Unusual Items": NaN,
        "Total Unusual Items Excluding Goodwill": NaN,
        "Net Income From Continuing Operation Net Minority Interest": NaN,
        "Reconciled Depreciation": NaN,
        "Reconciled Cost Of Revenue": NaN,
        "EBITDA": NaN,
        "EBIT": NaN,
        "Net Interest Income": NaN,
        "Normalized Income": NaN,
        "Net Income From Continuing And Discontinued Operation": NaN,
        "Total Expenses": NaN,
        "Total Operating Income As Reported": NaN,
        "Diluted Average Shares": 9283015.0,
        "Basic Average Shares": 9283015.0,
        "Diluted EPS": -2.4,
        "Basic EPS": -2.4,
        "Diluted NI Availto Com Stockholders": NaN,
        "Net Income Common Stockholders": NaN,
        "Net Income": NaN,
        "Net Income Including Noncontrolling Interests": NaN,
        "Net Income Continuous Operations": NaN,
        "Tax Provision": NaN,
        "Pretax Income": NaN,
        "Other Income Expense": NaN,
        "Other Non Operating Income Expenses": NaN,
        "Gain On Sale Of Security": NaN,
        "Net Non Operating Interest Income Expense": NaN,
        "Total Other Finance Cost": -505500.0,
        "Operating Income": NaN,
        "Operating Expense": NaN,
        "Research And Development": NaN,
        "Selling General And Administration": NaN,
        "Gross Profit": NaN,
        "Cost Of Revenue": NaN,
        "Total Revenue": NaN,
        "Operating Revenue": NaN
    },
    "2023-09-30": {
        "Tax Effect Of Unusual Items": NaN,
        "Tax Rate For Calcs": NaN,
        "Normalized EBITDA": NaN,
        "Total Unusual Items": NaN,
        "Total Unusual Items Excluding Goodwill": NaN,
        "Net Income From Continuing Operation Net Minority Interest": NaN,
        "Reconciled Depreciation": NaN,
        "Reconciled Cost Of Revenue": NaN,
        "EBITDA": NaN,
        "EBIT": NaN,
        "Net Interest Income": NaN,
        "Normalized Income": NaN,
        "Net Income From Continuing And Discontinued Operation": NaN,
        "Total Expenses": NaN,
        "Total Operating Income As Reported": NaN,
        "Diluted Average Shares": 863514.0,
        "Basic Average Shares": 863514.0,
        "Diluted EPS": -35.5,
        "Basic EPS": -35.5,
        "Diluted NI Availto Com Stockholders": NaN,
        "Net Income Common Stockholders": NaN,
        "Net Income": NaN,
        "Net Income Including Noncontrolling Interests": NaN,
        "Net Income Continuous Operations": NaN,
        "Tax Provision": NaN,
        "Pretax Income": NaN,
        "Other Income Expense": NaN,
        "Other Non Operating Income Expenses": -10000000.0,
        "Gain On Sale Of Security": NaN,
        "Net Non Operating Interest Income Expense": NaN,
        "Total Other Finance Cost": -410980.0,
        "Operating Income": NaN,
        "Operating Expense": NaN,
        "Research And Development": NaN,
        "Selling General And Administration": NaN,
        "Gross Profit": NaN,
        "Cost Of Revenue": NaN,
        "Total Revenue": NaN,
        "Operating Revenue": NaN
    },
    "2023-12-31": {
        "Tax Effect Of Unusual Items": NaN,
        "Tax Rate For Calcs": NaN,
        "Normalized EBITDA": NaN,
        "Total Unusual Items": NaN,
        "Total Unusual Items Excluding Goodwill": NaN,
        "Net Income From Continuing Operation Net Minority Interest": NaN,
        "Reconciled Depreciation": NaN,
        "Reconciled Cost Of Revenue": NaN,
        "EBITDA": NaN,
        "EBIT": NaN,
        "Net Interest Income": NaN,
        "Normalized Income": NaN,
        "Net Income From Continuing And Discontinued Operation": NaN,
        "Total Expenses": NaN,
        "Total Operating Income As Reported": NaN,
        "Diluted Average Shares": NaN,
        "Basic Average Shares": NaN,
        "Diluted EPS": NaN,
        "Basic EPS": NaN,
        "Diluted NI Availto Com Stockholders": NaN,
        "Net Income Common Stockholders": NaN,
        "Net Income": NaN,
        "Net Income Including Noncontrolling Interests": NaN,
        "Net Income Continuous Operations": NaN,
        "Tax Provision": NaN,
        "Pretax Income": NaN,
        "Other Income Expense": NaN,
        "Other Non Operating Income Expenses": 0.0,
        "Gain On Sale Of Security": NaN,
        "Net Non Operating Interest Income Expense": NaN,
        "Total Other Finance Cost": NaN,
        "Operating Income": NaN,
        "Operating Expense": NaN,
        "Research And Development": NaN,
        "Selling General And Administration": NaN,
        "Gross Profit": NaN,
        "Cost Of Revenue": NaN,
        "Total Revenue": NaN,
        "Operating Revenue": NaN
    },
    "2024-03-31": {
        "Tax Effect Of Unusual Items": NaN,
        "Tax Rate For Calcs": NaN,
        "Normalized EBITDA": NaN,
        "Total Unusual Items": NaN,
        "Total Unusual Items Excluding Goodwill": NaN,
        "Net Income From Continuing Operation Net Minority Interest": NaN,
        "Reconciled Depreciation": NaN,
        "Reconciled Cost Of Revenue": NaN,
        "EBITDA": NaN,
        "EBIT": NaN,
        "Net Interest Income": NaN,
        "Normalized Income": NaN,
        "Net Income From Continuing And Discontinued Operation": NaN,
        "Total Expenses": NaN,
        "Total Operating Income As Reported": NaN,
        "Diluted Average Shares": 1210429.0,
        "Basic Average Shares": 1210429.0,
        "Diluted EPS": -24.09,
        "Basic EPS": -24.09,
        "Diluted NI Availto Com Stockholders": NaN,
        "Net Income Common Stockholders": NaN,
        "Net Income": NaN,
        "Net Income Including Noncontrolling Interests": NaN,
        "Net Income Continuous Operations": NaN,
        "Tax Provision": NaN,
        "Pretax Income": NaN,
        "Other Income Expense": NaN,
        "Other Non Operating Income Expenses": NaN,
        "Gain On Sale Of Security": NaN,
        "Net Non Operating Interest Income Expense": NaN,
        "Total Other Finance Cost": 1164593.0,
        "Operating Income": NaN,
        "Operating Expense": NaN,
        "Research And Development": NaN,
        "Selling General And Administration": NaN,
        "Gross Profit": NaN,
        "Cost Of Revenue": NaN,
        "Total Revenue": NaN,
        "Operating Revenue": NaN
    },
    "2024-06-30": {
        "Tax Effect Of Unusual Items": 0.0,
        "Tax Rate For Calcs": 0.0,
        "Normalized EBITDA": -14686601.0,
        "Total Unusual Items": -3772951.0,
        "Total Unusual Items Excluding Goodwill": -3772951.0,
        "Net Income From Continuing Operation Net Minority Interest": -26319999.0,
        "Reconciled Depreciation": 2058688.0,
        "Reconciled Cost Of Revenue": 7301348.0,
        "EBITDA": -18459552.0,
        "EBIT": -20518240.0,
        "Net Interest Income": -2028808.0,
        "Normalized Income": -22547048.0,
        "Net Income From Continuing And Discontinued Operation": -26319999.0,
        "Total Expenses": 21360680.0,
        "Total Operating Income As Reported": -20518240.0,
        "Diluted Average Shares": 1508403.0,
        "Basic Average Shares": 1508403.0,
        "Diluted EPS": -17.45,
        "Basic EPS": -17.45,
        "Diluted NI Availto Com Stockholders": -26319999.0,
        "Net Income Common Stockholders": -26319999.0,
        "Net Income": -26319999.0,
        "Net Income Including Noncontrolling Interests": -26319999.0,
        "Net Income Continuous Operations": -26319999.0,
        "Tax Provision": 0.0,
        "Pretax Income": -26319999.0,
        "Other Income Expense": -3772951.0,
        "Other Non Operating Income Expenses": NaN,
        "Gain On Sale Of Security": -3772951.0,
        "Net Non Operating Interest Income Expense": -2028808.0,
        "Total Other Finance Cost": 2028808.0,
        "Operating Income": -20518240.0,
        "Operating Expense": 14059332.0,
        "Research And Development": 1992779.0,
        "Selling General And Administration": 12066553.0,
        "Gross Profit": -6458908.0,
        "Cost Of Revenue": 7301348.0,
        "Total Revenue": 842440.0,
        "Operating Revenue": 842440.0
    },
    "2024-09-30": {
        "Tax Effect Of Unusual Items": 0.0,
        "Tax Rate For Calcs": 0.0,
        "Normalized EBITDA": -9578502.0,
        "Total Unusual Items": -2649477.0,
        "Total Unusual Items Excluding Goodwill": -2649477.0,
        "Net Income From Continuing Operation Net Minority Interest": -25135559.0,
        "Reconciled Depreciation": 1940290.0,
        "Reconciled Cost Of Revenue": 6642549.0,
        "EBITDA": -12227979.0,
        "EBIT": -14168269.0,
        "Net Interest Income": -8317813.0,
        "Normalized Income": -22486082.0,
        "Net Income From Continuing And Discontinued Operation": -25135559.0,
        "Total Expenses": 16677986.0,
        "Total Operating Income As Reported": -14168269.0,
        "Diluted Average Shares": 2047178.0,
        "Basic Average Shares": 2047178.0,
        "Diluted EPS": -12.25,
        "Basic EPS": -12.25,
        "Diluted NI Availto Com Stockholders": -25135559.0,
        "Net Income Common Stockholders": -25135559.0,
        "Net Income": -25135559.0,
        "Net Income Including Noncontrolling Interests": -25135559.0,
        "Net Income Continuous Operations": -25135559.0,
        "Tax Provision": 0.0,
        "Pretax Income": -25135559.0,
        "Other Income Expense": -2649477.0,
        "Other Non Operating Income Expenses": NaN,
        "Gain On Sale Of Security": -2649477.0,
        "Net Non Operating Interest Income Expense": -8317813.0,
        "Total Other Finance Cost": 8317813.0,
        "Operating Income": -14168269.0,
        "Operating Expense": 10035437.0,
        "Research And Development": 2313423.0,
        "Selling General And Administration": 7722014.0,
        "Gross Profit": -4132832.0,
        "Cost Of Revenue": 6642549.0,
        "Total Revenue": 2509717.0,
        "Operating Revenue": 2169769.0
    },
    "2024-12-31": {
        "Tax Effect Of Unusual Items": 7202.893208,
        "Tax Rate For Calcs": 0.005497,
        "Normalized EBITDA": -20614111.0,
        "Total Unusual Items": 1310367.0,
        "Total Unusual Items Excluding Goodwill": 1310367.0,
        "Net Income From Continuing Operation Net Minority Interest": -21178947.0,
        "Reconciled Depreciation": 1948646.0,
        "Reconciled Cost Of Revenue": 7455411.0,
        "EBITDA": -19303744.0,
        "EBIT": -21252390.0,
        "Net Interest Income": -7132645.0,
        "Normalized Income": -22482111.106792,
        "Net Income From Continuing And Discontinued Operation": -21178947.0,
        "Total Expenses": 17398637.0,
        "Total Operating Income As Reported": -15473730.0,
        "Diluted Average Shares": NaN,
        "Basic Average Shares": NaN,
        "Diluted EPS": NaN,
        "Basic EPS": NaN,
        "Diluted NI Availto Com Stockholders": -21178947.0,
        "Net Income Common Stockholders": -21178947.0,
        "Net Income": -21178947.0,
        "Net Income Including Noncontrolling Interests": -21178947.0,
        "Net Income Continuous Operations": -21178947.0,
        "Tax Provision": -117061.0,
        "Pretax Income": -21296008.0,
        "Other Income Expense": 1310367.0,
        "Other Non Operating Income Expenses": NaN,
        "Gain On Sale Of Security": 1310367.0,
        "Net Non Operating Interest Income Expense": -7132645.0,
        "Total Other Finance Cost": NaN,
        "Operating Income": -15473730.0,
        "Operating Expense": 9943226.0,
        "Research And Development": 1314942.0,
        "Selling General And Administration": 8628284.0,
        "Gross Profit": -5530504.0,
        "Cost Of Revenue": 7455411.0,
        "Total Revenue": 1924907.0,
        "Operating Revenue": 3862974.0
    },
    "2025-03-31": {
        "Tax Effect Of Unusual Items": 0.0,
        "Tax Rate For Calcs": 0.0,
        "Normalized EBITDA": -8299154.0,
        "Total Unusual Items": -2555135.0,
        "Total Unusual Items Excluding Goodwill": -2555135.0,
        "Net Income From Continuing Operation Net Minority Interest": -20644134.0,
        "Reconciled Depreciation": 1982482.0,
        "Reconciled Cost Of Revenue": 5164763.0,
        "EBITDA": -10854289.0,
        "EBIT": -12836771.0,
        "Net Interest Income": -5252228.0,
        "Normalized Income": -18088999.0,
        "Net Income From Continuing And Discontinued Operation": -20644134.0,
        "Total Expenses": 13477693.0,
        "Total Operating Income As Reported": -12836771.0,
        "Diluted Average Shares": 4409194.0,
        "Basic Average Shares": 4409194.0,
        "Diluted EPS": -4.68,
        "Basic EPS": -4.68,
        "Diluted NI Availto Com Stockholders": -20644134.0,
        "Net Income Common Stockholders": -20644134.0,
        "Net Income": -20644134.0,
        "Net Income Including Noncontrolling Interests": -20644134.0,
        "Net Income Continuous Operations": -20644134.0,
        "Tax Provision": 0.0,
        "Pretax Income": -20644134.0,
        "Other Income Expense": -2555135.0,
        "Other Non Operating Income Expenses": NaN,
        "Gain On Sale Of Security": -2555135.0,
        "Net Non Operating Interest Income Expense": -5252228.0,
        "Total Other Finance Cost": 5252228.0,
        "Operating Income": -12836771.0,
        "Operating Expense": 8312930.0,
        "Research And Development": 1529019.0,
        "Selling General And Administration": 6783911.0,
        "Gross Profit": -4523841.0,
        "Cost Of Revenue": 5164763.0,
        "Total Revenue": 640922.0,
        "Operating Revenue": 640922.0
    },
    "2025-06-30": {
        "Tax Effect Of Unusual Items": 0.0,
        "Tax Rate For Calcs": 0.0,
        "Normalized EBITDA": -12928187.0,
        "Total Unusual Items": 274215.0,
        "Total Unusual Items Excluding Goodwill": 274215.0,
        "Net Income From Continuing Operation Net Minority Interest": -14780964.0,
        "Reconciled Depreciation": 1818961.0,
        "Reconciled Cost Of Revenue": 13051356.0,
        "EBITDA": -12653972.0,
        "EBIT": -14472933.0,
        "Net Interest Income": -582246.0,
        "Normalized Income": -15055179.0,
        "Net Income From Continuing And Discontinued Operation": -14780964.0,
        "Total Expenses": 20142402.0,
        "Total Operating Income As Reported": -14472933.0,
        "Diluted Average Shares": 8827196.0,
        "Basic Average Shares": 8827196.0,
        "Diluted EPS": -1.67,
        "Basic EPS": -1.67,
        "Diluted NI Availto Com Stockholders": -14780964.0,
        "Net Income Common Stockholders": -14780964.0,
        "Net Income": -14780964.0,
        "Net Income Including Noncontrolling Interests": -14780964.0,
        "Net Income Continuous Operations": -14780964.0,
        "Tax Provision": 0.0,
        "Pretax Income": -14780964.0,
        "Other Income Expense": 274215.0,
        "Other Non Operating Income Expenses": NaN,
        "Gain On Sale Of Security": 274215.0,
        "Net Non Operating Interest Income Expense": -582246.0,
        "Total Other Finance Cost": 582246.0,
        "Operating Income": -14472933.0,
        "Operating Expense": 7091046.0,
        "Research And Development": 1246348.0,
        "Selling General And Administration": 5844698.0,
        "Gross Profit": -7381887.0,
        "Cost Of Revenue": 13051356.0,
        "Total Revenue": 5669469.0,
        "Operating Revenue": 5669469.0
    }
}