{
    "2023-06-30": {
        "Tax Effect Of Unusual Items": NaN,
        "Tax Rate For Calcs": NaN,
        "Normalized EBITDA": NaN,
        "Total Unusual Items": NaN,
        "Total Unusual Items Excluding Goodwill": NaN,
        "Net Income From Continuing Operation Net Minority Interest": NaN,
        "Reconciled Depreciation": NaN,
        "Reconciled Cost Of Revenue": NaN,
        "EBITDA": NaN,
        "EBIT": NaN,
        "Net Interest Income": NaN,
        "Interest Expense": NaN,
        "Normalized Income": NaN,
        "Net Income From Continuing And Discontinued Operation": NaN,
        "Total Expenses": NaN,
        "Total Operating Income As Reported": NaN,
        "Diluted Average Shares": NaN,
        "Basic Average Shares": NaN,
        "Diluted EPS": NaN,
        "Basic EPS": NaN,
        "Diluted NI Availto Com Stockholders": NaN,
        "Net Income Common Stockholders": NaN,
        "Net Income": NaN,
        "Minority Interests": NaN,
        "Net Income Including Noncontrolling Interests": NaN,
        "Net Income Continuous Operations": NaN,
        "Tax Provision": NaN,
        "Pretax Income": NaN,
        "Other Income Expense": NaN,
        "Other Non Operating Income Expenses": NaN,
        "Special Income Charges": NaN,
        "Gain On Sale Of Business": NaN,
        "Restructuring And Mergern Acquisition": NaN,
        "Earnings From Equity Interest": NaN,
        "Net Non Operating Interest Income Expense": NaN,
        "Interest Expense Non Operating": NaN,
        "Operating Income": NaN,
        "Operating Expense": NaN,
        "Provision For Doubtful Accounts": NaN,
        "Depreciation Amortization Depletion Income Statement": NaN,
        "Depletion Income Statement": 188000000.0,
        "Depreciation And Amortization In Income Statement": NaN,
        "Amortization": NaN,
        "Amortization Of Intangibles Income Statement": NaN,
        "Depreciation Income Statement": NaN,
        "Selling General And Administration": NaN,
        "General And Administrative Expense": NaN,
        "Other Gand A": NaN,
        "Salaries And Wages": NaN,
        "Gross Profit": NaN,
        "Cost Of Revenue": NaN,
        "Total Revenue": NaN,
        "Operating Revenue": NaN
    },
    "2023-03-31": {
        "Tax Effect Of Unusual Items": NaN,
        "Tax Rate For Calcs": NaN,
        "Normalized EBITDA": NaN,
        "Total Unusual Items": NaN,
        "Total Unusual Items Excluding Goodwill": NaN,
        "Net Income From Continuing Operation Net Minority Interest": NaN,
        "Reconciled Depreciation": NaN,
        "Reconciled Cost Of Revenue": NaN,
        "EBITDA": NaN,
        "EBIT": NaN,
        "Net Interest Income": NaN,
        "Interest Expense": NaN,
        "Normalized Income": NaN,
        "Net Income From Continuing And Discontinued Operation": NaN,
        "Total Expenses": NaN,
        "Total Operating Income As Reported": NaN,
        "Diluted Average Shares": NaN,
        "Basic Average Shares": NaN,
        "Diluted EPS": NaN,
        "Basic EPS": NaN,
        "Diluted NI Availto Com Stockholders": NaN,
        "Net Income Common Stockholders": NaN,
        "Net Income": NaN,
        "Minority Interests": NaN,
        "Net Income Including Noncontrolling Interests": NaN,
        "Net Income Continuous Operations": NaN,
        "Tax Provision": NaN,
        "Pretax Income": NaN,
        "Other Income Expense": NaN,
        "Other Non Operating Income Expenses": 2000000.0,
        "Special Income Charges": NaN,
        "Gain On Sale Of Business": NaN,
        "Restructuring And Mergern Acquisition": NaN,
        "Earnings From Equity Interest": NaN,
        "Net Non Operating Interest Income Expense": NaN,
        "Interest Expense Non Operating": NaN,
        "Operating Income": NaN,
        "Operating Expense": NaN,
        "Provision For Doubtful Accounts": NaN,
        "Depreciation Amortization Depletion Income Statement": NaN,
        "Depletion Income Statement": 178000000.0,
        "Depreciation And Amortization In Income Statement": NaN,
        "Amortization": NaN,
        "Amortization Of Intangibles Income Statement": NaN,
        "Depreciation Income Statement": NaN,
        "Selling General And Administration": NaN,
        "General And Administrative Expense": NaN,
        "Other Gand A": NaN,
        "Salaries And Wages": NaN,
        "Gross Profit": NaN,
        "Cost Of Revenue": NaN,
        "Total Revenue": NaN,
        "Operating Revenue": NaN
    },
    "2022-12-31": {
        "Tax Effect Of Unusual Items": NaN,
        "Tax Rate For Calcs": NaN,
        "Normalized EBITDA": NaN,
        "Total Unusual Items": NaN,
        "Total Unusual Items Excluding Goodwill": NaN,
        "Net Income From Continuing Operation Net Minority Interest": NaN,
        "Reconciled Depreciation": NaN,
        "Reconciled Cost Of Revenue": NaN,
        "EBITDA": NaN,
        "EBIT": NaN,
        "Net Interest Income": NaN,
        "Interest Expense": NaN,
        "Normalized Income": NaN,
        "Net Income From Continuing And Discontinued Operation": NaN,
        "Total Expenses": NaN,
        "Total Operating Income As Reported": NaN,
        "Diluted Average Shares": NaN,
        "Basic Average Shares": NaN,
        "Diluted EPS": NaN,
        "Basic EPS": NaN,
        "Diluted NI Availto Com Stockholders": NaN,
        "Net Income Common Stockholders": NaN,
        "Net Income": NaN,
        "Minority Interests": NaN,
        "Net Income Including Noncontrolling Interests": NaN,
        "Net Income Continuous Operations": NaN,
        "Tax Provision": NaN,
        "Pretax Income": NaN,
        "Other Income Expense": NaN,
        "Other Non Operating Income Expenses": 5000000.0,
        "Special Income Charges": NaN,
        "Gain On Sale Of Business": NaN,
        "Restructuring And Mergern Acquisition": NaN,
        "Earnings From Equity Interest": NaN,
        "Net Non Operating Interest Income Expense": NaN,
        "Interest Expense Non Operating": NaN,
        "Operating Income": NaN,
        "Operating Expense": NaN,
        "Provision For Doubtful Accounts": NaN,
        "Depreciation Amortization Depletion Income Statement": NaN,
        "Depletion Income Statement": NaN,
        "Depreciation And Amortization In Income Statement": NaN,
        "Amortization": NaN,
        "Amortization Of Intangibles Income Statement": NaN,
        "Depreciation Income Statement": NaN,
        "Selling General And Administration": NaN,
        "General And Administrative Expense": NaN,
        "Other Gand A": NaN,
        "Salaries And Wages": NaN,
        "Gross Profit": NaN,
        "Cost Of Revenue": NaN,
        "Total Revenue": NaN,
        "Operating Revenue": NaN
    },
    "2022-09-30": {
        "Tax Effect Of Unusual Items": NaN,
        "Tax Rate For Calcs": NaN,
        "Normalized EBITDA": NaN,
        "Total Unusual Items": NaN,
        "Total Unusual Items Excluding Goodwill": NaN,
        "Net Income From Continuing Operation Net Minority Interest": NaN,
        "Reconciled Depreciation": NaN,
        "Reconciled Cost Of Revenue": NaN,
        "EBITDA": NaN,
        "EBIT": NaN,
        "Net Interest Income": NaN,
        "Interest Expense": NaN,
        "Normalized Income": NaN,
        "Net Income From Continuing And Discontinued Operation": NaN,
        "Total Expenses": NaN,
        "Total Operating Income As Reported": NaN,
        "Diluted Average Shares": NaN,
        "Basic Average Shares": NaN,
        "Diluted EPS": NaN,
        "Basic EPS": NaN,
        "Diluted NI Availto Com Stockholders": NaN,
        "Net Income Common Stockholders": NaN,
        "Net Income": NaN,
        "Minority Interests": NaN,
        "Net Income Including Noncontrolling Interests": NaN,
        "Net Income Continuous Operations": NaN,
        "Tax Provision": NaN,
        "Pretax Income": NaN,
        "Other Income Expense": NaN,
        "Other Non Operating Income Expenses": NaN,
        "Special Income Charges": NaN,
        "Gain On Sale Of Business": NaN,
        "Restructuring And Mergern Acquisition": NaN,
        "Earnings From Equity Interest": NaN,
        "Net Non Operating Interest Income Expense": NaN,
        "Interest Expense Non Operating": NaN,
        "Operating Income": NaN,
        "Operating Expense": NaN,
        "Provision For Doubtful Accounts": NaN,
        "Depreciation Amortization Depletion Income Statement": NaN,
        "Depletion Income Statement": 184000000.0,
        "Depreciation And Amortization In Income Statement": NaN,
        "Amortization": NaN,
        "Amortization Of Intangibles Income Statement": NaN,
        "Depreciation Income Statement": NaN,
        "Selling General And Administration": NaN,
        "General And Administrative Expense": NaN,
        "Other Gand A": NaN,
        "Salaries And Wages": NaN,
        "Gross Profit": NaN,
        "Cost Of Revenue": NaN,
        "Total Revenue": NaN,
        "Operating Revenue": NaN
    },
    "2022-06-30": {
        "Tax Effect Of Unusual Items": 0.0,
        "Tax Rate For Calcs": 0.243,
        "Normalized EBITDA": 1377000000.0,
        "Total Unusual Items": 0.0,
        "Total Unusual Items Excluding Goodwill": 0.0,
        "Net Income From Continuing Operation Net Minority Interest": 587000000.0,
        "Reconciled Depreciation": 508000000.0,
        "Reconciled Cost Of Revenue": 3142000000.0,
        "EBITDA": 1377000000.0,
        "EBIT": 869000000.0,
        "Net Interest Income": -93000000.0,
        "Interest Expense": 93000000.0,
        "Normalized Income": 587000000.0,
        "Net Income From Continuing And Discontinued Operation": 587000000.0,
        "Total Expenses": 4137000000.0,
        "Total Operating Income As Reported": 890000000.0,
        "Diluted Average Shares": 416400000.0,
        "Basic Average Shares": 414400000.0,
        "Diluted EPS": 1.41,
        "Basic EPS": 1.42,
        "Diluted NI Availto Com Stockholders": 587000000.0,
        "Net Income Common Stockholders": 587000000.0,
        "Net Income": 587000000.0,
        "Minority Interests": 0.0,
        "Net Income Including Noncontrolling Interests": 587000000.0,
        "Net Income Continuous Operations": 587000000.0,
        "Tax Provision": 189000000.0,
        "Pretax Income": 776000000.0,
        "Other Income Expense": -21000000.0,
        "Other Non Operating Income Expenses": -4000000.0,
        "Special Income Charges": 0.0,
        "Gain On Sale Of Business": 0.0,
        "Restructuring And Mergern Acquisition": 0.0,
        "Earnings From Equity Interest": -17000000.0,
        "Net Non Operating Interest Income Expense": -93000000.0,
        "Interest Expense Non Operating": 93000000.0,
        "Operating Income": 890000000.0,
        "Operating Expense": 995000000.0,
        "Provision For Doubtful Accounts": 14000000.0,
        "Depreciation Amortization Depletion Income Statement": 508000000.0,
        "Depletion Income Statement": NaN,
        "Depreciation And Amortization In Income Statement": 508000000.0,
        "Amortization": 31000000.0,
        "Amortization Of Intangibles Income Statement": 31000000.0,
        "Depreciation Income Statement": 477000000.0,
        "Selling General And Administration": 473000000.0,
        "General And Administrative Expense": 473000000.0,
        "Other Gand A": 161000000.0,
        "Salaries And Wages": 312000000.0,
        "Gross Profit": 1885000000.0,
        "Cost Of Revenue": 3142000000.0,
        "Total Revenue": 5027000000.0,
        "Operating Revenue": 5027000000.0
    },
    "2023-09-30": {
        "Tax Effect Of Unusual Items": NaN,
        "Tax Rate For Calcs": NaN,
        "Normalized EBITDA": NaN,
        "Total Unusual Items": NaN,
        "Total Unusual Items Excluding Goodwill": NaN,
        "Net Income From Continuing Operation Net Minority Interest": NaN,
        "Reconciled Depreciation": NaN,
        "Reconciled Cost Of Revenue": NaN,
        "EBITDA": NaN,
        "EBIT": NaN,
        "Net Interest Income": NaN,
        "Interest Expense": NaN,
        "Normalized Income": NaN,
        "Net Income From Continuing And Discontinued Operation": NaN,
        "Total Expenses": NaN,
        "Total Operating Income As Reported": NaN,
        "Diluted Average Shares": 405900000.0,
        "Basic Average Shares": 404000000.0,
        "Diluted EPS": 1.63,
        "Basic EPS": 1.64,
        "Diluted NI Availto Com Stockholders": NaN,
        "Net Income Common Stockholders": NaN,
        "Net Income": NaN,
        "Minority Interests": NaN,
        "Net Income Including Noncontrolling Interests": NaN,
        "Net Income Continuous Operations": NaN,
        "Tax Provision": NaN,
        "Pretax Income": NaN,
        "Other Income Expense": NaN,
        "Other Non Operating Income Expenses": -4000000.0,
        "Special Income Charges": NaN,
        "Gain On Sale Of Business": NaN,
        "Restructuring And Mergern Acquisition": NaN,
        "Earnings From Equity Interest": NaN,
        "Net Non Operating Interest Income Expense": NaN,
        "Interest Expense Non Operating": NaN,
        "Operating Income": NaN,
        "Operating Expense": NaN,
        "Provision For Doubtful Accounts": NaN,
        "Depreciation Amortization Depletion Income Statement": NaN,
        "Depletion Income Statement": 188000000.0,
        "Depreciation And Amortization In Income Statement": NaN,
        "Amortization": NaN,
        "Amortization Of Intangibles Income Statement": NaN,
        "Depreciation Income Statement": NaN,
        "Selling General And Administration": NaN,
        "General And Administrative Expense": NaN,
        "Other Gand A": NaN,
        "Salaries And Wages": NaN,
        "Gross Profit": NaN,
        "Cost Of Revenue": NaN,
        "Total Revenue": NaN,
        "Operating Revenue": NaN
    },
    "2023-12-31": {
        "Tax Effect Of Unusual Items": NaN,
        "Tax Rate For Calcs": NaN,
        "Normalized EBITDA": NaN,
        "Total Unusual Items": NaN,
        "Total Unusual Items Excluding Goodwill": NaN,
        "Net Income From Continuing Operation Net Minority Interest": NaN,
        "Reconciled Depreciation": NaN,
        "Reconciled Cost Of Revenue": NaN,
        "EBITDA": NaN,
        "EBIT": NaN,
        "Net Interest Income": NaN,
        "Interest Expense": NaN,
        "Normalized Income": NaN,
        "Net Income From Continuing And Discontinued Operation": NaN,
        "Total Expenses": NaN,
        "Total Operating Income As Reported": NaN,
        "Diluted Average Shares": NaN,
        "Basic Average Shares": NaN,
        "Diluted EPS": NaN,
        "Basic EPS": NaN,
        "Diluted NI Availto Com Stockholders": NaN,
        "Net Income Common Stockholders": NaN,
        "Net Income": NaN,
        "Minority Interests": NaN,
        "Net Income Including Noncontrolling Interests": NaN,
        "Net Income Continuous Operations": NaN,
        "Tax Provision": NaN,
        "Pretax Income": NaN,
        "Other Income Expense": NaN,
        "Other Non Operating Income Expenses": NaN,
        "Special Income Charges": NaN,
        "Gain On Sale Of Business": NaN,
        "Restructuring And Mergern Acquisition": NaN,
        "Earnings From Equity Interest": NaN,
        "Net Non Operating Interest Income Expense": NaN,
        "Interest Expense Non Operating": NaN,
        "Operating Income": NaN,
        "Operating Expense": NaN,
        "Provision For Doubtful Accounts": NaN,
        "Depreciation Amortization Depletion Income Statement": NaN,
        "Depletion Income Statement": 191000000.0,
        "Depreciation And Amortization In Income Statement": NaN,
        "Amortization": NaN,
        "Amortization Of Intangibles Income Statement": NaN,
        "Depreciation Income Statement": NaN,
        "Selling General And Administration": NaN,
        "General And Administrative Expense": NaN,
        "Other Gand A": NaN,
        "Salaries And Wages": NaN,
        "Gross Profit": NaN,
        "Cost Of Revenue": NaN,
        "Total Revenue": NaN,
        "Operating Revenue": NaN
    },
    "2024-03-31": {
        "Tax Effect Of Unusual Items": 372000.0,
        "Tax Rate For Calcs": 0.186,
        "Normalized EBITDA": 1511000000.0,
        "Total Unusual Items": 2000000.0,
        "Total Unusual Items Excluding Goodwill": 2000000.0,
        "Net Income From Continuing Operation Net Minority Interest": 708000000.0,
        "Reconciled Depreciation": 514000000.0,
        "Reconciled Cost Of Revenue": 3140000000.0,
        "EBITDA": 1513000000.0,
        "EBIT": 999000000.0,
        "Net Interest Income": -130000000.0,
        "Interest Expense": 130000000.0,
        "Normalized Income": 706372000.0,
        "Net Income From Continuing And Discontinued Operation": 708000000.0,
        "Total Expenses": 4145000000.0,
        "Total Operating Income As Reported": 1016000000.0,
        "Diluted Average Shares": 403500000.0,
        "Basic Average Shares": 401700000.0,
        "Diluted EPS": 1.75,
        "Basic EPS": 1.76,
        "Diluted NI Availto Com Stockholders": 708000000.0,
        "Net Income Common Stockholders": 708000000.0,
        "Net Income": 708000000.0,
        "Minority Interests": 1000000.0,
        "Net Income Including Noncontrolling Interests": 707000000.0,
        "Net Income Continuous Operations": 707000000.0,
        "Tax Provision": 162000000.0,
        "Pretax Income": 869000000.0,
        "Other Income Expense": -15000000.0,
        "Other Non Operating Income Expenses": 2000000.0,
        "Special Income Charges": 2000000.0,
        "Gain On Sale Of Business": 2000000.0,
        "Restructuring And Mergern Acquisition": 0.0,
        "Earnings From Equity Interest": -19000000.0,
        "Net Non Operating Interest Income Expense": -130000000.0,
        "Interest Expense Non Operating": 130000000.0,
        "Operating Income": 1014000000.0,
        "Operating Expense": 1005000000.0,
        "Provision For Doubtful Accounts": 10000000.0,
        "Depreciation Amortization Depletion Income Statement": 514000000.0,
        "Depletion Income Statement": 176000000.0,
        "Depreciation And Amortization In Income Statement": 338000000.0,
        "Amortization": 30000000.0,
        "Amortization Of Intangibles Income Statement": 30000000.0,
        "Depreciation Income Statement": 308000000.0,
        "Selling General And Administration": 481000000.0,
        "General And Administrative Expense": 481000000.0,
        "Other Gand A": 160000000.0,
        "Salaries And Wages": 321000000.0,
        "Gross Profit": 2019000000.0,
        "Cost Of Revenue": 3140000000.0,
        "Total Revenue": 5159000000.0,
        "Operating Revenue": 5159000000.0
    },
    "2024-06-30": {
        "Tax Effect Of Unusual Items": -13862000.0,
        "Tax Rate For Calcs": 0.239,
        "Normalized EBITDA": 1631000000.0,
        "Total Unusual Items": -58000000.0,
        "Total Unusual Items Excluding Goodwill": -58000000.0,
        "Net Income From Continuing Operation Net Minority Interest": 680000000.0,
        "Reconciled Depreciation": 543000000.0,
        "Reconciled Cost Of Revenue": 3291000000.0,
        "EBITDA": 1573000000.0,
        "EBIT": 1030000000.0,
        "Net Interest Income": -136000000.0,
        "Interest Expense": 136000000.0,
        "Normalized Income": 724138000.0,
        "Net Income From Continuing And Discontinued Operation": 680000000.0,
        "Total Expenses": 4335000000.0,
        "Total Operating Income As Reported": 1009000000.0,
        "Diluted Average Shares": 403200000.0,
        "Basic Average Shares": 401300000.0,
        "Diluted EPS": 1.69,
        "Basic EPS": 1.7,
        "Diluted NI Availto Com Stockholders": 680000000.0,
        "Net Income Common Stockholders": 680000000.0,
        "Net Income": 680000000.0,
        "Minority Interests": 0.0,
        "Net Income Including Noncontrolling Interests": 680000000.0,
        "Net Income Continuous Operations": 680000000.0,
        "Tax Provision": 214000000.0,
        "Pretax Income": 894000000.0,
        "Other Income Expense": -37000000.0,
        "Other Non Operating Income Expenses": -1000000.0,
        "Special Income Charges": -58000000.0,
        "Gain On Sale Of Business": -58000000.0,
        "Restructuring And Mergern Acquisition": 0.0,
        "Earnings From Equity Interest": 22000000.0,
        "Net Non Operating Interest Income Expense": -136000000.0,
        "Interest Expense Non Operating": 136000000.0,
        "Operating Income": 1067000000.0,
        "Operating Expense": 1044000000.0,
        "Provision For Doubtful Accounts": 16000000.0,
        "Depreciation Amortization Depletion Income Statement": 543000000.0,
        "Depletion Income Statement": 201000000.0,
        "Depreciation And Amortization In Income Statement": 342000000.0,
        "Amortization": 30000000.0,
        "Amortization Of Intangibles Income Statement": 30000000.0,
        "Depreciation Income Statement": 312000000.0,
        "Selling General And Administration": 485000000.0,
        "General And Administrative Expense": 485000000.0,
        "Other Gand A": 169000000.0,
        "Salaries And Wages": 316000000.0,
        "Gross Profit": 2111000000.0,
        "Cost Of Revenue": 3291000000.0,
        "Total Revenue": 5402000000.0,
        "Operating Revenue": 5402000000.0
    },
    "2024-09-30": {
        "Tax Effect Of Unusual Items": -1888000.0,
        "Tax Rate For Calcs": 0.236,
        "Normalized EBITDA": 1692000000.0,
        "Total Unusual Items": -8000000.0,
        "Total Unusual Items Excluding Goodwill": -8000000.0,
        "Net Income From Continuing Operation Net Minority Interest": 760000000.0,
        "Reconciled Depreciation": 558000000.0,
        "Reconciled Cost Of Revenue": 3399000000.0,
        "EBITDA": 1684000000.0,
        "EBIT": 1126000000.0,
        "Net Interest Income": -131000000.0,
        "Interest Expense": 131000000.0,
        "Normalized Income": 766112000.0,
        "Net Income From Continuing And Discontinued Operation": 760000000.0,
        "Total Expenses": 4482000000.0,
        "Total Operating Income As Reported": 1119000000.0,
        "Diluted Average Shares": 403200000.0,
        "Basic Average Shares": 401500000.0,
        "Diluted EPS": 1.88,
        "Basic EPS": 1.89,
        "Diluted NI Availto Com Stockholders": 760000000.0,
        "Net Income Common Stockholders": 760000000.0,
        "Net Income": 760000000.0,
        "Minority Interests": 0.0,
        "Net Income Including Noncontrolling Interests": 760000000.0,
        "Net Income Continuous Operations": 760000000.0,
        "Tax Provision": 235000000.0,
        "Pretax Income": 995000000.0,
        "Other Income Expense": -1000000.0,
        "Other Non Operating Income Expenses": 6000000.0,
        "Special Income Charges": -8000000.0,
        "Gain On Sale Of Business": -6000000.0,
        "Restructuring And Mergern Acquisition": 2000000.0,
        "Earnings From Equity Interest": 1000000.0,
        "Net Non Operating Interest Income Expense": -131000000.0,
        "Interest Expense Non Operating": 131000000.0,
        "Operating Income": 1127000000.0,
        "Operating Expense": 1083000000.0,
        "Provision For Doubtful Accounts": 11000000.0,
        "Depreciation Amortization Depletion Income Statement": 558000000.0,
        "Depletion Income Statement": 203000000.0,
        "Depreciation And Amortization In Income Statement": 355000000.0,
        "Amortization": 32000000.0,
        "Amortization Of Intangibles Income Statement": 32000000.0,
        "Depreciation Income Statement": 323000000.0,
        "Selling General And Administration": 514000000.0,
        "General And Administrative Expense": 514000000.0,
        "Other Gand A": 190000000.0,
        "Salaries And Wages": 324000000.0,
        "Gross Profit": 2210000000.0,
        "Cost Of Revenue": 3399000000.0,
        "Total Revenue": 5609000000.0,
        "Operating Revenue": 5609000000.0
    },
    "2024-12-31": {
        "Tax Effect Of Unusual Items": -4225714.285714,
        "Tax Rate For Calcs": 0.145714,
        "Normalized EBITDA": 1582000000.0,
        "Total Unusual Items": -29000000.0,
        "Total Unusual Items Excluding Goodwill": -29000000.0,
        "Net Income From Continuing Operation Net Minority Interest": 598000000.0,
        "Reconciled Depreciation": 652000000.0,
        "Reconciled Cost Of Revenue": 3553000000.0,
        "EBITDA": 1553000000.0,
        "EBIT": 901000000.0,
        "Net Interest Income": -201000000.0,
        "Interest Expense": 201000000.0,
        "Normalized Income": 622774285.714286,
        "Net Income From Continuing And Discontinued Operation": 598000000.0,
        "Total Expenses": 4952000000.0,
        "Total Operating Income As Reported": 919000000.0,
        "Diluted Average Shares": 403600000.0,
        "Basic Average Shares": 401600000.0,
        "Diluted EPS": 1.48,
        "Basic EPS": 1.49,
        "Diluted NI Availto Com Stockholders": 598000000.0,
        "Net Income Common Stockholders": 598000000.0,
        "Net Income": 598000000.0,
        "Minority Interests": 0.0,
        "Net Income Including Noncontrolling Interests": 598000000.0,
        "Net Income Continuous Operations": 598000000.0,
        "Tax Provision": 102000000.0,
        "Pretax Income": 700000000.0,
        "Other Income Expense": -40000000.0,
        "Other Non Operating Income Expenses": -11000000.0,
        "Special Income Charges": -29000000.0,
        "Gain On Sale Of Business": 88000000.0,
        "Restructuring And Mergern Acquisition": 2000000.0,
        "Earnings From Equity Interest": 0.0,
        "Net Non Operating Interest Income Expense": -201000000.0,
        "Interest Expense Non Operating": 201000000.0,
        "Operating Income": 941000000.0,
        "Operating Expense": 1399000000.0,
        "Provision For Doubtful Accounts": 14000000.0,
        "Depreciation Amortization Depletion Income Statement": 652000000.0,
        "Depletion Income Statement": NaN,
        "Depreciation And Amortization In Income Statement": 1232000000.0,
        "Amortization": 88000000.0,
        "Amortization Of Intangibles Income Statement": 88000000.0,
        "Depreciation Income Statement": 1144000000.0,
        "Selling General And Administration": 733000000.0,
        "General And Administrative Expense": 733000000.0,
        "Other Gand A": 294000000.0,
        "Salaries And Wages": 439000000.0,
        "Gross Profit": 2340000000.0,
        "Cost Of Revenue": 3553000000.0,
        "Total Revenue": 5893000000.0,
        "Operating Revenue": 5893000000.0
    },
    "2025-03-31": {
        "Tax Effect Of Unusual Items": -2880000.0,
        "Tax Rate For Calcs": 0.192,
        "Normalized EBITDA": 1691000000.0,
        "Total Unusual Items": -15000000.0,
        "Total Unusual Items Excluding Goodwill": -15000000.0,
        "Net Income From Continuing Operation Net Minority Interest": 637000000.0,
        "Reconciled Depreciation": 656000000.0,
        "Reconciled Cost Of Revenue": 3647000000.0,
        "EBITDA": 1676000000.0,
        "EBIT": 1020000000.0,
        "Net Interest Income": -232000000.0,
        "Interest Expense": 232000000.0,
        "Normalized Income": 649120000.0,
        "Net Income From Continuing And Discontinued Operation": 637000000.0,
        "Total Expenses": 4990000000.0,
        "Total Operating Income As Reported": 1013000000.0,
        "Diluted Average Shares": 403900000.0,
        "Basic Average Shares": 402300000.0,
        "Diluted EPS": 1.58,
        "Basic EPS": 1.58,
        "Diluted NI Availto Com Stockholders": 637000000.0,
        "Net Income Common Stockholders": 637000000.0,
        "Net Income": 637000000.0,
        "Minority Interests": 0.0,
        "Net Income Including Noncontrolling Interests": 637000000.0,
        "Net Income Continuous Operations": 637000000.0,
        "Tax Provision": 151000000.0,
        "Pretax Income": 788000000.0,
        "Other Income Expense": -8000000.0,
        "Other Non Operating Income Expenses": 2000000.0,
        "Special Income Charges": -15000000.0,
        "Gain On Sale Of Business": -2000000.0,
        "Restructuring And Mergern Acquisition": 13000000.0,
        "Earnings From Equity Interest": 5000000.0,
        "Net Non Operating Interest Income Expense": -232000000.0,
        "Interest Expense Non Operating": 232000000.0,
        "Operating Income": 1028000000.0,
        "Operating Expense": 1343000000.0,
        "Provision For Doubtful Accounts": 19000000.0,
        "Depreciation Amortization Depletion Income Statement": 656000000.0,
        "Depletion Income Statement": 183000000.0,
        "Depreciation And Amortization In Income Statement": 473000000.0,
        "Amortization": 102000000.0,
        "Amortization Of Intangibles Income Statement": 102000000.0,
        "Depreciation Income Statement": 371000000.0,
        "Selling General And Administration": 668000000.0,
        "General And Administrative Expense": 668000000.0,
        "Other Gand A": 241000000.0,
        "Salaries And Wages": 427000000.0,
        "Gross Profit": 2371000000.0,
        "Cost Of Revenue": 3647000000.0,
        "Total Revenue": 6018000000.0,
        "Operating Revenue": 6018000000.0
    }
}