{
    "2023-03-31": {
        "Tax Effect Of Unusual Items": NaN,
        "Tax Rate For Calcs": NaN,
        "Normalized EBITDA": NaN,
        "Total Unusual Items": NaN,
        "Total Unusual Items Excluding Goodwill": NaN,
        "Net Income From Continuing Operation Net Minority Interest": NaN,
        "Reconciled Depreciation": NaN,
        "Reconciled Cost Of Revenue": NaN,
        "EBITDA": NaN,
        "EBIT": NaN,
        "Net Interest Income": NaN,
        "Interest Expense": NaN,
        "Normalized Income": NaN,
        "Net Income From Continuing And Discontinued Operation": NaN,
        "Total Expenses": NaN,
        "Total Operating Income As Reported": NaN,
        "Diluted Average Shares": NaN,
        "Basic Average Shares": NaN,
        "Diluted EPS": NaN,
        "Basic EPS": NaN,
        "Diluted NI Availto Com Stockholders": NaN,
        "Net Income Common Stockholders": NaN,
        "Preferred Stock Dividends": 1000000.0,
        "Net Income": NaN,
        "Minority Interests": NaN,
        "Net Income Including Noncontrolling Interests": NaN,
        "Net Income Discontinuous Operations": NaN,
        "Net Income Continuous Operations": NaN,
        "Tax Provision": NaN,
        "Pretax Income": NaN,
        "Other Income Expense": NaN,
        "Other Non Operating Income Expenses": NaN,
        "Special Income Charges": NaN,
        "Gain On Sale Of Business": NaN,
        "Earnings From Equity Interest": NaN,
        "Gain On Sale Of Security": NaN,
        "Net Non Operating Interest Income Expense": NaN,
        "Interest Expense Non Operating": NaN,
        "Operating Income": NaN,
        "Operating Expense": NaN,
        "Other Operating Expenses": NaN,
        "Selling General And Administration": NaN,
        "Gross Profit": NaN,
        "Cost Of Revenue": NaN,
        "Total Revenue": NaN,
        "Operating Revenue": NaN
    },
    "2022-12-31": {
        "Tax Effect Of Unusual Items": NaN,
        "Tax Rate For Calcs": NaN,
        "Normalized EBITDA": NaN,
        "Total Unusual Items": NaN,
        "Total Unusual Items Excluding Goodwill": NaN,
        "Net Income From Continuing Operation Net Minority Interest": NaN,
        "Reconciled Depreciation": NaN,
        "Reconciled Cost Of Revenue": NaN,
        "EBITDA": NaN,
        "EBIT": NaN,
        "Net Interest Income": NaN,
        "Interest Expense": NaN,
        "Normalized Income": NaN,
        "Net Income From Continuing And Discontinued Operation": NaN,
        "Total Expenses": NaN,
        "Total Operating Income As Reported": NaN,
        "Diluted Average Shares": NaN,
        "Basic Average Shares": NaN,
        "Diluted EPS": NaN,
        "Basic EPS": NaN,
        "Diluted NI Availto Com Stockholders": NaN,
        "Net Income Common Stockholders": NaN,
        "Preferred Stock Dividends": 1000000.0,
        "Net Income": NaN,
        "Minority Interests": NaN,
        "Net Income Including Noncontrolling Interests": NaN,
        "Net Income Discontinuous Operations": NaN,
        "Net Income Continuous Operations": NaN,
        "Tax Provision": NaN,
        "Pretax Income": NaN,
        "Other Income Expense": NaN,
        "Other Non Operating Income Expenses": NaN,
        "Special Income Charges": NaN,
        "Gain On Sale Of Business": NaN,
        "Earnings From Equity Interest": NaN,
        "Gain On Sale Of Security": NaN,
        "Net Non Operating Interest Income Expense": NaN,
        "Interest Expense Non Operating": NaN,
        "Operating Income": NaN,
        "Operating Expense": NaN,
        "Other Operating Expenses": NaN,
        "Selling General And Administration": NaN,
        "Gross Profit": NaN,
        "Cost Of Revenue": NaN,
        "Total Revenue": NaN,
        "Operating Revenue": NaN
    },
    "2022-09-30": {
        "Tax Effect Of Unusual Items": NaN,
        "Tax Rate For Calcs": NaN,
        "Normalized EBITDA": NaN,
        "Total Unusual Items": NaN,
        "Total Unusual Items Excluding Goodwill": NaN,
        "Net Income From Continuing Operation Net Minority Interest": NaN,
        "Reconciled Depreciation": NaN,
        "Reconciled Cost Of Revenue": NaN,
        "EBITDA": NaN,
        "EBIT": NaN,
        "Net Interest Income": NaN,
        "Interest Expense": NaN,
        "Normalized Income": NaN,
        "Net Income From Continuing And Discontinued Operation": NaN,
        "Total Expenses": NaN,
        "Total Operating Income As Reported": NaN,
        "Diluted Average Shares": 1222472000.0,
        "Basic Average Shares": 1218964000.0,
        "Diluted EPS": 0.49,
        "Basic EPS": 0.49,
        "Diluted NI Availto Com Stockholders": NaN,
        "Net Income Common Stockholders": NaN,
        "Preferred Stock Dividends": NaN,
        "Net Income": NaN,
        "Minority Interests": NaN,
        "Net Income Including Noncontrolling Interests": NaN,
        "Net Income Discontinuous Operations": 0.0,
        "Net Income Continuous Operations": NaN,
        "Tax Provision": NaN,
        "Pretax Income": NaN,
        "Other Income Expense": NaN,
        "Other Non Operating Income Expenses": NaN,
        "Special Income Charges": 0.0,
        "Gain On Sale Of Business": 0.0,
        "Earnings From Equity Interest": NaN,
        "Gain On Sale Of Security": NaN,
        "Net Non Operating Interest Income Expense": NaN,
        "Interest Expense Non Operating": NaN,
        "Operating Income": NaN,
        "Operating Expense": NaN,
        "Other Operating Expenses": NaN,
        "Selling General And Administration": NaN,
        "Gross Profit": NaN,
        "Cost Of Revenue": NaN,
        "Total Revenue": NaN,
        "Operating Revenue": NaN
    },
    "2022-06-30": {
        "Tax Effect Of Unusual Items": 800000.0,
        "Tax Rate For Calcs": 0.4,
        "Normalized EBITDA": 1147000000.0,
        "Total Unusual Items": 2000000.0,
        "Total Unusual Items Excluding Goodwill": 2000000.0,
        "Net Income From Continuing Operation Net Minority Interest": 400000000.0,
        "Reconciled Depreciation": 506000000.0,
        "Reconciled Cost Of Revenue": 1868000000.0,
        "EBITDA": 1149000000.0,
        "EBIT": 643000000.0,
        "Net Interest Income": -281000000.0,
        "Interest Expense": 281000000.0,
        "Normalized Income": 398800000.0,
        "Net Income From Continuing And Discontinued Operation": 400000000.0,
        "Total Expenses": 2018000000.0,
        "Total Operating Income As Reported": 472000000.0,
        "Diluted Average Shares": 1222694000.0,
        "Basic Average Shares": 1218678000.0,
        "Diluted EPS": 0.33,
        "Basic EPS": 0.33,
        "Diluted NI Availto Com Stockholders": 400000000.0,
        "Net Income Common Stockholders": 400000000.0,
        "Preferred Stock Dividends": NaN,
        "Net Income": 400000000.0,
        "Minority Interests": -7000000.0,
        "Net Income Including Noncontrolling Interests": 407000000.0,
        "Net Income Discontinuous Operations": NaN,
        "Net Income Continuous Operations": 407000000.0,
        "Tax Provision": -45000000.0,
        "Pretax Income": 362000000.0,
        "Other Income Expense": 171000000.0,
        "Other Non Operating Income Expenses": 6000000.0,
        "Earnings From Equity Interest": 163000000.0,
        "Gain On Sale Of Security": 2000000.0,
        "Net Non Operating Interest Income Expense": -281000000.0,
        "Interest Expense Non Operating": 281000000.0,
        "Operating Income": 472000000.0,
        "Operating Expense": 150000000.0,
        "Other Operating Expenses": -10000000.0,
        "Selling General And Administration": 160000000.0,
        "Gross Profit": 622000000.0,
        "Cost Of Revenue": 1868000000.0,
        "Total Revenue": 2490000000.0,
        "Operating Revenue": 2803000000.0
    },
    "2023-06-30": {
        "Tax Effect Of Unusual Items": NaN,
        "Tax Rate For Calcs": NaN,
        "Normalized EBITDA": NaN,
        "Total Unusual Items": NaN,
        "Total Unusual Items Excluding Goodwill": NaN,
        "Net Income From Continuing Operation Net Minority Interest": NaN,
        "Reconciled Depreciation": NaN,
        "Reconciled Cost Of Revenue": NaN,
        "EBITDA": NaN,
        "EBIT": NaN,
        "Net Interest Income": NaN,
        "Interest Expense": NaN,
        "Normalized Income": NaN,
        "Net Income From Continuing And Discontinued Operation": NaN,
        "Total Expenses": NaN,
        "Total Operating Income As Reported": NaN,
        "Diluted Average Shares": 1219915000.0,
        "Basic Average Shares": 1217673000.0,
        "Diluted EPS": 0.38,
        "Basic EPS": 0.38,
        "Diluted NI Availto Com Stockholders": NaN,
        "Net Income Common Stockholders": NaN,
        "Preferred Stock Dividends": NaN,
        "Net Income": NaN,
        "Minority Interests": NaN,
        "Net Income Including Noncontrolling Interests": NaN,
        "Net Income Discontinuous Operations": NaN,
        "Net Income Continuous Operations": NaN,
        "Tax Provision": NaN,
        "Pretax Income": NaN,
        "Other Income Expense": NaN,
        "Other Non Operating Income Expenses": NaN,
        "Special Income Charges": NaN,
        "Gain On Sale Of Business": NaN,
        "Earnings From Equity Interest": NaN,
        "Gain On Sale Of Security": NaN,
        "Net Non Operating Interest Income Expense": NaN,
        "Interest Expense Non Operating": NaN,
        "Operating Income": NaN,
        "Operating Expense": NaN,
        "Other Operating Expenses": NaN,
        "Selling General And Administration": NaN,
        "Gross Profit": NaN,
        "Cost Of Revenue": NaN,
        "Total Revenue": NaN,
        "Operating Revenue": NaN
    },
    "2022-03-31": {
        "Diluted EPS": 0.31,
        "Total Revenue": NaN,
        "Gross Profit": NaN,
        "Operating Income": 654,
        "EBIT": NaN,
        "Net Income": 379
    },
    "2021-12-31": {
        "Diluted EPS": 0.51,
        "Total Revenue": NaN,
        "Gross Profit": NaN,
        "Operating Income": 937,
        "EBIT": NaN,
        "Net Income": 621
    },
    "2021-09-30": {
        "Diluted EPS": 0.13,
        "Total Revenue": NaN,
        "Gross Profit": NaN,
        "Operating Income": 355,
        "EBIT": 863,
        "Net Income": 164
    },
    "2021-06-30": {
        "Diluted EPS": 0.25,
        "Total Revenue": NaN,
        "Gross Profit": NaN,
        "Operating Income": 600,
        "EBIT": NaN,
        "Net Income": 304
    },
    "2021-03-31": {
        "Diluted EPS": 0.35,
        "Total Revenue": NaN,
        "Gross Profit": NaN,
        "Operating Income": 739,
        "EBIT": NaN,
        "Net Income": 425
    },
    "2020-12-31": {
        "Diluted EPS": 0.1,
        "Total Revenue": NaN,
        "Gross Profit": NaN,
        "Operating Income": 518,
        "EBIT": 967,
        "Net Income": 115
    },
    "2020-09-30": {
        "Diluted EPS": 0.25,
        "Total Revenue": NaN,
        "Gross Profit": NaN,
        "Operating Income": 641,
        "EBIT": NaN,
        "Net Income": 308
    },
    "2020-06-30": {
        "Diluted EPS": 0.25,
        "Total Revenue": NaN,
        "Gross Profit": NaN,
        "Operating Income": 612,
        "EBIT": NaN,
        "Net Income": 303
    },
    "2020-03-31": {
        "Diluted EPS": -0.43,
        "Total Revenue": NaN,
        "Gross Profit": NaN,
        "Operating Income": 431,
        "EBIT": NaN,
        "Net Income": -518
    },
    "2019-12-31": {
        "Diluted EPS": 0.1,
        "Total Revenue": NaN,
        "Gross Profit": NaN,
        "Operating Income": 234,
        "EBIT": 673,
        "Net Income": 123
    },
    "2019-09-30": {
        "Diluted EPS": 0.18,
        "Total Revenue": NaN,
        "Gross Profit": NaN,
        "Operating Income": 628,
        "EBIT": NaN,
        "Net Income": 220
    },
    "2019-06-30": {
        "Diluted EPS": 0.26,
        "Total Revenue": NaN,
        "Gross Profit": NaN,
        "Operating Income": 498,
        "EBIT": 938,
        "Net Income": 310
    },
    "2019-03-31": {
        "Diluted EPS": 0.16,
        "Total Revenue": NaN,
        "Gross Profit": NaN,
        "Operating Income": 561,
        "EBIT": 991,
        "Net Income": 194
    },
    "2018-12-31": {
        "Diluted EPS": -0.63,
        "Total Revenue": NaN,
        "Gross Profit": NaN,
        "Operating Income": -634,
        "EBIT": -187,
        "Net Income": -572
    },
    "2018-09-30": {
        "Diluted EPS": 0.13,
        "Total Revenue": NaN,
        "Gross Profit": NaN,
        "Operating Income": 501,
        "EBIT": 969,
        "Net Income": 129
    },
    "2018-06-30": {
        "Diluted EPS": 0.16,
        "Total Revenue": NaN,
        "Gross Profit": NaN,
        "Operating Income": 410,
        "EBIT": 830,
        "Net Income": 135
    },
    "2018-03-31": {
        "Diluted EPS": 0.18,
        "Total Revenue": NaN,
        "Gross Profit": NaN,
        "Operating Income": 491,
        "EBIT": 936,
        "Net Income": 152
    },
    "2017-12-31": {
        "Diluted EPS": 2.03,
        "Total Revenue": NaN,
        "Gross Profit": NaN,
        "Operating Income": -155,
        "EBIT": 290,
        "Net Income": NaN
    },
    "2017-09-30": {
        "Diluted EPS": 0.04,
        "Total Revenue": NaN,
        "Gross Profit": NaN,
        "Operating Income": 274,
        "EBIT": 724,
        "Net Income": 33
    },
    "2017-06-30": {
        "Diluted EPS": 0.1,
        "Total Revenue": NaN,
        "Gross Profit": NaN,
        "Operating Income": 378,
        "EBIT": 834,
        "Net Income": 81
    },
    "2017-03-31": {
        "Diluted EPS": 0.45,
        "Total Revenue": NaN,
        "Gross Profit": NaN,
        "Operating Income": 430,
        "EBIT": 893,
        "Net Income": 373
    },
    "2016-12-31": {
        "Diluted EPS": -0.02,
        "Total Revenue": NaN,
        "Gross Profit": NaN,
        "Operating Income": 570,
        "EBIT": NaN,
        "Net Income": -15
    },
    "2016-09-30": {
        "Diluted EPS": 0.08,
        "Total Revenue": NaN,
        "Gross Profit": NaN,
        "Operating Income": 345,
        "EBIT": 801,
        "Net Income": 61
    },
    "2016-06-30": {
        "Diluted EPS": -0.54,
        "Total Revenue": NaN,
        "Gross Profit": NaN,
        "Operating Income": -488,
        "EBIT": -29,
        "Net Income": -405
    },
    "2016-03-31": {
        "Diluted EPS": -0.09,
        "Total Revenue": NaN,
        "Gross Profit": NaN,
        "Operating Income": 262,
        "EBIT": 728,
        "Net Income": -65
    },
    "2015-12-31": {
        "Diluted EPS": -0.95,
        "Total Revenue": NaN,
        "Gross Profit": NaN,
        "Operating Income": -749,
        "EBIT": 735,
        "Net Income": -715
    },
    "2015-09-30": {
        "Diluted EPS": -0.05,
        "Total Revenue": NaN,
        "Gross Profit": NaN,
        "Operating Income": 356,
        "EBIT": 807,
        "Net Income": -40
    },
    "2015-06-30": {
        "Diluted EPS": 0.15,
        "Total Revenue": NaN,
        "Gross Profit": NaN,
        "Operating Income": 392,
        "EBIT": 843,
        "Net Income": 114
    },
    "2015-03-31": {
        "Diluted EPS": 0.09,
        "Total Revenue": NaN,
        "Gross Profit": NaN,
        "Operating Income": 227,
        "EBIT": 677,
        "Net Income": 70
    },
    "2014-12-31": {
        "Diluted EPS": 0.35,
        "Total Revenue": NaN,
        "Gross Profit": NaN,
        "Operating Income": 531,
        "EBIT": 927,
        "Net Income": 193
    },
    "2014-09-30": {
        "Diluted EPS": 2.22,
        "Total Revenue": NaN,
        "Gross Profit": NaN,
        "Operating Income": 307,
        "EBIT": 689,
        "Net Income": NaN
    },
    "2014-06-30": {
        "Diluted EPS": 0.15,
        "Total Revenue": NaN,
        "Gross Profit": 954,
        "Operating Income": 311,
        "EBIT": 537,
        "Net Income": 103
    },
    "2014-03-31": {
        "Diluted EPS": 0.2,
        "Total Revenue": NaN,
        "Gross Profit": 980,
        "Operating Income": 420,
        "EBIT": 645,
        "Net Income": 140
    },
    "2013-12-31": {
        "Diluted EPS": -0.02,
        "Total Revenue": NaN,
        "Gross Profit": 934,
        "Operating Income": 263,
        "EBIT": 444,
        "Net Income": -14
    },
    "2013-09-30": {
        "Diluted EPS": 0.2,
        "Total Revenue": NaN,
        "Gross Profit": 913,
        "Operating Income": 336,
        "EBIT": 551,
        "Net Income": 141
    },
    "2013-06-30": {
        "Diluted EPS": 0.21,
        "Total Revenue": NaN,
        "Gross Profit": 966,
        "Operating Income": 350,
        "EBIT": 559,
        "Net Income": 142
    },
    "2013-03-31": {
        "Diluted EPS": 0.23,
        "Total Revenue": NaN,
        "Gross Profit": NaN,
        "Operating Income": 426,
        "EBIT": 636,
        "Net Income": 161
    },
    "2012-12-31": {
        "Diluted EPS": 0.21,
        "Total Revenue": NaN,
        "Gross Profit": NaN,
        "Operating Income": 380,
        "EBIT": 600,
        "Net Income": 149
    },
    "2012-09-30": {
        "Diluted EPS": 0.25,
        "Total Revenue": NaN,
        "Gross Profit": 981,
        "Operating Income": 373,
        "EBIT": 578,
        "Net Income": 155
    },
    "2012-06-30": {
        "Diluted EPS": 0.21,
        "Total Revenue": NaN,
        "Gross Profit": 946,
        "Operating Income": 332,
        "EBIT": 522,
        "Net Income": 132
    },
    "2012-03-31": {
        "Diluted EPS": 0.7,
        "Total Revenue": NaN,
        "Gross Profit": NaN,
        "Operating Income": 527,
        "EBIT": 704,
        "Net Income": 423
    },
    "2011-12-31": {
        "Diluted EPS": -0.75,
        "Total Revenue": NaN,
        "Gross Profit": NaN,
        "Operating Income": 511,
        "EBIT": 939,
        "Net Income": -444
    },
    "2011-09-30": {
        "Diluted EPS": 0.46,
        "Total Revenue": NaN,
        "Gross Profit": NaN,
        "Operating Income": 457,
        "EBIT": 886,
        "Net Income": 272
    },
    "2011-06-30": {
        "Diluted EPS": 0.38,
        "Total Revenue": NaN,
        "Gross Profit": NaN,
        "Operating Income": 460,
        "EBIT": 874,
        "Net Income": 227
    },
    "2011-03-31": {
        "Diluted EPS": 0.54,
        "Total Revenue": NaN,
        "Gross Profit": NaN,
        "Operating Income": 439,
        "EBIT": 834,
        "Net Income": 321
    },
    "2010-12-31": {
        "Diluted EPS": 0.29,
        "Total Revenue": NaN,
        "Gross Profit": NaN,
        "Operating Income": 383,
        "EBIT": 800,
        "Net Income": 174
    },
    "2010-09-30": {
        "Diluted EPS": -2.16,
        "Total Revenue": NaN,
        "Gross Profit": NaN,
        "Operating Income": NaN,
        "EBIT": -905,
        "Net Income": NaN
    },
    "2010-06-30": {
        "Diluted EPS": 0.31,
        "Total Revenue": NaN,
        "Gross Profit": NaN,
        "Operating Income": 416,
        "EBIT": 794,
        "Net Income": 185
    },
    "2010-03-31": {
        "Diluted EPS": -0.33,
        "Total Revenue": NaN,
        "Gross Profit": NaN,
        "Operating Income": 479,
        "EBIT": 854,
        "Net Income": -193
    },
    "2009-12-31": {
        "Diluted EPS": 0.29,
        "Total Revenue": NaN,
        "Gross Profit": NaN,
        "Operating Income": 456,
        "EBIT": 845,
        "Net Income": 172
    },
    "2009-09-30": {
        "Diluted EPS": 0.24,
        "Total Revenue": NaN,
        "Gross Profit": NaN,
        "Operating Income": 394,
        "EBIT": 766,
        "Net Income": 143
    },
    "2009-06-30": {
        "Diluted EPS": 0.24,
        "Total Revenue": NaN,
        "Gross Profit": NaN,
        "Operating Income": 351,
        "EBIT": 735,
        "Net Income": 142
    },
    "2009-03-31": {
        "Diluted EPS": -0.29,
        "Total Revenue": NaN,
        "Gross Profit": NaN,
        "Operating Income": 280,
        "EBIT": 647,
        "Net Income": -172
    },
    "2023-09-30": {
        "Tax Effect Of Unusual Items": NaN,
        "Tax Rate For Calcs": NaN,
        "Normalized EBITDA": NaN,
        "Total Unusual Items": NaN,
        "Total Unusual Items Excluding Goodwill": NaN,
        "Net Income From Continuing Operation Net Minority Interest": NaN,
        "Reconciled Depreciation": NaN,
        "Reconciled Cost Of Revenue": NaN,
        "EBITDA": NaN,
        "EBIT": NaN,
        "Net Interest Income": NaN,
        "Interest Expense": NaN,
        "Normalized Income": NaN,
        "Net Income From Continuing And Discontinued Operation": NaN,
        "Total Expenses": NaN,
        "Total Operating Income As Reported": NaN,
        "Diluted Average Shares": 1220073000.0,
        "Basic Average Shares": 1216951000.0,
        "Diluted EPS": 0.54,
        "Basic EPS": 0.54,
        "Diluted NI Availto Com Stockholders": NaN,
        "Net Income Common Stockholders": NaN,
        "Preferred Stock Dividends": NaN,
        "Net Income": NaN,
        "Minority Interests": NaN,
        "Net Income Including Noncontrolling Interests": NaN,
        "Net Income Discontinuous Operations": -1000000.0,
        "Net Income Continuous Operations": NaN,
        "Tax Provision": NaN,
        "Pretax Income": NaN,
        "Other Income Expense": NaN,
        "Other Non Operating Income Expenses": NaN,
        "Special Income Charges": 130000000.0,
        "Gain On Sale Of Business": 130000000.0,
        "Earnings From Equity Interest": NaN,
        "Gain On Sale Of Security": NaN,
        "Net Non Operating Interest Income Expense": NaN,
        "Interest Expense Non Operating": NaN,
        "Operating Income": NaN,
        "Operating Expense": NaN,
        "Other Operating Expenses": NaN,
        "Selling General And Administration": NaN,
        "Gross Profit": NaN,
        "Cost Of Revenue": NaN,
        "Total Revenue": NaN,
        "Operating Revenue": NaN
    },
    "2023-12-31": {
        "Tax Effect Of Unusual Items": NaN,
        "Tax Rate For Calcs": NaN,
        "Normalized EBITDA": NaN,
        "Total Unusual Items": NaN,
        "Total Unusual Items Excluding Goodwill": NaN,
        "Net Income From Continuing Operation Net Minority Interest": NaN,
        "Reconciled Depreciation": NaN,
        "Reconciled Cost Of Revenue": NaN,
        "EBITDA": NaN,
        "EBIT": NaN,
        "Net Interest Income": NaN,
        "Interest Expense": NaN,
        "Normalized Income": NaN,
        "Net Income From Continuing And Discontinued Operation": NaN,
        "Total Expenses": NaN,
        "Total Operating Income As Reported": NaN,
        "Diluted Average Shares": NaN,
        "Basic Average Shares": NaN,
        "Diluted EPS": NaN,
        "Basic EPS": NaN,
        "Diluted NI Availto Com Stockholders": NaN,
        "Net Income Common Stockholders": NaN,
        "Preferred Stock Dividends": 1000000.0,
        "Net Income": NaN,
        "Minority Interests": NaN,
        "Net Income Including Noncontrolling Interests": NaN,
        "Net Income Discontinuous Operations": -9000000.0,
        "Net Income Continuous Operations": NaN,
        "Tax Provision": NaN,
        "Pretax Income": NaN,
        "Other Income Expense": NaN,
        "Other Non Operating Income Expenses": NaN,
        "Special Income Charges": 533000000.0,
        "Gain On Sale Of Business": -1000000.0,
        "Earnings From Equity Interest": NaN,
        "Gain On Sale Of Security": NaN,
        "Net Non Operating Interest Income Expense": NaN,
        "Interest Expense Non Operating": NaN,
        "Operating Income": NaN,
        "Operating Expense": NaN,
        "Other Operating Expenses": NaN,
        "Selling General And Administration": NaN,
        "Gross Profit": NaN,
        "Cost Of Revenue": NaN,
        "Total Revenue": NaN,
        "Operating Revenue": NaN
    },
    "2024-03-31": {
        "Tax Effect Of Unusual Items": NaN,
        "Tax Rate For Calcs": NaN,
        "Normalized EBITDA": NaN,
        "Total Unusual Items": NaN,
        "Total Unusual Items Excluding Goodwill": NaN,
        "Net Income From Continuing Operation Net Minority Interest": NaN,
        "Reconciled Depreciation": NaN,
        "Reconciled Cost Of Revenue": NaN,
        "EBITDA": NaN,
        "EBIT": NaN,
        "Net Interest Income": NaN,
        "Interest Expense": NaN,
        "Normalized Income": NaN,
        "Net Income From Continuing And Discontinued Operation": NaN,
        "Total Expenses": NaN,
        "Total Operating Income As Reported": NaN,
        "Diluted Average Shares": NaN,
        "Basic Average Shares": NaN,
        "Diluted EPS": NaN,
        "Basic EPS": NaN,
        "Diluted NI Availto Com Stockholders": NaN,
        "Net Income Common Stockholders": NaN,
        "Preferred Stock Dividends": 1000000.0,
        "Net Income": NaN,
        "Minority Interests": NaN,
        "Net Income Including Noncontrolling Interests": NaN,
        "Net Income Discontinuous Operations": NaN,
        "Net Income Continuous Operations": NaN,
        "Tax Provision": NaN,
        "Pretax Income": NaN,
        "Other Income Expense": NaN,
        "Other Non Operating Income Expenses": NaN,
        "Special Income Charges": NaN,
        "Gain On Sale Of Business": NaN,
        "Earnings From Equity Interest": NaN,
        "Gain On Sale Of Security": NaN,
        "Net Non Operating Interest Income Expense": NaN,
        "Interest Expense Non Operating": NaN,
        "Operating Income": NaN,
        "Operating Expense": NaN,
        "Other Operating Expenses": NaN,
        "Selling General And Administration": NaN,
        "Gross Profit": NaN,
        "Cost Of Revenue": NaN,
        "Total Revenue": NaN,
        "Operating Revenue": NaN
    },
    "2024-06-30": {
        "Tax Effect Of Unusual Items": NaN,
        "Tax Rate For Calcs": NaN,
        "Normalized EBITDA": NaN,
        "Total Unusual Items": NaN,
        "Total Unusual Items Excluding Goodwill": NaN,
        "Net Income From Continuing Operation Net Minority Interest": NaN,
        "Reconciled Depreciation": NaN,
        "Reconciled Cost Of Revenue": NaN,
        "EBITDA": NaN,
        "EBIT": NaN,
        "Net Interest Income": NaN,
        "Interest Expense": NaN,
        "Normalized Income": NaN,
        "Net Income From Continuing And Discontinued Operation": NaN,
        "Total Expenses": NaN,
        "Total Operating Income As Reported": NaN,
        "Diluted Average Shares": 1222236000.0,
        "Basic Average Shares": 1219367000.0,
        "Diluted EPS": 0.33,
        "Basic EPS": 0.33,
        "Diluted NI Availto Com Stockholders": NaN,
        "Net Income Common Stockholders": NaN,
        "Preferred Stock Dividends": NaN,
        "Net Income": NaN,
        "Minority Interests": NaN,
        "Net Income Including Noncontrolling Interests": NaN,
        "Net Income Discontinuous Operations": 0.0,
        "Net Income Continuous Operations": NaN,
        "Tax Provision": NaN,
        "Pretax Income": NaN,
        "Other Income Expense": NaN,
        "Other Non Operating Income Expenses": NaN,
        "Special Income Charges": NaN,
        "Gain On Sale Of Business": NaN,
        "Earnings From Equity Interest": NaN,
        "Gain On Sale Of Security": NaN,
        "Net Non Operating Interest Income Expense": NaN,
        "Interest Expense Non Operating": NaN,
        "Operating Income": NaN,
        "Operating Expense": NaN,
        "Other Operating Expenses": NaN,
        "Selling General And Administration": NaN,
        "Gross Profit": NaN,
        "Cost Of Revenue": NaN,
        "Total Revenue": NaN,
        "Operating Revenue": NaN
    },
    "2024-09-30": {
        "Tax Effect Of Unusual Items": 68006198.347107,
        "Tax Rate For Calcs": 0.234504,
        "Normalized EBITDA": 1582000000.0,
        "Total Unusual Items": 290000000.0,
        "Total Unusual Items Excluding Goodwill": 290000000.0,
        "Net Income From Continuing Operation Net Minority Interest": 706000000.0,
        "Reconciled Depreciation": 566000000.0,
        "Reconciled Cost Of Revenue": 1090000000.0,
        "EBITDA": 1872000000.0,
        "EBIT": 1306000000.0,
        "Net Interest Income": -338000000.0,
        "Interest Expense": 338000000.0,
        "Normalized Income": 484006198.347107,
        "Net Income From Continuing And Discontinued Operation": 706000000.0,
        "Total Expenses": 1815000000.0,
        "Total Operating Income As Reported": 838000000.0,
        "Diluted Average Shares": 1222869000.0,
        "Basic Average Shares": 1219537000.0,
        "Diluted EPS": 0.58,
        "Basic EPS": 0.58,
        "Diluted NI Availto Com Stockholders": 705000000.0,
        "Net Income Common Stockholders": 705000000.0,
        "Preferred Stock Dividends": 1000000.0,
        "Net Income": 706000000.0,
        "Minority Interests": -35000000.0,
        "Net Income Including Noncontrolling Interests": 741000000.0,
        "Net Income Discontinuous Operations": 0.0,
        "Net Income Continuous Operations": 741000000.0,
        "Tax Provision": 227000000.0,
        "Pretax Income": 968000000.0,
        "Other Income Expense": 468000000.0,
        "Other Non Operating Income Expenses": 31000000.0,
        "Special Income Charges": 0.0,
        "Gain On Sale Of Business": 0.0,
        "Earnings From Equity Interest": 147000000.0,
        "Gain On Sale Of Security": 290000000.0,
        "Net Non Operating Interest Income Expense": -338000000.0,
        "Interest Expense Non Operating": 338000000.0,
        "Operating Income": 838000000.0,
        "Operating Expense": 725000000.0,
        "Other Operating Expenses": -25000000.0,
        "Selling General And Administration": 170000000.0,
        "Gross Profit": 1563000000.0,
        "Cost Of Revenue": 1090000000.0,
        "Total Revenue": 2653000000.0,
        "Operating Revenue": 2648000000.0
    },
    "2024-12-31": {
        "Tax Effect Of Unusual Items": -8381578.947368,
        "Tax Rate For Calcs": 0.149671,
        "Normalized EBITDA": 1567000000.0,
        "Total Unusual Items": -56000000.0,
        "Total Unusual Items Excluding Goodwill": -56000000.0,
        "Net Income From Continuing Operation Net Minority Interest": 486000000.0,
        "Reconciled Depreciation": 565000000.0,
        "Reconciled Cost Of Revenue": 1187000000.0,
        "EBITDA": 1511000000.0,
        "EBIT": 946000000.0,
        "Net Interest Income": -271000000.0,
        "Interest Expense": 338000000.0,
        "Normalized Income": 533618421.052632,
        "Net Income From Continuing And Discontinued Operation": 486000000.0,
        "Total Expenses": 1950000000.0,
        "Total Operating Income As Reported": 793000000.0,
        "Diluted Average Shares": NaN,
        "Basic Average Shares": NaN,
        "Diluted EPS": NaN,
        "Basic EPS": NaN,
        "Diluted NI Availto Com Stockholders": 485000000.0,
        "Net Income Common Stockholders": 485000000.0,
        "Preferred Stock Dividends": 1000000.0,
        "Net Income": 486000000.0,
        "Minority Interests": -31000000.0,
        "Net Income Including Noncontrolling Interests": 517000000.0,
        "Net Income Discontinuous Operations": 0.0,
        "Net Income Continuous Operations": 517000000.0,
        "Tax Provision": 91000000.0,
        "Pretax Income": 608000000.0,
        "Other Income Expense": 86000000.0,
        "Other Non Operating Income Expenses": 13000000.0,
        "Special Income Charges": 149000000.0,
        "Gain On Sale Of Business": 149000000.0,
        "Earnings From Equity Interest": 129000000.0,
        "Gain On Sale Of Security": -205000000.0,
        "Net Non Operating Interest Income Expense": -271000000.0,
        "Interest Expense Non Operating": 338000000.0,
        "Operating Income": 793000000.0,
        "Operating Expense": 763000000.0,
        "Other Operating Expenses": 9000000.0,
        "Selling General And Administration": 188000000.0,
        "Gross Profit": 1556000000.0,
        "Cost Of Revenue": 1187000000.0,
        "Total Revenue": 2743000000.0,
        "Operating Revenue": 2860000000.0
    },
    "2025-03-31": {
        "Tax Effect Of Unusual Items": 1674620.390456,
        "Tax Rate For Calcs": 0.209328,
        "Normalized EBITDA": 1848000000.0,
        "Total Unusual Items": 8000000.0,
        "Total Unusual Items Excluding Goodwill": 8000000.0,
        "Net Income From Continuing Operation Net Minority Interest": 691000000.0,
        "Reconciled Depreciation": 585000000.0,
        "Reconciled Cost Of Revenue": 1228000000.0,
        "EBITDA": 1856000000.0,
        "EBIT": 1271000000.0,
        "Net Interest Income": -349000000.0,
        "Interest Expense": 349000000.0,
        "Normalized Income": 684674620.390456,
        "Net Income From Continuing And Discontinued Operation": 691000000.0,
        "Total Expenses": 1954000000.0,
        "Total Operating Income As Reported": 1094000000.0,
        "Diluted Average Shares": 1224641000.0,
        "Basic Average Shares": 1220661000.0,
        "Diluted EPS": 0.56,
        "Basic EPS": 0.57,
        "Diluted NI Availto Com Stockholders": 690000000.0,
        "Net Income Common Stockholders": 690000000.0,
        "Preferred Stock Dividends": 1000000.0,
        "Net Income": 691000000.0,
        "Minority Interests": -38000000.0,
        "Net Income Including Noncontrolling Interests": 729000000.0,
        "Net Income Discontinuous Operations": NaN,
        "Net Income Continuous Operations": 729000000.0,
        "Tax Provision": 193000000.0,
        "Pretax Income": 922000000.0,
        "Other Income Expense": 177000000.0,
        "Other Non Operating Income Expenses": 14000000.0,
        "Special Income Charges": NaN,
        "Gain On Sale Of Business": NaN,
        "Earnings From Equity Interest": 155000000.0,
        "Gain On Sale Of Security": 8000000.0,
        "Net Non Operating Interest Income Expense": -349000000.0,
        "Interest Expense Non Operating": 349000000.0,
        "Operating Income": 1094000000.0,
        "Operating Expense": 726000000.0,
        "Other Operating Expenses": -10000000.0,
        "Selling General And Administration": 194000000.0,
        "Gross Profit": 1820000000.0,
        "Cost Of Revenue": 1228000000.0,
        "Total Revenue": 3048000000.0,
        "Operating Revenue": 3110000000.0
    },
    "2025-06-30": {
        "Tax Effect Of Unusual Items": 919418.758256,
        "Tax Rate For Calcs": 0.229855,
        "Normalized EBITDA": 1708000000.0,
        "Total Unusual Items": 4000000.0,
        "Total Unusual Items Excluding Goodwill": 4000000.0,
        "Net Income From Continuing Operation Net Minority Interest": 546000000.0,
        "Reconciled Depreciation": 605000000.0,
        "Reconciled Cost Of Revenue": 1083000000.0,
        "EBITDA": 1712000000.0,
        "EBIT": 1107000000.0,
        "Net Interest Income": -350000000.0,
        "Interest Expense": 350000000.0,
        "Normalized Income": 542919418.758256,
        "Net Income From Continuing And Discontinued Operation": 546000000.0,
        "Total Expenses": 1836000000.0,
        "Total Operating Income As Reported": 945000000.0,
        "Diluted Average Shares": 1224284000.0,
        "Basic Average Shares": 1221650000.0,
        "Diluted EPS": 0.45,
        "Basic EPS": 0.45,
        "Diluted NI Availto Com Stockholders": 546000000.0,
        "Net Income Common Stockholders": 546000000.0,
        "Preferred Stock Dividends": NaN,
        "Net Income": 546000000.0,
        "Minority Interests": -37000000.0,
        "Net Income Including Noncontrolling Interests": 583000000.0,
        "Net Income Discontinuous Operations": NaN,
        "Net Income Continuous Operations": 583000000.0,
        "Tax Provision": 174000000.0,
        "Pretax Income": 757000000.0,
        "Other Income Expense": 162000000.0,
        "Other Non Operating Income Expenses": 16000000.0,
        "Special Income Charges": NaN,
        "Gain On Sale Of Business": NaN,
        "Earnings From Equity Interest": 142000000.0,
        "Gain On Sale Of Security": 4000000.0,
        "Net Non Operating Interest Income Expense": -350000000.0,
        "Interest Expense Non Operating": 350000000.0,
        "Operating Income": 945000000.0,
        "Operating Expense": 753000000.0,
        "Other Operating Expenses": 13000000.0,
        "Selling General And Administration": 168000000.0,
        "Gross Profit": 1698000000.0,
        "Cost Of Revenue": 1083000000.0,
        "Total Revenue": 2781000000.0,
        "Operating Revenue": 2745000000.0
    },
    "2025-09-30": {
        "Tax Effect Of Unusual Items": 5031216.361679,
        "Tax Rate For Calcs": 0.264801,
        "Normalized EBITDA": 1846000000.0,
        "Total Unusual Items": 19000000.0,
        "Total Unusual Items Excluding Goodwill": 19000000.0,
        "Net Income From Continuing Operation Net Minority Interest": 647000000.0,
        "Reconciled Depreciation": 564000000.0,
        "Reconciled Cost Of Revenue": 1049000000.0,
        "EBITDA": 1865000000.0,
        "EBIT": 1301000000.0,
        "Net Interest Income": -372000000.0,
        "Interest Expense": 372000000.0,
        "Normalized Income": 633031216.361679,
        "Net Income From Continuing And Discontinued Operation": 647000000.0,
        "Total Expenses": 1814000000.0,
        "Total Operating Income As Reported": 1109000000.0,
        "Diluted Average Shares": 1225000000.0,
        "Basic Average Shares": 1222000000.0,
        "Diluted EPS": 0.53,
        "Basic EPS": 0.53,
        "Diluted NI Availto Com Stockholders": 646000000.0,
        "Net Income Common Stockholders": 646000000.0,
        "Preferred Stock Dividends": 1000000.0,
        "Net Income": 647000000.0,
        "Minority Interests": -36000000.0,
        "Net Income Including Noncontrolling Interests": 683000000.0,
        "Net Income Discontinuous Operations": NaN,
        "Net Income Continuous Operations": 683000000.0,
        "Tax Provision": 246000000.0,
        "Pretax Income": 929000000.0,
        "Other Income Expense": 192000000.0,
        "Other Non Operating Income Expenses": 21000000.0,
        "Special Income Charges": NaN,
        "Gain On Sale Of Business": NaN,
        "Earnings From Equity Interest": 152000000.0,
        "Gain On Sale Of Security": 19000000.0,
        "Net Non Operating Interest Income Expense": -372000000.0,
        "Interest Expense Non Operating": 372000000.0,
        "Operating Income": 1109000000.0,
        "Operating Expense": 765000000.0,
        "Other Operating Expenses": 14000000.0,
        "Selling General And Administration": 168000000.0,
        "Gross Profit": 1874000000.0,
        "Cost Of Revenue": 1049000000.0,
        "Total Revenue": 2923000000.0,
        "Operating Revenue": 2867000000.0
    }
}