{
    "2023-04-30": {
        "Tax Effect Of Unusual Items": 0.0,
        "Tax Rate For Calcs": 0.295,
        "Normalized EBITDA": 6197000000.0,
        "Total Unusual Items": NaN,
        "Total Unusual Items Excluding Goodwill": NaN,
        "Net Income From Continuing Operation Net Minority Interest": 1673000000.0,
        "Reconciled Depreciation": 2845000000.0,
        "Reconciled Cost Of Revenue": 115284000000.0,
        "EBITDA": 6197000000.0,
        "EBIT": 3352000000.0,
        "Net Interest Income": -557000000.0,
        "Interest Expense": 664000000.0,
        "Interest Income": 107000000.0,
        "Normalized Income": 1673000000.0,
        "Net Income From Continuing And Discontinued Operation": 1673000000.0,
        "Total Expenses": 146061000000.0,
        "Total Operating Income As Reported": 6240000000.0,
        "Diluted Average Shares": 8112000000.0,
        "Basic Average Shares": 8082000000.0,
        "Diluted EPS": 0.21,
        "Basic EPS": 0.21,
        "Diluted NI Availto Com Stockholders": 1673000000.0,
        "Net Income Common Stockholders": 1673000000.0,
        "Net Income": 1673000000.0,
        "Minority Interests": -223000000.0,
        "Net Income Including Noncontrolling Interests": 1896000000.0,
        "Net Income Continuous Operations": 1896000000.0,
        "Tax Provision": 792000000.0,
        "Pretax Income": 2688000000.0,
        "Other Income Expense": -2995000000.0,
        "Other Non Operating Income Expenses": -2995000000.0,
        "Special Income Charges": NaN,
        "Net Non Operating Interest Income Expense": -557000000.0,
        "Interest Expense Non Operating": 664000000.0,
        "Interest Income Non Operating": 107000000.0,
        "Operating Income": 6240000000.0,
        "Operating Expense": 30777000000.0,
        "Selling General And Administration": 30777000000.0,
        "Gross Profit": 37017000000.0,
        "Cost Of Revenue": 115284000000.0,
        "Total Revenue": 152301000000.0,
        "Operating Revenue": 152301000000.0
    },
    "2023-01-31": {
        "Tax Effect Of Unusual Items": NaN,
        "Tax Rate For Calcs": NaN,
        "Normalized EBITDA": NaN,
        "Total Unusual Items": 0.0,
        "Total Unusual Items Excluding Goodwill": 0.0,
        "Net Income From Continuing Operation Net Minority Interest": NaN,
        "Reconciled Depreciation": NaN,
        "Reconciled Cost Of Revenue": NaN,
        "EBITDA": NaN,
        "EBIT": NaN,
        "Net Interest Income": NaN,
        "Interest Expense": NaN,
        "Interest Income": NaN,
        "Normalized Income": NaN,
        "Net Income From Continuing And Discontinued Operation": NaN,
        "Total Expenses": NaN,
        "Total Operating Income As Reported": NaN,
        "Diluted Average Shares": NaN,
        "Basic Average Shares": NaN,
        "Diluted EPS": NaN,
        "Basic EPS": NaN,
        "Diluted NI Availto Com Stockholders": NaN,
        "Net Income Common Stockholders": NaN,
        "Net Income": NaN,
        "Minority Interests": NaN,
        "Net Income Including Noncontrolling Interests": NaN,
        "Net Income Continuous Operations": NaN,
        "Tax Provision": NaN,
        "Pretax Income": NaN,
        "Other Income Expense": NaN,
        "Other Non Operating Income Expenses": NaN,
        "Special Income Charges": 0.0,
        "Net Non Operating Interest Income Expense": NaN,
        "Interest Expense Non Operating": NaN,
        "Interest Income Non Operating": NaN,
        "Operating Income": NaN,
        "Operating Expense": NaN,
        "Selling General And Administration": NaN,
        "Gross Profit": NaN,
        "Cost Of Revenue": NaN,
        "Total Revenue": NaN,
        "Operating Revenue": NaN
    },
    "2022-10-31": {
        "Tax Effect Of Unusual Items": NaN,
        "Tax Rate For Calcs": NaN,
        "Normalized EBITDA": NaN,
        "Total Unusual Items": 0.0,
        "Total Unusual Items Excluding Goodwill": 0.0,
        "Net Income From Continuing Operation Net Minority Interest": NaN,
        "Reconciled Depreciation": NaN,
        "Reconciled Cost Of Revenue": NaN,
        "EBITDA": NaN,
        "EBIT": NaN,
        "Net Interest Income": NaN,
        "Interest Expense": NaN,
        "Interest Income": NaN,
        "Normalized Income": NaN,
        "Net Income From Continuing And Discontinued Operation": NaN,
        "Total Expenses": NaN,
        "Total Operating Income As Reported": NaN,
        "Diluted Average Shares": NaN,
        "Basic Average Shares": NaN,
        "Diluted EPS": NaN,
        "Basic EPS": NaN,
        "Diluted NI Availto Com Stockholders": NaN,
        "Net Income Common Stockholders": NaN,
        "Net Income": NaN,
        "Minority Interests": NaN,
        "Net Income Including Noncontrolling Interests": NaN,
        "Net Income Continuous Operations": NaN,
        "Tax Provision": NaN,
        "Pretax Income": NaN,
        "Other Income Expense": NaN,
        "Other Non Operating Income Expenses": NaN,
        "Special Income Charges": 0.0,
        "Net Non Operating Interest Income Expense": NaN,
        "Interest Expense Non Operating": NaN,
        "Interest Income Non Operating": NaN,
        "Operating Income": NaN,
        "Operating Expense": NaN,
        "Selling General And Administration": NaN,
        "Gross Profit": NaN,
        "Cost Of Revenue": NaN,
        "Total Revenue": NaN,
        "Operating Revenue": NaN
    },
    "2022-07-31": {
        "Tax Effect Of Unusual Items": 0.0,
        "Tax Rate For Calcs": 0.225,
        "Normalized EBITDA": 9822000000.0,
        "Total Unusual Items": NaN,
        "Total Unusual Items Excluding Goodwill": NaN,
        "Net Income From Continuing Operation Net Minority Interest": 5149000000.0,
        "Reconciled Depreciation": 2699000000.0,
        "Reconciled Cost Of Revenue": 115838000000.0,
        "EBITDA": 9822000000.0,
        "EBIT": 7123000000.0,
        "Net Interest Income": -448000000.0,
        "Interest Expense": 479000000.0,
        "Interest Income": 31000000.0,
        "Normalized Income": 5149000000.0,
        "Net Income From Continuing And Discontinued Operation": 5149000000.0,
        "Total Expenses": 146005000000.0,
        "Total Operating Income As Reported": 6854000000.0,
        "Diluted Average Shares": 2745000000.0,
        "Basic Average Shares": 2736000000.0,
        "Diluted EPS": 1.88,
        "Basic EPS": 1.88,
        "Diluted NI Availto Com Stockholders": 5149000000.0,
        "Net Income Common Stockholders": 5149000000.0,
        "Net Income": 5149000000.0,
        "Minority Interests": 2000000.0,
        "Net Income Including Noncontrolling Interests": 5147000000.0,
        "Net Income Continuous Operations": 5147000000.0,
        "Tax Provision": 1497000000.0,
        "Pretax Income": 6644000000.0,
        "Other Income Expense": 238000000.0,
        "Other Non Operating Income Expenses": 238000000.0,
        "Special Income Charges": NaN,
        "Net Non Operating Interest Income Expense": -448000000.0,
        "Interest Expense Non Operating": 479000000.0,
        "Interest Income Non Operating": 31000000.0,
        "Operating Income": 6854000000.0,
        "Operating Expense": 30167000000.0,
        "Selling General And Administration": 30167000000.0,
        "Gross Profit": 37021000000.0,
        "Cost Of Revenue": 115838000000.0,
        "Total Revenue": 152859000000.0,
        "Operating Revenue": 152859000000.0
    },
    "2022-04-30": {
        "Diluted EPS": 0.74,
        "Total Revenue": NaN,
        "Gross Profit": NaN,
        "Operating Income": NaN,
        "EBIT": NaN,
        "Net Income": NaN
    },
    "2022-01-31": {
        "Diluted EPS": 1.27,
        "Total Revenue": NaN,
        "Gross Profit": NaN,
        "Operating Income": NaN,
        "EBIT": NaN,
        "Net Income": NaN
    },
    "2021-10-31": {
        "Diluted EPS": 1.11,
        "Total Revenue": NaN,
        "Gross Profit": NaN,
        "Operating Income": NaN,
        "EBIT": NaN,
        "Net Income": NaN
    },
    "2021-07-31": {
        "Diluted EPS": 1.52,
        "Total Revenue": NaN,
        "Gross Profit": NaN,
        "Operating Income": NaN,
        "EBIT": NaN,
        "Net Income": NaN
    },
    "2021-04-30": {
        "Diluted EPS": 0.97,
        "Total Revenue": NaN,
        "Gross Profit": NaN,
        "Operating Income": NaN,
        "EBIT": NaN,
        "Net Income": NaN
    },
    "2021-01-31": {
        "Diluted EPS": -0.72,
        "Total Revenue": NaN,
        "Gross Profit": NaN,
        "Operating Income": NaN,
        "EBIT": NaN,
        "Net Income": NaN
    },
    "2020-10-31": {
        "Diluted EPS": 1.8,
        "Total Revenue": NaN,
        "Gross Profit": NaN,
        "Operating Income": NaN,
        "EBIT": NaN,
        "Net Income": NaN
    },
    "2020-07-31": {
        "Diluted EPS": 2.27,
        "Total Revenue": NaN,
        "Gross Profit": NaN,
        "Operating Income": NaN,
        "EBIT": NaN,
        "Net Income": NaN
    },
    "2020-04-30": {
        "Diluted EPS": 1.4,
        "Total Revenue": NaN,
        "Gross Profit": NaN,
        "Operating Income": NaN,
        "EBIT": NaN,
        "Net Income": NaN
    },
    "2020-01-31": {
        "Diluted EPS": 1.45,
        "Total Revenue": NaN,
        "Gross Profit": NaN,
        "Operating Income": NaN,
        "EBIT": NaN,
        "Net Income": NaN
    },
    "2019-10-31": {
        "Diluted EPS": 1.15,
        "Total Revenue": NaN,
        "Gross Profit": NaN,
        "Operating Income": NaN,
        "EBIT": NaN,
        "Net Income": NaN
    },
    "2019-07-31": {
        "Diluted EPS": 1.26,
        "Total Revenue": NaN,
        "Gross Profit": NaN,
        "Operating Income": NaN,
        "EBIT": NaN,
        "Net Income": NaN
    },
    "2019-04-30": {
        "Diluted EPS": 1.33,
        "Total Revenue": NaN,
        "Gross Profit": NaN,
        "Operating Income": NaN,
        "EBIT": NaN,
        "Net Income": NaN
    },
    "2019-01-31": {
        "Diluted EPS": 1.25,
        "Total Revenue": NaN,
        "Gross Profit": NaN,
        "Operating Income": NaN,
        "EBIT": NaN,
        "Net Income": NaN
    },
    "2018-10-31": {
        "Diluted EPS": 0.58,
        "Total Revenue": NaN,
        "Gross Profit": NaN,
        "Operating Income": NaN,
        "EBIT": NaN,
        "Net Income": NaN
    },
    "2018-07-31": {
        "Diluted EPS": -0.29,
        "Total Revenue": NaN,
        "Gross Profit": NaN,
        "Operating Income": NaN,
        "EBIT": NaN,
        "Net Income": -861
    },
    "2018-04-30": {
        "Diluted EPS": 0.72,
        "Total Revenue": NaN,
        "Gross Profit": NaN,
        "Operating Income": NaN,
        "EBIT": NaN,
        "Net Income": NaN
    },
    "2018-01-31": {
        "Diluted EPS": 0.74,
        "Total Revenue": NaN,
        "Gross Profit": NaN,
        "Operating Income": NaN,
        "EBIT": NaN,
        "Net Income": NaN
    },
    "2017-10-31": {
        "Diluted EPS": 0.58,
        "Total Revenue": NaN,
        "Gross Profit": NaN,
        "Operating Income": NaN,
        "EBIT": NaN,
        "Net Income": NaN
    },
    "2017-07-31": {
        "Diluted EPS": 0.96,
        "Total Revenue": NaN,
        "Gross Profit": NaN,
        "Operating Income": NaN,
        "EBIT": NaN,
        "Net Income": NaN
    },
    "2017-04-30": {
        "Diluted EPS": 1.0,
        "Total Revenue": NaN,
        "Gross Profit": NaN,
        "Operating Income": NaN,
        "EBIT": NaN,
        "Net Income": NaN
    },
    "2017-01-31": {
        "Diluted EPS": 1.21,
        "Total Revenue": NaN,
        "Gross Profit": NaN,
        "Operating Income": NaN,
        "EBIT": NaN,
        "Net Income": NaN
    },
    "2016-10-31": {
        "Diluted EPS": 0.98,
        "Total Revenue": NaN,
        "Gross Profit": NaN,
        "Operating Income": NaN,
        "EBIT": NaN,
        "Net Income": NaN
    },
    "2016-07-31": {
        "Diluted EPS": 1.21,
        "Total Revenue": NaN,
        "Gross Profit": NaN,
        "Operating Income": NaN,
        "EBIT": NaN,
        "Net Income": NaN
    },
    "2016-04-30": {
        "Diluted EPS": 0.98,
        "Total Revenue": NaN,
        "Gross Profit": NaN,
        "Operating Income": NaN,
        "EBIT": NaN,
        "Net Income": NaN
    },
    "2016-01-31": {
        "Diluted EPS": 1.43,
        "Total Revenue": NaN,
        "Gross Profit": NaN,
        "Operating Income": NaN,
        "EBIT": NaN,
        "Net Income": NaN
    },
    "2015-10-31": {
        "Diluted EPS": 1.03,
        "Total Revenue": NaN,
        "Gross Profit": NaN,
        "Operating Income": NaN,
        "EBIT": NaN,
        "Net Income": NaN
    },
    "2015-07-31": {
        "Diluted EPS": 1.08,
        "Total Revenue": NaN,
        "Gross Profit": NaN,
        "Operating Income": NaN,
        "EBIT": NaN,
        "Net Income": NaN
    },
    "2015-04-30": {
        "Diluted EPS": 1.03,
        "Total Revenue": NaN,
        "Gross Profit": NaN,
        "Operating Income": NaN,
        "EBIT": NaN,
        "Net Income": NaN
    },
    "2015-01-31": {
        "Diluted EPS": 1.53,
        "Total Revenue": NaN,
        "Gross Profit": NaN,
        "Operating Income": NaN,
        "EBIT": NaN,
        "Net Income": NaN
    },
    "2014-10-31": {
        "Diluted EPS": 1.15,
        "Total Revenue": NaN,
        "Gross Profit": NaN,
        "Operating Income": NaN,
        "EBIT": NaN,
        "Net Income": NaN
    },
    "2014-07-31": {
        "Diluted EPS": 1.26,
        "Total Revenue": NaN,
        "Gross Profit": NaN,
        "Operating Income": NaN,
        "EBIT": NaN,
        "Net Income": NaN
    },
    "2014-04-30": {
        "Diluted EPS": 1.11,
        "Total Revenue": NaN,
        "Gross Profit": NaN,
        "Operating Income": NaN,
        "EBIT": NaN,
        "Net Income": NaN
    },
    "2014-01-31": {
        "Diluted EPS": 1.36,
        "Total Revenue": NaN,
        "Gross Profit": NaN,
        "Operating Income": NaN,
        "EBIT": NaN,
        "Net Income": NaN
    },
    "2013-10-31": {
        "Diluted EPS": 1.14,
        "Total Revenue": NaN,
        "Gross Profit": NaN,
        "Operating Income": NaN,
        "EBIT": NaN,
        "Net Income": NaN
    },
    "2013-07-31": {
        "Diluted EPS": 1.24,
        "Total Revenue": NaN,
        "Gross Profit": NaN,
        "Operating Income": NaN,
        "EBIT": NaN,
        "Net Income": NaN
    },
    "2013-04-30": {
        "Diluted EPS": 1.14,
        "Total Revenue": NaN,
        "Gross Profit": NaN,
        "Operating Income": NaN,
        "EBIT": NaN,
        "Net Income": NaN
    },
    "2013-01-31": {
        "Diluted EPS": 1.67,
        "Total Revenue": NaN,
        "Gross Profit": NaN,
        "Operating Income": NaN,
        "EBIT": NaN,
        "Net Income": NaN
    },
    "2012-10-31": {
        "Diluted EPS": 1.08,
        "Total Revenue": NaN,
        "Gross Profit": NaN,
        "Operating Income": NaN,
        "EBIT": NaN,
        "Net Income": NaN
    },
    "2012-07-31": {
        "Diluted EPS": 1.18,
        "Total Revenue": NaN,
        "Gross Profit": NaN,
        "Operating Income": NaN,
        "EBIT": NaN,
        "Net Income": NaN
    },
    "2012-04-30": {
        "Diluted EPS": 1.09,
        "Total Revenue": NaN,
        "Gross Profit": NaN,
        "Operating Income": NaN,
        "EBIT": NaN,
        "Net Income": NaN
    },
    "2012-01-31": {
        "Diluted EPS": 1.5,
        "Total Revenue": NaN,
        "Gross Profit": NaN,
        "Operating Income": NaN,
        "EBIT": NaN,
        "Net Income": NaN
    },
    "2011-10-31": {
        "Diluted EPS": 0.96,
        "Total Revenue": NaN,
        "Gross Profit": NaN,
        "Operating Income": NaN,
        "EBIT": NaN,
        "Net Income": NaN
    },
    "2011-07-31": {
        "Diluted EPS": 1.09,
        "Total Revenue": NaN,
        "Gross Profit": NaN,
        "Operating Income": NaN,
        "EBIT": NaN,
        "Net Income": NaN
    },
    "2011-04-30": {
        "Diluted EPS": 0.97,
        "Total Revenue": NaN,
        "Gross Profit": NaN,
        "Operating Income": NaN,
        "EBIT": NaN,
        "Net Income": NaN
    },
    "2011-01-31": {
        "Diluted EPS": 1.68,
        "Total Revenue": NaN,
        "Gross Profit": NaN,
        "Operating Income": NaN,
        "EBIT": NaN,
        "Net Income": NaN
    },
    "2010-10-31": {
        "Diluted EPS": 0.95,
        "Total Revenue": NaN,
        "Gross Profit": NaN,
        "Operating Income": NaN,
        "EBIT": NaN,
        "Net Income": NaN
    },
    "2010-07-31": {
        "Diluted EPS": 0.97,
        "Total Revenue": NaN,
        "Gross Profit": NaN,
        "Operating Income": NaN,
        "EBIT": NaN,
        "Net Income": NaN
    },
    "2010-04-30": {
        "Diluted EPS": 0.87,
        "Total Revenue": NaN,
        "Gross Profit": NaN,
        "Operating Income": NaN,
        "EBIT": NaN,
        "Net Income": NaN
    },
    "2010-01-31": {
        "Diluted EPS": 1.24,
        "Total Revenue": NaN,
        "Gross Profit": NaN,
        "Operating Income": NaN,
        "EBIT": NaN,
        "Net Income": NaN
    },
    "2009-10-31": {
        "Diluted EPS": 0.81,
        "Total Revenue": NaN,
        "Gross Profit": NaN,
        "Operating Income": NaN,
        "EBIT": NaN,
        "Net Income": NaN
    },
    "2009-07-31": {
        "Diluted EPS": 0.89,
        "Total Revenue": NaN,
        "Gross Profit": NaN,
        "Operating Income": NaN,
        "EBIT": NaN,
        "Net Income": NaN
    },
    "2009-04-30": {
        "Diluted EPS": 0.77,
        "Total Revenue": NaN,
        "Gross Profit": NaN,
        "Operating Income": NaN,
        "EBIT": NaN,
        "Net Income": NaN
    },
    "2009-01-31": {
        "Diluted EPS": 0.96,
        "Total Revenue": NaN,
        "Gross Profit": NaN,
        "Operating Income": NaN,
        "EBIT": NaN,
        "Net Income": NaN
    },
    "2023-07-31": {
        "Tax Effect Of Unusual Items": 0.0,
        "Tax Rate For Calcs": 0.249,
        "Normalized EBITDA": 14274000000.0,
        "Net Income From Continuing Operation Net Minority Interest": 7891000000.0,
        "Reconciled Depreciation": 2905000000.0,
        "Reconciled Cost Of Revenue": 121850000000.0,
        "EBITDA": 14274000000.0,
        "EBIT": 11369000000.0,
        "Net Interest Income": -494000000.0,
        "Interest Expense": 642000000.0,
        "Interest Income": 148000000.0,
        "Normalized Income": 7891000000.0,
        "Net Income From Continuing And Discontinued Operation": 7891000000.0,
        "Total Expenses": 154316000000.0,
        "Total Operating Income As Reported": 7316000000.0,
        "Diluted Average Shares": 8109000000.0,
        "Basic Average Shares": 8079000000.0,
        "Diluted EPS": 0.973333,
        "Basic EPS": 0.976667,
        "Diluted NI Availto Com Stockholders": 7891000000.0,
        "Net Income Common Stockholders": 7891000000.0,
        "Net Income": 7891000000.0,
        "Minority Interests": -162000000.0,
        "Net Income Including Noncontrolling Interests": 8053000000.0,
        "Net Income Continuous Operations": 8053000000.0,
        "Tax Provision": 2674000000.0,
        "Pretax Income": 10727000000.0,
        "Other Income Expense": 3905000000.0,
        "Other Non Operating Income Expenses": 3905000000.0,
        "Net Non Operating Interest Income Expense": -494000000.0,
        "Interest Expense Non Operating": 642000000.0,
        "Interest Income Non Operating": 148000000.0,
        "Operating Income": 7316000000.0,
        "Operating Expense": 32466000000.0,
        "Selling General And Administration": 32466000000.0,
        "Gross Profit": 39782000000.0,
        "Cost Of Revenue": 121850000000.0,
        "Total Revenue": 161632000000.0,
        "Operating Revenue": 161632000000.0
    },
    "2023-10-31": {
        "Tax Effect Of Unusual Items": NaN,
        "Tax Rate For Calcs": NaN,
        "Normalized EBITDA": NaN,
        "Net Income From Continuing Operation Net Minority Interest": NaN,
        "Reconciled Depreciation": NaN,
        "Reconciled Cost Of Revenue": NaN,
        "EBITDA": NaN,
        "EBIT": NaN,
        "Net Interest Income": NaN,
        "Interest Expense": NaN,
        "Interest Income": NaN,
        "Normalized Income": NaN,
        "Net Income From Continuing And Discontinued Operation": NaN,
        "Total Expenses": NaN,
        "Total Operating Income As Reported": NaN,
        "Diluted Average Shares": 8109000000.0,
        "Basic Average Shares": 8079000000.0,
        "Diluted EPS": 0.056667,
        "Basic EPS": 0.056667,
        "Diluted NI Availto Com Stockholders": NaN,
        "Net Income Common Stockholders": NaN,
        "Net Income": NaN,
        "Minority Interests": NaN,
        "Net Income Including Noncontrolling Interests": NaN,
        "Net Income Continuous Operations": NaN,
        "Tax Provision": NaN,
        "Pretax Income": NaN,
        "Other Income Expense": NaN,
        "Other Non Operating Income Expenses": NaN,
        "Net Non Operating Interest Income Expense": NaN,
        "Interest Expense Non Operating": NaN,
        "Interest Income Non Operating": NaN,
        "Operating Income": NaN,
        "Operating Expense": NaN,
        "Selling General And Administration": NaN,
        "Gross Profit": NaN,
        "Cost Of Revenue": NaN,
        "Total Revenue": NaN,
        "Operating Revenue": NaN
    },
    "2024-01-31": {
        "Tax Effect Of Unusual Items": NaN,
        "Tax Rate For Calcs": NaN,
        "Normalized EBITDA": NaN,
        "Net Income From Continuing Operation Net Minority Interest": NaN,
        "Reconciled Depreciation": NaN,
        "Reconciled Cost Of Revenue": NaN,
        "EBITDA": NaN,
        "EBIT": NaN,
        "Net Interest Income": NaN,
        "Interest Expense": NaN,
        "Interest Income": NaN,
        "Normalized Income": NaN,
        "Net Income From Continuing And Discontinued Operation": NaN,
        "Total Expenses": NaN,
        "Total Operating Income As Reported": NaN,
        "Diluted Average Shares": 8103000000.0,
        "Basic Average Shares": 8070000000.0,
        "Diluted EPS": 0.676667,
        "Basic EPS": 0.68,
        "Diluted NI Availto Com Stockholders": NaN,
        "Net Income Common Stockholders": NaN,
        "Net Income": NaN,
        "Minority Interests": NaN,
        "Net Income Including Noncontrolling Interests": NaN,
        "Net Income Continuous Operations": NaN,
        "Tax Provision": NaN,
        "Pretax Income": NaN,
        "Other Income Expense": NaN,
        "Other Non Operating Income Expenses": NaN,
        "Net Non Operating Interest Income Expense": NaN,
        "Interest Expense Non Operating": NaN,
        "Interest Income Non Operating": NaN,
        "Operating Income": NaN,
        "Operating Expense": NaN,
        "Other Operating Expenses": NaN,
        "Selling General And Administration": 34309000000.0,
        "Gross Profit": NaN,
        "Cost Of Revenue": NaN,
        "Total Revenue": NaN,
        "Operating Revenue": NaN
    },
    "2024-04-30": {
        "Tax Effect Of Unusual Items": 0.0,
        "Tax Rate For Calcs": 0.246,
        "Normalized EBITDA": 10877000000.0,
        "Net Income From Continuing Operation Net Minority Interest": 5104000000.0,
        "Reconciled Depreciation": 3128000000.0,
        "Reconciled Cost Of Revenue": 121431000000.0,
        "EBITDA": 10877000000.0,
        "EBIT": 7749000000.0,
        "Net Interest Income": -600000000.0,
        "Interest Expense": 714000000.0,
        "Interest Income": 114000000.0,
        "Normalized Income": 5104000000.0,
        "Net Income From Continuing And Discontinued Operation": 5104000000.0,
        "Total Expenses": 154667000000.0,
        "Total Operating Income As Reported": 6841000000.0,
        "Diluted Average Shares": 8084000000.0,
        "Basic Average Shares": 8053000000.0,
        "Diluted EPS": 0.63,
        "Basic EPS": 0.63,
        "Diluted NI Availto Com Stockholders": 5104000000.0,
        "Net Income Common Stockholders": 5104000000.0,
        "Net Income": 5104000000.0,
        "Minority Interests": -203000000.0,
        "Net Income Including Noncontrolling Interests": 5307000000.0,
        "Net Income Continuous Operations": 5307000000.0,
        "Tax Provision": 1728000000.0,
        "Pretax Income": 7035000000.0,
        "Other Income Expense": 794000000.0,
        "Other Non Operating Income Expenses": 794000000.0,
        "Net Non Operating Interest Income Expense": -600000000.0,
        "Interest Expense Non Operating": 714000000.0,
        "Interest Income Non Operating": 114000000.0,
        "Operating Income": 6841000000.0,
        "Operating Expense": 33236000000.0,
        "Other Operating Expenses": 33236000000.0,
        "Selling General And Administration": 33236000000.0,
        "Gross Profit": 40077000000.0,
        "Cost Of Revenue": 121431000000.0,
        "Total Revenue": 161508000000.0,
        "Operating Revenue": 161508000000.0
    },
    "2024-07-31": {
        "Tax Effect Of Unusual Items": 0.0,
        "Tax Rate For Calcs": 0.242,
        "Normalized EBITDA": 10103000000.0,
        "Net Income From Continuing Operation Net Minority Interest": 4501000000.0,
        "Reconciled Depreciation": 3211000000.0,
        "Reconciled Cost Of Revenue": 126810000000.0,
        "EBITDA": 10103000000.0,
        "EBIT": 6892000000.0,
        "Net Interest Income": -565000000.0,
        "Interest Expense": 679000000.0,
        "Interest Income": 114000000.0,
        "Normalized Income": 4501000000.0,
        "Net Income From Continuing And Discontinued Operation": 4501000000.0,
        "Total Expenses": 161395000000.0,
        "Total Operating Income As Reported": 7940000000.0,
        "Diluted Average Shares": 8081000000.0,
        "Basic Average Shares": 8044000000.0,
        "Diluted EPS": 0.56,
        "Basic EPS": 0.56,
        "Diluted NI Availto Com Stockholders": 4501000000.0,
        "Net Income Common Stockholders": 4501000000.0,
        "Net Income": 4501000000.0,
        "Minority Interests": -210000000.0,
        "Net Income Including Noncontrolling Interests": 4711000000.0,
        "Net Income Continuous Operations": 4711000000.0,
        "Tax Provision": 1502000000.0,
        "Pretax Income": 6213000000.0,
        "Other Income Expense": -1162000000.0,
        "Other Non Operating Income Expenses": -1162000000.0,
        "Net Non Operating Interest Income Expense": -565000000.0,
        "Interest Expense Non Operating": 679000000.0,
        "Interest Income Non Operating": 114000000.0,
        "Operating Income": 7940000000.0,
        "Operating Expense": 34585000000.0,
        "Other Operating Expenses": 34585000000.0,
        "Selling General And Administration": 34585000000.0,
        "Gross Profit": 42525000000.0,
        "Cost Of Revenue": 126810000000.0,
        "Total Revenue": 169335000000.0,
        "Operating Revenue": 169335000000.0
    },
    "2024-10-31": {
        "Tax Effect Of Unusual Items": 0.0,
        "Tax Rate For Calcs": 0.227,
        "Normalized EBITDA": 9976000000.0,
        "Net Income From Continuing Operation Net Minority Interest": 4577000000.0,
        "Reconciled Depreciation": 3260000000.0,
        "Reconciled Cost Of Revenue": 127340000000.0,
        "EBITDA": 9976000000.0,
        "EBIT": 6716000000.0,
        "Net Interest Income": -478000000.0,
        "Interest Expense": 618000000.0,
        "Interest Income": 140000000.0,
        "Normalized Income": 4577000000.0,
        "Net Income From Continuing And Discontinued Operation": 4577000000.0,
        "Total Expenses": 162880000000.0,
        "Total Operating Income As Reported": 6708000000.0,
        "Diluted Average Shares": 8082000000.0,
        "Basic Average Shares": 8038000000.0,
        "Diluted EPS": 0.57,
        "Basic EPS": 0.57,
        "Diluted NI Availto Com Stockholders": 4577000000.0,
        "Net Income Common Stockholders": 4577000000.0,
        "Net Income": 4577000000.0,
        "Minority Interests": -137000000.0,
        "Net Income Including Noncontrolling Interests": 4714000000.0,
        "Net Income Continuous Operations": 4714000000.0,
        "Tax Provision": 1384000000.0,
        "Pretax Income": 6098000000.0,
        "Other Income Expense": -132000000.0,
        "Other Non Operating Income Expenses": -132000000.0,
        "Net Non Operating Interest Income Expense": -478000000.0,
        "Interest Expense Non Operating": 618000000.0,
        "Interest Income Non Operating": 140000000.0,
        "Operating Income": 6708000000.0,
        "Operating Expense": 35540000000.0,
        "Other Operating Expenses": 35540000000.0,
        "Selling General And Administration": 35540000000.0,
        "Gross Profit": 42248000000.0,
        "Cost Of Revenue": 127340000000.0,
        "Total Revenue": 169588000000.0,
        "Operating Revenue": 169588000000.0
    },
    "2025-01-31": {
        "Tax Effect Of Unusual Items": 0.0,
        "Tax Rate For Calcs": 0.220882,
        "Normalized EBITDA": 11054000000.0,
        "Net Income From Continuing Operation Net Minority Interest": 5254000000.0,
        "Reconciled Depreciation": 3374000000.0,
        "Reconciled Cost Of Revenue": 136172000000.0,
        "EBITDA": 11054000000.0,
        "EBIT": 7680000000.0,
        "Net Interest Income": -602000000.0,
        "Interest Expense": 717000000.0,
        "Interest Income": 115000000.0,
        "Normalized Income": 5254000000.0,
        "Net Income From Continuing And Discontinued Operation": 5254000000.0,
        "Total Expenses": 172695000000.0,
        "Total Operating Income As Reported": 7859000000.0,
        "Diluted Average Shares": NaN,
        "Basic Average Shares": NaN,
        "Diluted EPS": NaN,
        "Basic EPS": NaN,
        "Diluted NI Availto Com Stockholders": 5254000000.0,
        "Net Income Common Stockholders": 5254000000.0,
        "Net Income": 5254000000.0,
        "Minority Interests": -171000000.0,
        "Net Income Including Noncontrolling Interests": 5425000000.0,
        "Net Income Continuous Operations": 5425000000.0,
        "Tax Provision": 1538000000.0,
        "Pretax Income": 6963000000.0,
        "Other Income Expense": -294000000.0,
        "Other Non Operating Income Expenses": -294000000.0,
        "Net Non Operating Interest Income Expense": -602000000.0,
        "Interest Expense Non Operating": 717000000.0,
        "Interest Income Non Operating": 115000000.0,
        "Operating Income": 7859000000.0,
        "Operating Expense": 36523000000.0,
        "Other Operating Expenses": 36523000000.0,
        "Selling General And Administration": 36523000000.0,
        "Gross Profit": 44382000000.0,
        "Cost Of Revenue": 136172000000.0,
        "Total Revenue": 180554000000.0,
        "Operating Revenue": 180554000000.0
    },
    "2025-04-30": {
        "Tax Effect Of Unusual Items": 0.0,
        "Tax Rate For Calcs": 0.226,
        "Normalized EBITDA": 10000000000.0,
        "Net Income From Continuing Operation Net Minority Interest": 4487000000.0,
        "Reconciled Depreciation": 3369000000.0,
        "Reconciled Cost Of Revenue": 124303000000.0,
        "EBITDA": 10000000000.0,
        "EBIT": 6631000000.0,
        "Net Interest Income": -544000000.0,
        "Interest Expense": 637000000.0,
        "Interest Income": 93000000.0,
        "Normalized Income": 4487000000.0,
        "Net Income From Continuing And Discontinued Operation": 4487000000.0,
        "Total Expenses": 158474000000.0,
        "Total Operating Income As Reported": 7135000000.0,
        "Diluted Average Shares": 8051000000.0,
        "Basic Average Shares": 8011000000.0,
        "Diluted EPS": 0.56,
        "Basic EPS": 0.56,
        "Diluted NI Availto Com Stockholders": 4487000000.0,
        "Net Income Common Stockholders": 4487000000.0,
        "Net Income": 4487000000.0,
        "Minority Interests": -152000000.0,
        "Net Income Including Noncontrolling Interests": 4639000000.0,
        "Net Income Continuous Operations": 4639000000.0,
        "Tax Provision": 1355000000.0,
        "Pretax Income": 5994000000.0,
        "Other Income Expense": -597000000.0,
        "Other Non Operating Income Expenses": -597000000.0,
        "Net Non Operating Interest Income Expense": -544000000.0,
        "Interest Expense Non Operating": 637000000.0,
        "Interest Income Non Operating": 93000000.0,
        "Operating Income": 7135000000.0,
        "Operating Expense": 34171000000.0,
        "Other Operating Expenses": 34171000000.0,
        "Selling General And Administration": NaN,
        "Gross Profit": 41306000000.0,
        "Cost Of Revenue": 124303000000.0,
        "Total Revenue": 165609000000.0,
        "Operating Revenue": 165609000000.0
    }
}