{
    "2023-04-30": {
        "Tax Effect Of Unusual Items": NaN,
        "Tax Rate For Calcs": NaN,
        "Normalized EBITDA": NaN,
        "Total Unusual Items": NaN,
        "Total Unusual Items Excluding Goodwill": NaN,
        "Net Income From Continuing Operation Net Minority Interest": NaN,
        "Reconciled Depreciation": NaN,
        "Reconciled Cost Of Revenue": NaN,
        "EBITDA": NaN,
        "EBIT": NaN,
        "Net Interest Income": NaN,
        "Interest Expense": NaN,
        "Interest Income": NaN,
        "Normalized Income": NaN,
        "Net Income From Continuing And Discontinued Operation": NaN,
        "Total Expenses": NaN,
        "Total Operating Income As Reported": NaN,
        "Diluted Average Shares": NaN,
        "Basic Average Shares": NaN,
        "Diluted EPS": NaN,
        "Basic EPS": NaN,
        "Diluted NI Availto Com Stockholders": NaN,
        "Net Income Common Stockholders": NaN,
        "Net Income": NaN,
        "Minority Interests": 0.0,
        "Net Income Including Noncontrolling Interests": NaN,
        "Net Income Continuous Operations": NaN,
        "Earnings From Equity Interest Net Of Tax": NaN,
        "Tax Provision": NaN,
        "Pretax Income": NaN,
        "Other Income Expense": NaN,
        "Other Non Operating Income Expenses": NaN,
        "Special Income Charges": NaN,
        "Other Special Charges": 441000.0,
        "Impairment Of Capital Assets": NaN,
        "Net Non Operating Interest Income Expense": NaN,
        "Interest Expense Non Operating": NaN,
        "Interest Income Non Operating": NaN,
        "Operating Income": NaN,
        "Operating Expense": NaN,
        "Selling General And Administration": NaN,
        "Gross Profit": NaN,
        "Cost Of Revenue": NaN,
        "Total Revenue": NaN,
        "Operating Revenue": NaN
    },
    "2023-01-31": {
        "Tax Effect Of Unusual Items": NaN,
        "Tax Rate For Calcs": NaN,
        "Normalized EBITDA": NaN,
        "Total Unusual Items": NaN,
        "Total Unusual Items Excluding Goodwill": NaN,
        "Net Income From Continuing Operation Net Minority Interest": NaN,
        "Reconciled Depreciation": NaN,
        "Reconciled Cost Of Revenue": NaN,
        "EBITDA": NaN,
        "EBIT": NaN,
        "Net Interest Income": NaN,
        "Interest Expense": NaN,
        "Interest Income": NaN,
        "Normalized Income": NaN,
        "Net Income From Continuing And Discontinued Operation": NaN,
        "Total Expenses": NaN,
        "Total Operating Income As Reported": NaN,
        "Diluted Average Shares": NaN,
        "Basic Average Shares": NaN,
        "Diluted EPS": NaN,
        "Basic EPS": NaN,
        "Diluted NI Availto Com Stockholders": NaN,
        "Net Income Common Stockholders": NaN,
        "Net Income": NaN,
        "Minority Interests": 0.0,
        "Net Income Including Noncontrolling Interests": NaN,
        "Net Income Continuous Operations": NaN,
        "Earnings From Equity Interest Net Of Tax": NaN,
        "Tax Provision": NaN,
        "Pretax Income": NaN,
        "Other Income Expense": NaN,
        "Other Non Operating Income Expenses": NaN,
        "Special Income Charges": NaN,
        "Other Special Charges": NaN,
        "Impairment Of Capital Assets": NaN,
        "Net Non Operating Interest Income Expense": NaN,
        "Interest Expense Non Operating": NaN,
        "Interest Income Non Operating": NaN,
        "Operating Income": NaN,
        "Operating Expense": NaN,
        "Selling General And Administration": NaN,
        "Gross Profit": NaN,
        "Cost Of Revenue": NaN,
        "Total Revenue": NaN,
        "Operating Revenue": NaN
    },
    "2022-10-31": {
        "Tax Effect Of Unusual Items": NaN,
        "Tax Rate For Calcs": NaN,
        "Normalized EBITDA": NaN,
        "Total Unusual Items": NaN,
        "Total Unusual Items Excluding Goodwill": NaN,
        "Net Income From Continuing Operation Net Minority Interest": NaN,
        "Reconciled Depreciation": NaN,
        "Reconciled Cost Of Revenue": NaN,
        "EBITDA": NaN,
        "EBIT": NaN,
        "Net Interest Income": NaN,
        "Interest Expense": NaN,
        "Interest Income": NaN,
        "Normalized Income": NaN,
        "Net Income From Continuing And Discontinued Operation": NaN,
        "Total Expenses": NaN,
        "Total Operating Income As Reported": NaN,
        "Diluted Average Shares": NaN,
        "Basic Average Shares": NaN,
        "Diluted EPS": NaN,
        "Basic EPS": NaN,
        "Diluted NI Availto Com Stockholders": NaN,
        "Net Income Common Stockholders": NaN,
        "Net Income": NaN,
        "Minority Interests": NaN,
        "Net Income Including Noncontrolling Interests": NaN,
        "Net Income Continuous Operations": NaN,
        "Earnings From Equity Interest Net Of Tax": NaN,
        "Tax Provision": NaN,
        "Pretax Income": NaN,
        "Other Income Expense": NaN,
        "Other Non Operating Income Expenses": NaN,
        "Special Income Charges": NaN,
        "Other Special Charges": NaN,
        "Impairment Of Capital Assets": 0.0,
        "Net Non Operating Interest Income Expense": NaN,
        "Interest Expense Non Operating": NaN,
        "Interest Income Non Operating": NaN,
        "Operating Income": NaN,
        "Operating Expense": NaN,
        "Selling General And Administration": NaN,
        "Gross Profit": NaN,
        "Cost Of Revenue": NaN,
        "Total Revenue": NaN,
        "Operating Revenue": NaN
    },
    "2022-07-31": {
        "Tax Effect Of Unusual Items": 0.0,
        "Tax Rate For Calcs": 0.367492,
        "Normalized EBITDA": 88486000.0,
        "Total Unusual Items": 0.0,
        "Total Unusual Items Excluding Goodwill": 0.0,
        "Net Income From Continuing Operation Net Minority Interest": 13456000.0,
        "Reconciled Depreciation": 48603000.0,
        "Reconciled Cost Of Revenue": 886320000.0,
        "EBITDA": 88486000.0,
        "EBIT": 39883000.0,
        "Net Interest Income": -21683000.0,
        "Interest Expense": 21820000.0,
        "Interest Income": 137000.0,
        "Normalized Income": 13456000.0,
        "Net Income From Continuing And Discontinued Operation": 13456000.0,
        "Total Expenses": 1430792000.0,
        "Total Operating Income As Reported": 50005000.0,
        "Diluted Average Shares": 265835000.0,
        "Basic Average Shares": 265431000.0,
        "Diluted EPS": 0.05,
        "Basic EPS": 0.05,
        "Diluted NI Availto Com Stockholders": 13456000.0,
        "Net Income Common Stockholders": 13456000.0,
        "Net Income": 13456000.0,
        "Minority Interests": 0.0,
        "Net Income Including Noncontrolling Interests": 13456000.0,
        "Net Income Continuous Operations": 13456000.0,
        "Earnings From Equity Interest Net Of Tax": 2031000.0,
        "Tax Provision": 6638000.0,
        "Pretax Income": 18063000.0,
        "Other Income Expense": -10259000.0,
        "Other Non Operating Income Expenses": -10259000.0,
        "Special Income Charges": 0.0,
        "Other Special Charges": NaN,
        "Net Non Operating Interest Income Expense": -21683000.0,
        "Interest Expense Non Operating": 21820000.0,
        "Interest Income Non Operating": 137000.0,
        "Operating Income": 50005000.0,
        "Operating Expense": 544472000.0,
        "Selling General And Administration": 544472000.0,
        "Gross Profit": 594477000.0,
        "Cost Of Revenue": 886320000.0,
        "Total Revenue": 1480797000.0,
        "Operating Revenue": 1480797000.0
    },
    "2022-04-30": {
        "Diluted EPS": 0.09,
        "Total Revenue": NaN,
        "Gross Profit": 608,
        "Operating Income": 50,
        "EBIT": 98,
        "Net Income": 25
    },
    "2022-01-31": {
        "Diluted EPS": 0.11,
        "Total Revenue": NaN,
        "Gross Profit": 636,
        "Operating Income": 83,
        "EBIT": 131,
        "Net Income": 29
    },
    "2021-10-31": {
        "Diluted EPS": 0.2,
        "Total Revenue": NaN,
        "Gross Profit": 595,
        "Operating Income": 62,
        "EBIT": 106,
        "Net Income": 53
    },
    "2021-07-31": {
        "Diluted EPS": 0.28,
        "Total Revenue": NaN,
        "Gross Profit": 599,
        "Operating Income": 73,
        "EBIT": 116,
        "Net Income": 75
    },
    "2021-04-30": {
        "Diluted EPS": 0.03,
        "Total Revenue": NaN,
        "Gross Profit": 597,
        "Operating Income": 48,
        "EBIT": 92,
        "Net Income": 8
    },
    "2021-01-31": {
        "Diluted EPS": -0.04,
        "Total Revenue": NaN,
        "Gross Profit": 569,
        "Operating Income": 67,
        "EBIT": 119,
        "Net Income": -6
    },
    "2020-10-31": {
        "Diluted EPS": 0.02,
        "Total Revenue": NaN,
        "Gross Profit": 541,
        "Operating Income": 46,
        "EBIT": 95,
        "Net Income": 3
    },
    "2020-07-31": {
        "Diluted EPS": 0.04,
        "Total Revenue": NaN,
        "Gross Profit": 530,
        "Operating Income": 65,
        "EBIT": 114,
        "Net Income": 7
    },
    "2020-04-30": {
        "Diluted EPS": -0.15,
        "Total Revenue": NaN,
        "Gross Profit": 466,
        "Operating Income": 16,
        "EBIT": 66,
        "Net Income": -31
    },
    "2020-01-31": {
        "Diluted EPS": 0.0,
        "Total Revenue": NaN,
        "Gross Profit": NaN,
        "Operating Income": NaN,
        "EBIT": NaN,
        "Net Income": NaN
    },
    "2019-10-31": {
        "Diluted EPS": 0.0,
        "Total Revenue": NaN,
        "Gross Profit": NaN,
        "Operating Income": NaN,
        "EBIT": NaN,
        "Net Income": NaN
    },
    "2019-01-31": {
        "Diluted EPS": 0.0,
        "Total Revenue": NaN,
        "Gross Profit": NaN,
        "Operating Income": NaN,
        "EBIT": NaN,
        "Net Income": NaN
    },
    "2023-07-31": {
        "Tax Effect Of Unusual Items": NaN,
        "Tax Rate For Calcs": NaN,
        "Normalized EBITDA": NaN,
        "Total Unusual Items": NaN,
        "Total Unusual Items Excluding Goodwill": NaN,
        "Net Income From Continuing Operation Net Minority Interest": NaN,
        "Reconciled Depreciation": NaN,
        "Reconciled Cost Of Revenue": NaN,
        "EBITDA": NaN,
        "EBIT": NaN,
        "Net Interest Income": NaN,
        "Interest Expense": NaN,
        "Interest Income": NaN,
        "Normalized Income": NaN,
        "Net Income From Continuing And Discontinued Operation": NaN,
        "Total Expenses": NaN,
        "Total Operating Income As Reported": NaN,
        "Diluted Average Shares": NaN,
        "Basic Average Shares": NaN,
        "Diluted EPS": NaN,
        "Basic EPS": NaN,
        "Diluted NI Availto Com Stockholders": NaN,
        "Net Income Common Stockholders": NaN,
        "Net Income": NaN,
        "Minority Interests": 0.0,
        "Net Income Including Noncontrolling Interests": NaN,
        "Net Income Continuous Operations": NaN,
        "Earnings From Equity Interest Net Of Tax": NaN,
        "Tax Provision": NaN,
        "Pretax Income": NaN,
        "Other Income Expense": NaN,
        "Other Non Operating Income Expenses": NaN,
        "Special Income Charges": NaN,
        "Other Special Charges": 305000.0,
        "Impairment Of Capital Assets": NaN,
        "Net Non Operating Interest Income Expense": NaN,
        "Interest Expense Non Operating": NaN,
        "Interest Income Non Operating": NaN,
        "Operating Income": NaN,
        "Operating Expense": NaN,
        "Selling General And Administration": NaN,
        "Gross Profit": NaN,
        "Cost Of Revenue": NaN,
        "Total Revenue": NaN,
        "Operating Revenue": NaN
    },
    "2023-10-31": {
        "Tax Effect Of Unusual Items": NaN,
        "Tax Rate For Calcs": NaN,
        "Normalized EBITDA": NaN,
        "Total Unusual Items": NaN,
        "Total Unusual Items Excluding Goodwill": NaN,
        "Net Income From Continuing Operation Net Minority Interest": NaN,
        "Reconciled Depreciation": NaN,
        "Reconciled Cost Of Revenue": NaN,
        "EBITDA": NaN,
        "EBIT": NaN,
        "Net Interest Income": NaN,
        "Interest Expense": NaN,
        "Interest Income": NaN,
        "Normalized Income": NaN,
        "Net Income From Continuing And Discontinued Operation": NaN,
        "Total Expenses": NaN,
        "Total Operating Income As Reported": NaN,
        "Diluted Average Shares": NaN,
        "Basic Average Shares": NaN,
        "Diluted EPS": NaN,
        "Basic EPS": NaN,
        "Diluted NI Availto Com Stockholders": NaN,
        "Net Income Common Stockholders": NaN,
        "Net Income": NaN,
        "Minority Interests": 0.0,
        "Net Income Including Noncontrolling Interests": NaN,
        "Net Income Continuous Operations": NaN,
        "Earnings From Equity Interest Net Of Tax": NaN,
        "Tax Provision": NaN,
        "Pretax Income": NaN,
        "Other Income Expense": -1222585000.0,
        "Other Non Operating Income Expenses": 113000.0,
        "Special Income Charges": NaN,
        "Other Special Charges": 174000.0,
        "Impairment Of Capital Assets": 1222524000.0,
        "Net Non Operating Interest Income Expense": NaN,
        "Interest Expense Non Operating": NaN,
        "Interest Income Non Operating": NaN,
        "Operating Income": NaN,
        "Operating Expense": NaN,
        "Selling General And Administration": NaN,
        "Gross Profit": NaN,
        "Cost Of Revenue": NaN,
        "Total Revenue": NaN,
        "Operating Revenue": NaN
    },
    "2024-01-31": {
        "Tax Effect Of Unusual Items": NaN,
        "Tax Rate For Calcs": NaN,
        "Normalized EBITDA": NaN,
        "Total Unusual Items": 0.0,
        "Total Unusual Items Excluding Goodwill": 0.0,
        "Net Income From Continuing Operation Net Minority Interest": NaN,
        "Reconciled Depreciation": NaN,
        "Reconciled Cost Of Revenue": NaN,
        "EBITDA": NaN,
        "EBIT": NaN,
        "Net Interest Income": NaN,
        "Interest Expense": NaN,
        "Interest Income": NaN,
        "Normalized Income": NaN,
        "Net Income From Continuing And Discontinued Operation": NaN,
        "Total Expenses": NaN,
        "Total Operating Income As Reported": NaN,
        "Diluted Average Shares": NaN,
        "Basic Average Shares": NaN,
        "Diluted EPS": NaN,
        "Basic EPS": NaN,
        "Diluted NI Availto Com Stockholders": NaN,
        "Net Income Common Stockholders": NaN,
        "Net Income": NaN,
        "Minority Interests": 0.0,
        "Net Income Including Noncontrolling Interests": NaN,
        "Net Income Continuous Operations": NaN,
        "Earnings From Equity Interest Net Of Tax": NaN,
        "Tax Provision": NaN,
        "Pretax Income": NaN,
        "Other Income Expense": 0.0,
        "Other Non Operating Income Expenses": 0.0,
        "Special Income Charges": 0.0,
        "Other Special Charges": 0.0,
        "Impairment Of Capital Assets": 0.0,
        "Net Non Operating Interest Income Expense": NaN,
        "Interest Expense Non Operating": NaN,
        "Interest Income Non Operating": NaN,
        "Operating Income": NaN,
        "Operating Expense": NaN,
        "Selling General And Administration": NaN,
        "Gross Profit": NaN,
        "Cost Of Revenue": NaN,
        "Total Revenue": NaN,
        "Operating Revenue": NaN
    },
    "2024-04-30": {
        "Tax Effect Of Unusual Items": NaN,
        "Tax Rate For Calcs": NaN,
        "Normalized EBITDA": NaN,
        "Total Unusual Items": 0.0,
        "Total Unusual Items Excluding Goodwill": 0.0,
        "Net Income From Continuing Operation Net Minority Interest": NaN,
        "Reconciled Depreciation": NaN,
        "Reconciled Cost Of Revenue": NaN,
        "EBITDA": NaN,
        "EBIT": NaN,
        "Net Interest Income": NaN,
        "Interest Expense": NaN,
        "Interest Income": NaN,
        "Normalized Income": NaN,
        "Net Income From Continuing And Discontinued Operation": NaN,
        "Total Expenses": NaN,
        "Total Operating Income As Reported": NaN,
        "Diluted Average Shares": NaN,
        "Basic Average Shares": NaN,
        "Diluted EPS": NaN,
        "Basic EPS": NaN,
        "Diluted NI Availto Com Stockholders": NaN,
        "Net Income Common Stockholders": NaN,
        "Net Income": NaN,
        "Minority Interests": NaN,
        "Net Income Including Noncontrolling Interests": NaN,
        "Net Income Continuous Operations": NaN,
        "Earnings From Equity Interest Net Of Tax": NaN,
        "Tax Provision": NaN,
        "Pretax Income": NaN,
        "Other Income Expense": -2665000.0,
        "Other Non Operating Income Expenses": -2665000.0,
        "Special Income Charges": 0.0,
        "Other Special Charges": NaN,
        "Impairment Of Capital Assets": NaN,
        "Net Non Operating Interest Income Expense": NaN,
        "Interest Expense Non Operating": NaN,
        "Interest Income Non Operating": NaN,
        "Operating Income": NaN,
        "Operating Expense": NaN,
        "Selling General And Administration": NaN,
        "Gross Profit": NaN,
        "Cost Of Revenue": NaN,
        "Total Revenue": NaN,
        "Operating Revenue": NaN
    },
    "2024-07-31": {
        "Tax Effect Of Unusual Items": 0.0,
        "Tax Rate For Calcs": 0.138155,
        "Normalized EBITDA": 52858000.0,
        "Total Unusual Items": 0.0,
        "Total Unusual Items Excluding Goodwill": 0.0,
        "Net Income From Continuing Operation Net Minority Interest": -24823000.0,
        "Reconciled Depreciation": 49718000.0,
        "Reconciled Cost Of Revenue": 943030000.0,
        "EBITDA": 52858000.0,
        "EBIT": 3140000.0,
        "Net Interest Income": -36133000.0,
        "Interest Expense": 36805000.0,
        "Interest Income": 672000.0,
        "Normalized Income": -24823000.0,
        "Net Income From Continuing And Discontinued Operation": -24823000.0,
        "Total Expenses": 1521287000.0,
        "Total Operating Income As Reported": 2468000.0,
        "Diluted Average Shares": 273074000.0,
        "Basic Average Shares": 273074000.0,
        "Diluted EPS": -0.09,
        "Basic EPS": -0.09,
        "Diluted NI Availto Com Stockholders": -24823000.0,
        "Net Income Common Stockholders": -24823000.0,
        "Net Income": -24823000.0,
        "Minority Interests": NaN,
        "Net Income Including Noncontrolling Interests": -24823000.0,
        "Net Income Continuous Operations": -24823000.0,
        "Earnings From Equity Interest Net Of Tax": 4191000.0,
        "Tax Provision": -4651000.0,
        "Pretax Income": -33665000.0,
        "Other Income Expense": NaN,
        "Other Non Operating Income Expenses": NaN,
        "Special Income Charges": 0.0,
        "Other Special Charges": NaN,
        "Impairment Of Capital Assets": NaN,
        "Net Non Operating Interest Income Expense": -36133000.0,
        "Interest Expense Non Operating": 36805000.0,
        "Interest Income Non Operating": 672000.0,
        "Operating Income": 2468000.0,
        "Operating Expense": 578257000.0,
        "Selling General And Administration": 578257000.0,
        "Gross Profit": 580725000.0,
        "Cost Of Revenue": 943030000.0,
        "Total Revenue": 1523755000.0,
        "Operating Revenue": 1523755000.0
    },
    "2024-10-31": {
        "Tax Effect Of Unusual Items": 0.0,
        "Tax Rate For Calcs": 0.049,
        "Normalized EBITDA": 63897000.0,
        "Total Unusual Items": 0.0,
        "Total Unusual Items Excluding Goodwill": 0.0,
        "Net Income From Continuing Operation Net Minority Interest": -16673000.0,
        "Reconciled Depreciation": 50109000.0,
        "Reconciled Cost Of Revenue": 935680000.0,
        "EBITDA": 63897000.0,
        "EBIT": 13788000.0,
        "Net Interest Income": -34451000.0,
        "Interest Expense": 35797000.0,
        "Interest Income": 1346000.0,
        "Normalized Income": -16673000.0,
        "Net Income From Continuing And Discontinued Operation": -16673000.0,
        "Total Expenses": 1507460000.0,
        "Total Operating Income As Reported": 3977000.0,
        "Diluted Average Shares": 274495000.0,
        "Basic Average Shares": 274495000.0,
        "Diluted EPS": -0.06,
        "Basic EPS": -0.06,
        "Diluted NI Availto Com Stockholders": -16673000.0,
        "Net Income Common Stockholders": -16673000.0,
        "Net Income": -16673000.0,
        "Minority Interests": NaN,
        "Net Income Including Noncontrolling Interests": -16673000.0,
        "Net Income Continuous Operations": -16673000.0,
        "Earnings From Equity Interest Net Of Tax": 4479000.0,
        "Tax Provision": -857000.0,
        "Pretax Income": -22009000.0,
        "Other Income Expense": 8465000.0,
        "Other Non Operating Income Expenses": 8465000.0,
        "Special Income Charges": 0.0,
        "Other Special Charges": NaN,
        "Impairment Of Capital Assets": 0.0,
        "Net Non Operating Interest Income Expense": -34451000.0,
        "Interest Expense Non Operating": 35797000.0,
        "Interest Income Non Operating": 1346000.0,
        "Operating Income": 3977000.0,
        "Operating Expense": 571780000.0,
        "Selling General And Administration": 571780000.0,
        "Gross Profit": 575757000.0,
        "Cost Of Revenue": 935680000.0,
        "Total Revenue": 1511437000.0,
        "Operating Revenue": 1511437000.0
    },
    "2025-01-31": {
        "Tax Effect Of Unusual Items": 0.0,
        "Tax Rate For Calcs": 0.21,
        "Normalized EBITDA": 67979000.0,
        "Total Unusual Items": 0.0,
        "Total Unusual Items Excluding Goodwill": 0.0,
        "Net Income From Continuing Operation Net Minority Interest": -13837000.0,
        "Reconciled Depreciation": 50313000.0,
        "Reconciled Cost Of Revenue": 962870000.0,
        "EBITDA": 67979000.0,
        "EBIT": 17666000.0,
        "Net Interest Income": -32833000.0,
        "Interest Expense": 34111000.0,
        "Interest Income": 1278000.0,
        "Normalized Income": -13837000.0,
        "Net Income From Continuing And Discontinued Operation": -13837000.0,
        "Total Expenses": 1534742000.0,
        "Total Operating Income As Reported": 17388000.0,
        "Diluted Average Shares": 276305000.0,
        "Basic Average Shares": 276305000.0,
        "Diluted EPS": -0.05,
        "Basic EPS": -0.05,
        "Diluted NI Availto Com Stockholders": -13837000.0,
        "Net Income Common Stockholders": -13837000.0,
        "Net Income": -13837000.0,
        "Minority Interests": NaN,
        "Net Income Including Noncontrolling Interests": -13837000.0,
        "Net Income Continuous Operations": -13837000.0,
        "Earnings From Equity Interest Net Of Tax": 5112000.0,
        "Tax Provision": 2504000.0,
        "Pretax Income": -16445000.0,
        "Other Income Expense": -1000000.0,
        "Other Non Operating Income Expenses": -1000000.0,
        "Special Income Charges": 0.0,
        "Other Special Charges": NaN,
        "Impairment Of Capital Assets": 0.0,
        "Net Non Operating Interest Income Expense": -32833000.0,
        "Interest Expense Non Operating": 34111000.0,
        "Interest Income Non Operating": 1278000.0,
        "Operating Income": 17388000.0,
        "Operating Expense": 571872000.0,
        "Selling General And Administration": 571872000.0,
        "Gross Profit": 589260000.0,
        "Cost Of Revenue": 962870000.0,
        "Total Revenue": 1552130000.0,
        "Operating Revenue": 1552130000.0
    },
    "2025-04-30": {
        "Tax Effect Of Unusual Items": 0.0,
        "Tax Rate For Calcs": 0.21,
        "Normalized EBITDA": 67083000.0,
        "Total Unusual Items": NaN,
        "Total Unusual Items Excluding Goodwill": NaN,
        "Net Income From Continuing Operation Net Minority Interest": -11661000.0,
        "Reconciled Depreciation": 49365000.0,
        "Reconciled Cost Of Revenue": 923431000.0,
        "EBITDA": 67083000.0,
        "EBIT": 17718000.0,
        "Net Interest Income": -32135000.0,
        "Interest Expense": 33494000.0,
        "Interest Income": 1359000.0,
        "Normalized Income": -11661000.0,
        "Net Income From Continuing And Discontinued Operation": -11661000.0,
        "Total Expenses": 1477040000.0,
        "Total Operating Income As Reported": 16359000.0,
        "Diluted Average Shares": 277548000.0,
        "Basic Average Shares": 277548000.0,
        "Diluted EPS": -0.04,
        "Basic EPS": -0.04,
        "Diluted NI Availto Com Stockholders": -11661000.0,
        "Net Income Common Stockholders": -11661000.0,
        "Net Income": -11661000.0,
        "Minority Interests": NaN,
        "Net Income Including Noncontrolling Interests": -11661000.0,
        "Net Income Continuous Operations": -11661000.0,
        "Earnings From Equity Interest Net Of Tax": 4610000.0,
        "Tax Provision": 495000.0,
        "Pretax Income": -15776000.0,
        "Other Income Expense": NaN,
        "Other Non Operating Income Expenses": NaN,
        "Special Income Charges": NaN,
        "Other Special Charges": NaN,
        "Impairment Of Capital Assets": NaN,
        "Net Non Operating Interest Income Expense": -32135000.0,
        "Interest Expense Non Operating": 33494000.0,
        "Interest Income Non Operating": 1359000.0,
        "Operating Income": 16359000.0,
        "Operating Expense": 553609000.0,
        "Selling General And Administration": 553609000.0,
        "Gross Profit": 569968000.0,
        "Cost Of Revenue": 923431000.0,
        "Total Revenue": 1493399000.0,
        "Operating Revenue": 1493399000.0
    },
    "2025-07-31": {
        "Tax Effect Of Unusual Items": 0.0,
        "Tax Rate For Calcs": 0.070152,
        "Normalized EBITDA": 93215000.0,
        "Total Unusual Items": NaN,
        "Total Unusual Items Excluding Goodwill": NaN,
        "Net Income From Continuing Operation Net Minority Interest": 13972000.0,
        "Reconciled Depreciation": 49284000.0,
        "Reconciled Cost Of Revenue": 903210000.0,
        "EBITDA": 93215000.0,
        "EBIT": 43931000.0,
        "Net Interest Income": -32388000.0,
        "Interest Expense": 33297000.0,
        "Interest Income": 909000.0,
        "Normalized Income": 13972000.0,
        "Net Income From Continuing And Discontinued Operation": 13972000.0,
        "Total Expenses": 1445507000.0,
        "Total Operating Income As Reported": 43022000.0,
        "Diluted Average Shares": 285741000.0,
        "Basic Average Shares": 279058000.0,
        "Diluted EPS": 0.05,
        "Basic EPS": 0.05,
        "Diluted NI Availto Com Stockholders": 13972000.0,
        "Net Income Common Stockholders": 13972000.0,
        "Net Income": 13972000.0,
        "Minority Interests": NaN,
        "Net Income Including Noncontrolling Interests": 13972000.0,
        "Net Income Continuous Operations": 13972000.0,
        "Earnings From Equity Interest Net Of Tax": 4084000.0,
        "Tax Provision": 746000.0,
        "Pretax Income": 10634000.0,
        "Other Income Expense": NaN,
        "Other Non Operating Income Expenses": NaN,
        "Special Income Charges": NaN,
        "Other Special Charges": NaN,
        "Impairment Of Capital Assets": NaN,
        "Net Non Operating Interest Income Expense": -32388000.0,
        "Interest Expense Non Operating": 33297000.0,
        "Interest Income Non Operating": 909000.0,
        "Operating Income": 43022000.0,
        "Operating Expense": 542297000.0,
        "Selling General And Administration": 542297000.0,
        "Gross Profit": 585319000.0,
        "Cost Of Revenue": 903210000.0,
        "Total Revenue": 1488529000.0,
        "Operating Revenue": 1488529000.0
    }
}