{
    "2023-06-30": {
        "Tax Effect Of Unusual Items": 0.0,
        "Tax Rate For Calcs": 0.222,
        "Net Income From Continuing Operation Net Minority Interest": 356308000.0,
        "Reconciled Depreciation": -2837000.0,
        "EBIT": 489040000.0,
        "Net Interest Income": -31856000.0,
        "Interest Expense": 31856000.0,
        "Normalized Income": 356308000.0,
        "Net Income From Continuing And Discontinued Operation": 356308000.0,
        "Total Expenses": 2527504000.0,
        "Diluted Average Shares": 409642500.0,
        "Basic Average Shares": 406296000.0,
        "Diluted EPS": 0.866667,
        "Basic EPS": 0.88,
        "Diluted NI Availto Com Stockholders": 356308000.0,
        "Net Income Common Stockholders": 356308000.0,
        "Net Income": 356308000.0,
        "Minority Interests": 584000.0,
        "Net Income Including Noncontrolling Interests": 355724000.0,
        "Net Income Continuous Operations": 355724000.0,
        "Tax Provision": 101460000.0,
        "Pretax Income": 457184000.0,
        "Other Income Expense": 113910000.0,
        "Net Non Operating Interest Income Expense": -31856000.0,
        "Interest Expense Non Operating": 31856000.0,
        "Other Operating Expenses": 183829000.0,
        "Total Revenue": 2984688000.0,
        "Operating Revenue": 2984688000.0,
        "Loss Adjustment Expense": 1593585000.0,
        "Net Policyholder Benefits And Claims": 1593585000.0
    },
    "2023-03-31": {
        "Tax Effect Of Unusual Items": 0.0,
        "Tax Rate For Calcs": 0.214,
        "Total Unusual Items": NaN,
        "Total Unusual Items Excluding Goodwill": NaN,
        "Net Income From Continuing Operation Net Minority Interest": 294126000.0,
        "Reconciled Depreciation": 9737000.0,
        "EBIT": 407907000.0,
        "Net Interest Income": -31836000.0,
        "Interest Expense": 31836000.0,
        "Normalized Income": 294126000.0,
        "Net Income From Continuing And Discontinued Operation": 294126000.0,
        "Total Expenses": 2509438000.0,
        "Diluted Average Shares": 277339000.0,
        "Basic Average Shares": 274977000.0,
        "Diluted EPS": 1.06,
        "Basic EPS": 1.07,
        "Diluted NI Availto Com Stockholders": 294126000.0,
        "Net Income Common Stockholders": 294126000.0,
        "Net Income": 294126000.0,
        "Minority Interests": -1603000.0,
        "Net Income Including Noncontrolling Interests": 295729000.0,
        "Net Income Continuous Operations": 295729000.0,
        "Tax Provision": 80342000.0,
        "Pretax Income": 376071000.0,
        "Other Income Expense": 124307000.0,
        "Special Income Charges": NaN,
        "Net Non Operating Interest Income Expense": -31836000.0,
        "Interest Expense Non Operating": 31836000.0,
        "Other Operating Expenses": 195391000.0,
        "Total Revenue": 2885509000.0,
        "Operating Revenue": 2885509000.0,
        "Loss Adjustment Expense": 1563935000.0,
        "Net Policyholder Benefits And Claims": 1563935000.0
    },
    "2022-12-31": {
        "Tax Effect Of Unusual Items": NaN,
        "Tax Rate For Calcs": NaN,
        "Total Unusual Items": 0.0,
        "Total Unusual Items Excluding Goodwill": 0.0,
        "Net Income From Continuing Operation Net Minority Interest": NaN,
        "Reconciled Depreciation": NaN,
        "EBIT": NaN,
        "Net Interest Income": NaN,
        "Interest Expense": NaN,
        "Normalized Income": NaN,
        "Net Income From Continuing And Discontinued Operation": NaN,
        "Total Expenses": NaN,
        "Diluted Average Shares": NaN,
        "Basic Average Shares": NaN,
        "Diluted EPS": NaN,
        "Basic EPS": NaN,
        "Diluted NI Availto Com Stockholders": NaN,
        "Net Income Common Stockholders": NaN,
        "Net Income": NaN,
        "Minority Interests": NaN,
        "Net Income Including Noncontrolling Interests": NaN,
        "Net Income Continuous Operations": NaN,
        "Tax Provision": NaN,
        "Pretax Income": NaN,
        "Other Income Expense": NaN,
        "Special Income Charges": 0.0,
        "Net Non Operating Interest Income Expense": NaN,
        "Interest Expense Non Operating": NaN,
        "Other Operating Expenses": NaN,
        "Total Revenue": NaN,
        "Operating Revenue": NaN,
        "Loss Adjustment Expense": NaN,
        "Net Policyholder Benefits And Claims": NaN
    },
    "2022-09-30": {
        "Tax Effect Of Unusual Items": 0.0,
        "Tax Rate For Calcs": 0.194893,
        "Total Unusual Items": 0.0,
        "Total Unusual Items Excluding Goodwill": 0.0,
        "Net Income From Continuing Operation Net Minority Interest": 228879000.0,
        "Reconciled Depreciation": 8799000.0,
        "EBIT": 318045000.0,
        "Net Interest Income": -31780000.0,
        "Interest Expense": 31780000.0,
        "Normalized Income": 228879000.0,
        "Net Income From Continuing And Discontinued Operation": 228879000.0,
        "Total Expenses": 2479200000.0,
        "Diluted Average Shares": 279642000.0,
        "Basic Average Shares": 277192000.0,
        "Diluted EPS": 0.82,
        "Basic EPS": 0.83,
        "Diluted NI Availto Com Stockholders": 228879000.0,
        "Net Income Common Stockholders": 228879000.0,
        "Net Income": 228879000.0,
        "Minority Interests": -1595000.0,
        "Net Income Including Noncontrolling Interests": 230474000.0,
        "Net Income Continuous Operations": 230474000.0,
        "Tax Provision": 55791000.0,
        "Pretax Income": 286265000.0,
        "Other Income Expense": 119093000.0,
        "Special Income Charges": 0.0,
        "Net Non Operating Interest Income Expense": -31780000.0,
        "Interest Expense Non Operating": 31780000.0,
        "Other Operating Expenses": 172526000.0,
        "Total Revenue": 2765465000.0,
        "Operating Revenue": 2765465000.0
    },
    "2022-06-30": {
        "Tax Effect Of Unusual Items": 0.0,
        "Tax Rate For Calcs": 0.193631,
        "Total Unusual Items": 0.0,
        "Total Unusual Items Excluding Goodwill": 0.0,
        "Net Income From Continuing Operation Net Minority Interest": 179322000.0,
        "Reconciled Depreciation": 12607000.0,
        "EBIT": 254285000.0,
        "Net Interest Income": -31723000.0,
        "Interest Expense": 31723000.0,
        "Normalized Income": 179322000.0,
        "Net Income From Continuing And Discontinued Operation": 179322000.0,
        "Total Expenses": 2330152000.0,
        "Diluted Average Shares": 279525000.0,
        "Basic Average Shares": 276815000.0,
        "Diluted EPS": 0.64,
        "Basic EPS": 0.65,
        "Diluted NI Availto Com Stockholders": 179322000.0,
        "Net Income Common Stockholders": 179322000.0,
        "Net Income": 179322000.0,
        "Minority Interests": -145000.0,
        "Net Income Including Noncontrolling Interests": 179467000.0,
        "Net Income Continuous Operations": 179467000.0,
        "Tax Provision": 43095000.0,
        "Pretax Income": 222562000.0,
        "Other Income Expense": 129317000.0,
        "Special Income Charges": 0.0,
        "Net Non Operating Interest Income Expense": -31723000.0,
        "Interest Expense Non Operating": 31723000.0,
        "Other Operating Expenses": 185629000.0,
        "Total Revenue": 2552714000.0,
        "Operating Revenue": 2552714000.0
    },
    "2022-03-31": {
        "Diluted EPS": 2.12,
        "Total Revenue": NaN,
        "Gross Profit": NaN,
        "Operating Income": 767,
        "EBIT": 792,
        "Net Income": 591
    },
    "2021-12-31": {
        "Diluted EPS": 1.06,
        "Total Revenue": NaN,
        "Gross Profit": NaN,
        "Operating Income": 392,
        "EBIT": 420,
        "Net Income": 294
    },
    "2021-09-30": {
        "Diluted EPS": 0.93,
        "Total Revenue": NaN,
        "Gross Profit": NaN,
        "Operating Income": 367,
        "EBIT": 398,
        "Net Income": 261
    },
    "2021-06-30": {
        "Diluted EPS": 0.85,
        "Total Revenue": NaN,
        "Gross Profit": NaN,
        "Operating Income": 338,
        "EBIT": 375,
        "Net Income": 237
    },
    "2021-03-31": {
        "Diluted EPS": 0.82,
        "Total Revenue": NaN,
        "Gross Profit": NaN,
        "Operating Income": 333,
        "EBIT": 366,
        "Net Income": 230
    },
    "2020-12-31": {
        "Diluted EPS": 1.09,
        "Total Revenue": NaN,
        "Gross Profit": NaN,
        "Operating Income": 435,
        "EBIT": 474,
        "Net Income": 312
    },
    "2020-09-30": {
        "Diluted EPS": 0.54,
        "Total Revenue": NaN,
        "Gross Profit": 925,
        "Operating Income": 246,
        "EBIT": 278,
        "Net Income": 152
    },
    "2020-06-30": {
        "Diluted EPS": 0.25,
        "Total Revenue": NaN,
        "Gross Profit": 801,
        "Operating Income": 144,
        "EBIT": 183,
        "Net Income": 71
    },
    "2020-03-31": {
        "Diluted EPS": -0.01,
        "Total Revenue": NaN,
        "Gross Profit": 703,
        "Operating Income": 30,
        "EBIT": 55,
        "Net Income": -4
    },
    "2019-12-31": {
        "Diluted EPS": 0.41,
        "Total Revenue": NaN,
        "Gross Profit": 904,
        "Operating Income": 180,
        "EBIT": 252,
        "Net Income": 119
    },
    "2019-09-30": {
        "Diluted EPS": 0.57,
        "Total Revenue": NaN,
        "Gross Profit": 924,
        "Operating Income": 241,
        "EBIT": 232,
        "Net Income": 165
    },
    "2019-06-30": {
        "Diluted EPS": 0.75,
        "Total Revenue": NaN,
        "Gross Profit": 995,
        "Operating Income": 314,
        "EBIT": 338,
        "Net Income": 217
    },
    "2019-03-31": {
        "Diluted EPS": 0.63,
        "Total Revenue": NaN,
        "Gross Profit": 948,
        "Operating Income": 270,
        "EBIT": 298,
        "Net Income": 181
    },
    "2018-12-31": {
        "Diluted EPS": 0.46,
        "Total Revenue": NaN,
        "Gross Profit": 931,
        "Operating Income": 203,
        "EBIT": 258,
        "Net Income": 132
    },
    "2018-09-30": {
        "Diluted EPS": 0.56,
        "Total Revenue": NaN,
        "Gross Profit": 920,
        "Operating Income": 249,
        "EBIT": 269,
        "Net Income": 162
    },
    "2018-06-30": {
        "Diluted EPS": 0.62,
        "Total Revenue": NaN,
        "Gross Profit": 937,
        "Operating Income": 269,
        "EBIT": 296,
        "Net Income": 180
    },
    "2018-03-31": {
        "Diluted EPS": 0.58,
        "Total Revenue": NaN,
        "Gross Profit": 928,
        "Operating Income": 248,
        "EBIT": 277,
        "Net Income": 166
    },
    "2017-12-31": {
        "Diluted EPS": 0.53,
        "Total Revenue": NaN,
        "Gross Profit": 958,
        "Operating Income": 238,
        "EBIT": 273,
        "Net Income": 155
    },
    "2017-09-30": {
        "Diluted EPS": 0.56,
        "Total Revenue": NaN,
        "Gross Profit": 950,
        "Operating Income": 263,
        "EBIT": 296,
        "Net Income": 162
    },
    "2017-06-30": {
        "Diluted EPS": 0.38,
        "Total Revenue": NaN,
        "Gross Profit": 883,
        "Operating Income": 198,
        "EBIT": 224,
        "Net Income": 109
    },
    "2017-03-31": {
        "Diluted EPS": 0.43,
        "Total Revenue": NaN,
        "Gross Profit": 891,
        "Operating Income": 221,
        "EBIT": 239,
        "Net Income": 123
    },
    "2016-12-31": {
        "Diluted EPS": 0.52,
        "Total Revenue": NaN,
        "Gross Profit": 978,
        "Operating Income": 269,
        "EBIT": 286,
        "Net Income": 153
    },
    "2016-09-30": {
        "Diluted EPS": 0.76,
        "Total Revenue": NaN,
        "Gross Profit": NaN,
        "Operating Income": 369,
        "EBIT": 391,
        "Net Income": 221
    },
    "2016-06-30": {
        "Diluted EPS": 0.38,
        "Total Revenue": NaN,
        "Gross Profit": 892,
        "Operating Income": 193,
        "EBIT": 210,
        "Net Income": 109
    },
    "2016-03-31": {
        "Diluted EPS": 0.41,
        "Total Revenue": NaN,
        "Gross Profit": 885,
        "Operating Income": 207,
        "EBIT": 237,
        "Net Income": 120
    },
    "2015-12-31": {
        "Diluted EPS": 0.38,
        "Total Revenue": NaN,
        "Gross Profit": 888,
        "Operating Income": 188,
        "EBIT": 208,
        "Net Income": 110
    },
    "2015-09-30": {
        "Diluted EPS": 0.52,
        "Total Revenue": NaN,
        "Gross Profit": 935,
        "Operating Income": 261,
        "EBIT": 284,
        "Net Income": 153
    },
    "2015-06-30": {
        "Diluted EPS": 0.42,
        "Total Revenue": NaN,
        "Gross Profit": 884,
        "Operating Income": 211,
        "EBIT": 234,
        "Net Income": 123
    },
    "2015-03-31": {
        "Diluted EPS": 0.4,
        "Total Revenue": NaN,
        "Gross Profit": 844,
        "Operating Income": 203,
        "EBIT": 222,
        "Net Income": 118
    },
    "2014-12-31": {
        "Diluted EPS": 0.37,
        "Total Revenue": NaN,
        "Gross Profit": 871,
        "Operating Income": 197,
        "EBIT": 223,
        "Net Income": 111
    },
    "2014-09-30": {
        "Diluted EPS": 0.63,
        "Total Revenue": NaN,
        "Gross Profit": 953,
        "Operating Income": 311,
        "EBIT": 324,
        "Net Income": 189
    },
    "2014-06-30": {
        "Diluted EPS": 0.6,
        "Total Revenue": NaN,
        "Gross Profit": 929,
        "Operating Income": 294,
        "EBIT": 319,
        "Net Income": 180
    },
    "2014-03-31": {
        "Diluted EPS": 0.56,
        "Total Revenue": NaN,
        "Gross Profit": 885,
        "Operating Income": 278,
        "EBIT": 303,
        "Net Income": 170
    },
    "2013-12-31": {
        "Diluted EPS": 0.41,
        "Total Revenue": NaN,
        "Gross Profit": 848,
        "Operating Income": 212,
        "EBIT": 235,
        "Net Income": 130
    },
    "2013-09-30": {
        "Diluted EPS": 0.43,
        "Total Revenue": NaN,
        "Gross Profit": 836,
        "Operating Income": 229,
        "EBIT": 258,
        "Net Income": 137
    },
    "2013-06-30": {
        "Diluted EPS": 0.36,
        "Total Revenue": NaN,
        "Gross Profit": 765,
        "Operating Income": 190,
        "EBIT": 220,
        "Net Income": 116
    },
    "2013-03-31": {
        "Diluted EPS": 0.37,
        "Total Revenue": NaN,
        "Gross Profit": 762,
        "Operating Income": 191,
        "EBIT": 212,
        "Net Income": 117
    },
    "2012-12-31": {
        "Diluted EPS": 0.51,
        "Total Revenue": NaN,
        "Gross Profit": 807,
        "Operating Income": 265,
        "EBIT": 303,
        "Net Income": 165
    },
    "2012-09-30": {
        "Diluted EPS": 0.32,
        "Total Revenue": NaN,
        "Gross Profit": 684,
        "Operating Income": 166,
        "EBIT": 184,
        "Net Income": 101
    },
    "2012-06-30": {
        "Diluted EPS": 0.34,
        "Total Revenue": NaN,
        "Gross Profit": 685,
        "Operating Income": 181,
        "EBIT": 206,
        "Net Income": 109
    },
    "2012-03-31": {
        "Diluted EPS": 0.42,
        "Total Revenue": NaN,
        "Gross Profit": 699,
        "Operating Income": 216,
        "EBIT": 238,
        "Net Income": 135
    },
    "2011-12-31": {
        "Diluted EPS": 0.36,
        "Total Revenue": NaN,
        "Gross Profit": 678,
        "Operating Income": 177,
        "EBIT": 208,
        "Net Income": 117
    },
    "2011-09-30": {
        "Diluted EPS": 0.24,
        "Total Revenue": NaN,
        "Gross Profit": 596,
        "Operating Income": 124,
        "EBIT": 148,
        "Net Income": 76
    },
    "2011-06-30": {
        "Diluted EPS": 0.25,
        "Total Revenue": NaN,
        "Gross Profit": 597,
        "Operating Income": 137,
        "EBIT": 148,
        "Net Income": 82
    },
    "2011-03-31": {
        "Diluted EPS": 0.35,
        "Total Revenue": NaN,
        "Gross Profit": 627,
        "Operating Income": 187,
        "EBIT": 209,
        "Net Income": 116
    },
    "2010-12-31": {
        "Diluted EPS": 0.37,
        "Total Revenue": NaN,
        "Gross Profit": 640,
        "Operating Income": 199,
        "EBIT": 218,
        "Net Income": 124
    },
    "2010-09-30": {
        "Diluted EPS": 0.27,
        "Total Revenue": NaN,
        "Gross Profit": 578,
        "Operating Income": 148,
        "EBIT": 170,
        "Net Income": 94
    },
    "2010-06-30": {
        "Diluted EPS": 0.31,
        "Total Revenue": NaN,
        "Gross Profit": 593,
        "Operating Income": 172,
        "EBIT": 194,
        "Net Income": 110
    },
    "2010-03-31": {
        "Diluted EPS": 0.33,
        "Total Revenue": NaN,
        "Gross Profit": 604,
        "Operating Income": 187,
        "EBIT": 207,
        "Net Income": 119
    },
    "2009-12-31": {
        "Diluted EPS": 0.36,
        "Total Revenue": NaN,
        "Gross Profit": 633,
        "Operating Income": 211,
        "EBIT": 234,
        "Net Income": 134
    },
    "2009-09-30": {
        "Diluted EPS": 0.26,
        "Total Revenue": NaN,
        "Gross Profit": 550,
        "Operating Income": 147,
        "EBIT": 156,
        "Net Income": 98
    },
    "2009-06-30": {
        "Diluted EPS": 0.26,
        "Total Revenue": NaN,
        "Gross Profit": 558,
        "Operating Income": 146,
        "EBIT": 170,
        "Net Income": 97
    },
    "2009-03-31": {
        "Diluted EPS": -0.06,
        "Total Revenue": 964,
        "Gross Profit": 353,
        "Operating Income": -34,
        "EBIT": -11,
        "Net Income": -20
    },
    "2023-09-30": {
        "Tax Effect Of Unusual Items": NaN,
        "Tax Rate For Calcs": NaN,
        "Net Income From Continuing Operation Net Minority Interest": NaN,
        "Reconciled Depreciation": NaN,
        "EBIT": NaN,
        "Net Interest Income": NaN,
        "Interest Expense": NaN,
        "Normalized Income": NaN,
        "Net Income From Continuing And Discontinued Operation": NaN,
        "Total Expenses": NaN,
        "Diluted Average Shares": 407158000.0,
        "Basic Average Shares": 403787000.0,
        "Diluted EPS": 0.82,
        "Basic EPS": 0.83,
        "Diluted NI Availto Com Stockholders": NaN,
        "Net Income Common Stockholders": NaN,
        "Net Income": NaN,
        "Minority Interests": NaN,
        "Net Income Including Noncontrolling Interests": NaN,
        "Net Income Continuous Operations": NaN,
        "Tax Provision": NaN,
        "Pretax Income": NaN,
        "Other Income Expense": NaN,
        "Net Non Operating Interest Income Expense": NaN,
        "Interest Expense Non Operating": NaN,
        "Other Operating Expenses": NaN,
        "Total Revenue": NaN,
        "Operating Revenue": NaN,
        "Loss Adjustment Expense": NaN,
        "Net Policyholder Benefits And Claims": NaN
    },
    "2023-12-31": {
        "Tax Effect Of Unusual Items": 0.0,
        "Tax Rate For Calcs": 0.203981,
        "Net Income From Continuing Operation Net Minority Interest": 397339000.0,
        "Reconciled Depreciation": -24155000.0,
        "EBIT": 533077000.0,
        "Net Interest Income": -31879000.0,
        "Interest Expense": 31879000.0,
        "Normalized Income": 397339000.0,
        "Net Income From Continuing And Discontinued Operation": 397339000.0,
        "Total Expenses": 2686608000.0,
        "Diluted Average Shares": 406522500.0,
        "Basic Average Shares": 403579500.0,
        "Diluted EPS": 0.98,
        "Basic EPS": 0.986667,
        "Diluted NI Availto Com Stockholders": 397339000.0,
        "Net Income Common Stockholders": 397339000.0,
        "Net Income": 397339000.0,
        "Minority Interests": -1624000.0,
        "Net Income Including Noncontrolling Interests": 398963000.0,
        "Net Income Continuous Operations": 398963000.0,
        "Tax Provision": 102235000.0,
        "Pretax Income": 501198000.0,
        "Other Income Expense": 160429000.0,
        "Net Non Operating Interest Income Expense": -31879000.0,
        "Interest Expense Non Operating": 31879000.0,
        "Other Operating Expenses": 234642000.0,
        "Total Revenue": 3187806000.0,
        "Operating Revenue": 3187806000.0,
        "Loss Adjustment Expense": 3564629000.0,
        "Net Policyholder Benefits And Claims": 3564629000.0
    },
    "2024-03-31": {
        "Tax Effect Of Unusual Items": 0.0,
        "Tax Rate For Calcs": 0.23,
        "Net Income From Continuing Operation Net Minority Interest": 442471000.0,
        "Reconciled Depreciation": -80784000.0,
        "EBIT": 605799000.0,
        "Net Interest Income": -31728000.0,
        "Interest Expense": 31728000.0,
        "Normalized Income": 442471000.0,
        "Net Income From Continuing And Discontinued Operation": 442471000.0,
        "Total Expenses": 2695879000.0,
        "Diluted Average Shares": 405757500.0,
        "Basic Average Shares": 402316500.0,
        "Diluted EPS": 1.093333,
        "Basic EPS": 1.1,
        "Diluted NI Availto Com Stockholders": 442471000.0,
        "Net Income Common Stockholders": 442471000.0,
        "Net Income": 442471000.0,
        "Minority Interests": 436000.0,
        "Net Income Including Noncontrolling Interests": 442035000.0,
        "Net Income Continuous Operations": 442035000.0,
        "Tax Provision": 132036000.0,
        "Pretax Income": 574071000.0,
        "Other Income Expense": 121488000.0,
        "Net Non Operating Interest Income Expense": -31728000.0,
        "Interest Expense Non Operating": 31728000.0,
        "Other Operating Expenses": 187402000.0,
        "Total Revenue": 3269950000.0,
        "Operating Revenue": 3269950000.0,
        "Loss Adjustment Expense": 1685217000.0,
        "Net Policyholder Benefits And Claims": 1685217000.0
    },
    "2024-06-30": {
        "Tax Effect Of Unusual Items": 0.0,
        "Tax Rate For Calcs": 0.237,
        "Net Income From Continuing Operation Net Minority Interest": 371909000.0,
        "Reconciled Depreciation": -64278000.0,
        "EBIT": 519381000.0,
        "Net Interest Income": -31708000.0,
        "Interest Expense": 31708000.0,
        "Normalized Income": 371909000.0,
        "Net Income From Continuing And Discontinued Operation": 371909000.0,
        "Total Expenses": 2836477000.0,
        "Diluted Average Shares": 403737000.0,
        "Basic Average Shares": 400273000.0,
        "Diluted EPS": 0.92,
        "Basic EPS": 0.93,
        "Diluted NI Availto Com Stockholders": 371909000.0,
        "Net Income Common Stockholders": 371909000.0,
        "Net Income": 371909000.0,
        "Minority Interests": 24000.0,
        "Net Income Including Noncontrolling Interests": 371885000.0,
        "Net Income Continuous Operations": 371885000.0,
        "Tax Provision": 115788000.0,
        "Pretax Income": 487673000.0,
        "Other Income Expense": 126403000.0,
        "Net Non Operating Interest Income Expense": -31708000.0,
        "Interest Expense Non Operating": 31708000.0,
        "Other Operating Expenses": 189092000.0,
        "Total Revenue": 3324150000.0,
        "Operating Revenue": 3324150000.0,
        "Loss Adjustment Expense": 1803680000.0,
        "Net Policyholder Benefits And Claims": 1803680000.0
    },
    "2024-09-30": {
        "Tax Effect Of Unusual Items": 0.0,
        "Tax Rate For Calcs": 0.23,
        "Net Income From Continuing Operation Net Minority Interest": 365634000.0,
        "Reconciled Depreciation": -11931000.0,
        "EBIT": 506169000.0,
        "Net Interest Income": -31720000.0,
        "Interest Expense": 31720000.0,
        "Normalized Income": 365634000.0,
        "Net Income From Continuing And Discontinued Operation": 365634000.0,
        "Total Expenses": 2901311000.0,
        "Diluted Average Shares": 401817000.0,
        "Basic Average Shares": 398338000.0,
        "Diluted EPS": 0.91,
        "Basic EPS": 0.92,
        "Diluted NI Availto Com Stockholders": 365634000.0,
        "Net Income Common Stockholders": 365634000.0,
        "Net Income": 365634000.0,
        "Minority Interests": 320000.0,
        "Net Income Including Noncontrolling Interests": 365314000.0,
        "Net Income Continuous Operations": 365314000.0,
        "Tax Provision": 109135000.0,
        "Pretax Income": 474449000.0,
        "Other Income Expense": 129220000.0,
        "Net Non Operating Interest Income Expense": -31720000.0,
        "Interest Expense Non Operating": 31720000.0,
        "Other Operating Expenses": 186469000.0,
        "Total Revenue": 3375760000.0,
        "Operating Revenue": 3375760000.0,
        "Loss Adjustment Expense": 1847746000.0,
        "Net Policyholder Benefits And Claims": 1847746000.0
    },
    "2024-12-31": {
        "Tax Effect Of Unusual Items": 0.0,
        "Tax Rate For Calcs": 0.21002,
        "Net Income From Continuing Operation Net Minority Interest": 576101000.0,
        "Reconciled Depreciation": -13645000.0,
        "EBIT": 760052000.0,
        "Net Interest Income": -31751000.0,
        "Interest Expense": 31751000.0,
        "Normalized Income": 576101000.0,
        "Net Income From Continuing And Discontinued Operation": 576101000.0,
        "Total Expenses": 2992967000.0,
        "Diluted Average Shares": NaN,
        "Basic Average Shares": NaN,
        "Diluted EPS": NaN,
        "Basic EPS": NaN,
        "Diluted NI Availto Com Stockholders": 576101000.0,
        "Net Income Common Stockholders": 576101000.0,
        "Net Income": 576101000.0,
        "Minority Interests": 758000.0,
        "Net Income Including Noncontrolling Interests": 575343000.0,
        "Net Income Continuous Operations": 575343000.0,
        "Tax Provision": 152958000.0,
        "Pretax Income": 728301000.0,
        "Other Income Expense": 153352000.0,
        "Net Non Operating Interest Income Expense": -31751000.0,
        "Interest Expense Non Operating": 31751000.0,
        "Other Operating Expenses": 219627000.0,
        "Total Revenue": 3721268000.0,
        "Operating Revenue": 3721268000.0,
        "Loss Adjustment Expense": 3960645000.0,
        "Net Policyholder Benefits And Claims": 3960645000.0
    }
}