{
    "2023-03-31": {
        "Tax Effect Of Unusual Items": -128084000.0,
        "Tax Rate For Calcs": 0.055,
        "Normalized EBITDA": 737300000.0,
        "Total Unusual Items": -2328800000.0,
        "Total Unusual Items Excluding Goodwill": -2328800000.0,
        "Net Income From Continuing Operation Net Minority Interest": -2006100000.0,
        "Reconciled Depreciation": 395800000.0,
        "Reconciled Cost Of Revenue": 4048000000.0,
        "EBITDA": -1591500000.0,
        "EBIT": -1987300000.0,
        "Net Interest Income": -108400000.0,
        "Interest Expense": 134300000.0,
        "Interest Income": 25900000.0,
        "Normalized Income": 194616000.0,
        "Net Income From Continuing And Discontinued Operation": -2006100000.0,
        "Total Expenses": 4942700000.0,
        "Total Operating Income As Reported": -1993900000.0,
        "Diluted Average Shares": 255600000.0,
        "Basic Average Shares": 255600000.0,
        "Diluted EPS": -7.85,
        "Basic EPS": -7.85,
        "Diluted NI Availto Com Stockholders": -2006100000.0,
        "Average Dilution Earnings": 0.0,
        "Net Income Common Stockholders": -2006100000.0,
        "Otherunder Preferred Stock Dividend": NaN,
        "Net Income": -2006100000.0,
        "Minority Interests": -1300000.0,
        "Net Income Including Noncontrolling Interests": -2004800000.0,
        "Net Income Continuous Operations": -2004800000.0,
        "Tax Provision": -116800000.0,
        "Pretax Income": -2121600000.0,
        "Other Income Expense": -2348100000.0,
        "Other Non Operating Income Expenses": -23800000.0,
        "Special Income Charges": -2328800000.0,
        "Gain On Sale Of Ppe": 8600000.0,
        "Gain On Sale Of Business": -500000.0,
        "Impairment Of Capital Assets": 1893000000.0,
        "Restructuring And Mergern Acquisition": 435300000.0,
        "Earnings From Equity Interest": 4500000.0,
        "Net Non Operating Interest Income Expense": -108400000.0,
        "Interest Expense Non Operating": 134300000.0,
        "Interest Income Non Operating": 25900000.0,
        "Operating Income": 334900000.0,
        "Operating Expense": 585100000.0,
        "Depreciation Amortization Depletion Income Statement": 86200000.0,
        "Depreciation And Amortization In Income Statement": 86200000.0,
        "Amortization": 86200000.0,
        "Amortization Of Intangibles Income Statement": 86200000.0,
        "Selling General And Administration": 498900000.0,
        "General And Administrative Expense": NaN,
        "Other Gand A": NaN,
        "Salaries And Wages": NaN,
        "Gross Profit": 920000000.0,
        "Cost Of Revenue": 4357600000.0,
        "Total Revenue": 5277600000.0,
        "Operating Revenue": 5277600000.0
    },
    "2022-12-31": {
        "Tax Effect Of Unusual Items": NaN,
        "Tax Rate For Calcs": NaN,
        "Normalized EBITDA": NaN,
        "Total Unusual Items": NaN,
        "Total Unusual Items Excluding Goodwill": NaN,
        "Net Income From Continuing Operation Net Minority Interest": NaN,
        "Reconciled Depreciation": NaN,
        "Reconciled Cost Of Revenue": NaN,
        "EBITDA": NaN,
        "EBIT": NaN,
        "Net Interest Income": NaN,
        "Interest Expense": NaN,
        "Interest Income": NaN,
        "Normalized Income": NaN,
        "Net Income From Continuing And Discontinued Operation": NaN,
        "Total Expenses": NaN,
        "Total Operating Income As Reported": NaN,
        "Diluted Average Shares": NaN,
        "Basic Average Shares": NaN,
        "Diluted EPS": NaN,
        "Basic EPS": NaN,
        "Diluted NI Availto Com Stockholders": NaN,
        "Average Dilution Earnings": NaN,
        "Net Income Common Stockholders": NaN,
        "Otherunder Preferred Stock Dividend": NaN,
        "Net Income": NaN,
        "Minority Interests": NaN,
        "Net Income Including Noncontrolling Interests": NaN,
        "Net Income Continuous Operations": NaN,
        "Tax Provision": NaN,
        "Pretax Income": NaN,
        "Other Income Expense": NaN,
        "Other Non Operating Income Expenses": NaN,
        "Special Income Charges": NaN,
        "Gain On Sale Of Ppe": 0.0,
        "Gain On Sale Of Business": NaN,
        "Impairment Of Capital Assets": NaN,
        "Restructuring And Mergern Acquisition": NaN,
        "Earnings From Equity Interest": NaN,
        "Net Non Operating Interest Income Expense": NaN,
        "Interest Expense Non Operating": NaN,
        "Interest Income Non Operating": NaN,
        "Operating Income": NaN,
        "Operating Expense": NaN,
        "Depreciation Amortization Depletion Income Statement": NaN,
        "Depreciation And Amortization In Income Statement": NaN,
        "Amortization": NaN,
        "Amortization Of Intangibles Income Statement": NaN,
        "Selling General And Administration": NaN,
        "General And Administrative Expense": NaN,
        "Other Gand A": NaN,
        "Salaries And Wages": NaN,
        "Gross Profit": NaN,
        "Cost Of Revenue": NaN,
        "Total Revenue": NaN,
        "Operating Revenue": NaN
    },
    "2022-09-30": {
        "Tax Effect Of Unusual Items": NaN,
        "Tax Rate For Calcs": NaN,
        "Normalized EBITDA": NaN,
        "Total Unusual Items": NaN,
        "Total Unusual Items Excluding Goodwill": NaN,
        "Net Income From Continuing Operation Net Minority Interest": NaN,
        "Reconciled Depreciation": NaN,
        "Reconciled Cost Of Revenue": NaN,
        "EBITDA": NaN,
        "EBIT": NaN,
        "Net Interest Income": NaN,
        "Interest Expense": NaN,
        "Interest Income": NaN,
        "Normalized Income": NaN,
        "Net Income From Continuing And Discontinued Operation": NaN,
        "Total Expenses": NaN,
        "Total Operating Income As Reported": NaN,
        "Diluted Average Shares": NaN,
        "Basic Average Shares": NaN,
        "Diluted EPS": NaN,
        "Basic EPS": NaN,
        "Diluted NI Availto Com Stockholders": NaN,
        "Average Dilution Earnings": NaN,
        "Net Income Common Stockholders": NaN,
        "Otherunder Preferred Stock Dividend": 0.0,
        "Net Income": NaN,
        "Minority Interests": NaN,
        "Net Income Including Noncontrolling Interests": NaN,
        "Net Income Continuous Operations": NaN,
        "Tax Provision": NaN,
        "Pretax Income": NaN,
        "Other Income Expense": NaN,
        "Other Non Operating Income Expenses": NaN,
        "Special Income Charges": NaN,
        "Gain On Sale Of Ppe": NaN,
        "Gain On Sale Of Business": NaN,
        "Other Special Charges": 300000.0,
        "Impairment Of Capital Assets": 0.0,
        "Restructuring And Mergern Acquisition": NaN,
        "Earnings From Equity Interest": NaN,
        "Net Non Operating Interest Income Expense": NaN,
        "Interest Expense Non Operating": NaN,
        "Interest Income Non Operating": NaN,
        "Operating Income": NaN,
        "Operating Expense": NaN,
        "Depreciation Amortization Depletion Income Statement": NaN,
        "Depreciation And Amortization In Income Statement": NaN,
        "Amortization": NaN,
        "Amortization Of Intangibles Income Statement": NaN,
        "Selling General And Administration": NaN,
        "General And Administrative Expense": NaN,
        "Other Gand A": NaN,
        "Salaries And Wages": NaN,
        "Gross Profit": NaN,
        "Cost Of Revenue": NaN,
        "Total Revenue": NaN,
        "Operating Revenue": NaN
    },
    "2022-06-30": {
        "Tax Effect Of Unusual Items": -6835668.292683,
        "Tax Rate For Calcs": 0.258927,
        "Normalized EBITDA": 994700000.0,
        "Total Unusual Items": -26400000.0,
        "Total Unusual Items Excluding Goodwill": -26400000.0,
        "Net Income From Continuing Operation Net Minority Interest": 377900000.0,
        "Reconciled Depreciation": 377300000.0,
        "Reconciled Cost Of Revenue": 4070500000.0,
        "EBITDA": 968300000.0,
        "EBIT": 591000000.0,
        "Net Interest Income": -78500000.0,
        "Interest Expense": 78500000.0,
        "Interest Income": 13900000.0,
        "Normalized Income": 397464331.707317,
        "Net Income From Continuing And Discontinued Operation": 377900000.0,
        "Total Expenses": 4952100000.0,
        "Total Operating Income As Reported": 541200000.0,
        "Diluted Average Shares": 257400000.0,
        "Basic Average Shares": 255600000.0,
        "Diluted EPS": 1.47,
        "Basic EPS": 1.48,
        "Diluted NI Availto Com Stockholders": 377900000.0,
        "Average Dilution Earnings": NaN,
        "Net Income Common Stockholders": 377900000.0,
        "Otherunder Preferred Stock Dividend": 0.0,
        "Net Income": 377900000.0,
        "Minority Interests": -1900000.0,
        "Net Income Including Noncontrolling Interests": 379800000.0,
        "Net Income Continuous Operations": 379800000.0,
        "Tax Provision": 132700000.0,
        "Pretax Income": 512500000.0,
        "Other Income Expense": 23400000.0,
        "Other Non Operating Income Expenses": 31500000.0,
        "Special Income Charges": -26400000.0,
        "Gain On Sale Of Ppe": 200000.0,
        "Gain On Sale Of Business": -700000.0,
        "Other Special Charges": NaN,
        "Impairment Of Capital Assets": 26000000.0,
        "Restructuring And Mergern Acquisition": 600000.0,
        "Earnings From Equity Interest": 18300000.0,
        "Net Non Operating Interest Income Expense": -78500000.0,
        "Interest Expense Non Operating": 78500000.0,
        "Interest Income Non Operating": 13900000.0,
        "Operating Income": 567600000.0,
        "Operating Expense": 591800000.0,
        "Depreciation Amortization Depletion Income Statement": 87500000.0,
        "Depreciation And Amortization In Income Statement": 87500000.0,
        "Amortization": 87500000.0,
        "Amortization Of Intangibles Income Statement": 87500000.0,
        "Selling General And Administration": 504300000.0,
        "General And Administrative Expense": 504300000.0,
        "Other Gand A": 504300000.0,
        "Salaries And Wages": NaN,
        "Gross Profit": 1159400000.0,
        "Cost Of Revenue": 4360300000.0,
        "Total Revenue": 5519700000.0,
        "Operating Revenue": 5519700000.0
    },
    "2023-06-30": {
        "Tax Effect Of Unusual Items": -12126300.0,
        "Tax Rate For Calcs": 0.249,
        "Normalized EBITDA": 843500000.0,
        "Total Unusual Items": -48700000.0,
        "Total Unusual Items Excluding Goodwill": -48700000.0,
        "Net Income From Continuing Operation Net Minority Interest": 202000000.0,
        "Reconciled Depreciation": 382500000.0,
        "Reconciled Cost Of Revenue": 3801900000.0,
        "EBITDA": 794800000.0,
        "EBIT": 412300000.0,
        "Net Interest Income": -108100000.0,
        "Interest Expense": 141900000.0,
        "Interest Income": 33800000.0,
        "Normalized Income": 238573700.0,
        "Net Income From Continuing And Discontinued Operation": 202000000.0,
        "Total Expenses": 4731200000.0,
        "Total Operating Income As Reported": 358700000.0,
        "Diluted Average Shares": 257000000.0,
        "Basic Average Shares": 256300000.0,
        "Diluted EPS": 0.79,
        "Basic EPS": 0.79,
        "Diluted NI Availto Com Stockholders": 202000000.0,
        "Average Dilution Earnings": NaN,
        "Net Income Common Stockholders": 202000000.0,
        "Otherunder Preferred Stock Dividend": 0.0,
        "Net Income": 202000000.0,
        "Minority Interests": -1100000.0,
        "Net Income Including Noncontrolling Interests": 203100000.0,
        "Net Income Continuous Operations": 203100000.0,
        "Tax Provision": 67300000.0,
        "Pretax Income": 270400000.0,
        "Other Income Expense": -11400000.0,
        "Other Non Operating Income Expenses": 13600000.0,
        "Special Income Charges": -48700000.0,
        "Gain On Sale Of Ppe": -1000000.0,
        "Gain On Sale Of Business": -5100000.0,
        "Impairment Of Capital Assets": 0.0,
        "Restructuring And Mergern Acquisition": 42600000.0,
        "Earnings From Equity Interest": 23700000.0,
        "Net Non Operating Interest Income Expense": -108100000.0,
        "Interest Expense Non Operating": 141900000.0,
        "Interest Income Non Operating": 33800000.0,
        "Operating Income": 389900000.0,
        "Operating Expense": 631600000.0,
        "Depreciation Amortization Depletion Income Statement": 84800000.0,
        "Depreciation And Amortization In Income Statement": 84800000.0,
        "Amortization": 84800000.0,
        "Amortization Of Intangibles Income Statement": 84800000.0,
        "Selling General And Administration": 546800000.0,
        "General And Administrative Expense": 546800000.0,
        "Other Gand A": 541500000.0,
        "Salaries And Wages": 5300000.0,
        "Gross Profit": 1021500000.0,
        "Cost Of Revenue": 4099600000.0,
        "Total Revenue": 5121100000.0,
        "Operating Revenue": 5121100000.0
    },
    "2022-03-31": {
        "Diluted EPS": 0.15,
        "Total Revenue": NaN,
        "Gross Profit": NaN,
        "Operating Income": 57,
        "EBIT": 430,
        "Net Income": 40
    },
    "2021-12-31": {
        "Diluted EPS": 0.68,
        "Total Revenue": NaN,
        "Gross Profit": 797,
        "Operating Income": 271,
        "EBIT": 637,
        "Net Income": 182
    },
    "2021-09-30": {
        "Diluted EPS": 1.21,
        "Total Revenue": NaN,
        "Gross Profit": 998,
        "Operating Income": 469,
        "EBIT": 834,
        "Net Income": 324
    },
    "2021-06-30": {
        "Diluted EPS": 0.93,
        "Total Revenue": NaN,
        "Gross Profit": 930,
        "Operating Income": 382,
        "EBIT": 751,
        "Net Income": 250
    },
    "2021-03-31": {
        "Diluted EPS": 0.42,
        "Total Revenue": NaN,
        "Gross Profit": 750,
        "Operating Income": 197,
        "EBIT": 559,
        "Net Income": 113
    },
    "2020-12-31": {
        "Diluted EPS": 0.57,
        "Total Revenue": NaN,
        "Gross Profit": 753,
        "Operating Income": 233,
        "EBIT": 598,
        "Net Income": 152
    },
    "2020-09-30": {
        "Diluted EPS": -4.46,
        "Total Revenue": NaN,
        "Gross Profit": 813,
        "Operating Income": NaN,
        "EBIT": 644,
        "Net Income": NaN
    },
    "2020-06-30": {
        "Diluted EPS": 0.69,
        "Total Revenue": NaN,
        "Gross Profit": 770,
        "Operating Income": 272,
        "EBIT": 637,
        "Net Income": 179
    },
    "2020-03-31": {
        "Diluted EPS": 0.57,
        "Total Revenue": NaN,
        "Gross Profit": 805,
        "Operating Income": 274,
        "EBIT": 649,
        "Net Income": 148
    },
    "2019-12-31": {
        "Diluted EPS": 0.53,
        "Total Revenue": NaN,
        "Gross Profit": 809,
        "Operating Income": 253,
        "EBIT": 634,
        "Net Income": 139
    },
    "2019-09-30": {
        "Diluted EPS": 1.19,
        "Total Revenue": NaN,
        "Gross Profit": NaN,
        "Operating Income": 490,
        "EBIT": 873,
        "Net Income": 311
    },
    "2019-06-30": {
        "Diluted EPS": 0.98,
        "Total Revenue": NaN,
        "Gross Profit": 989,
        "Operating Income": 421,
        "EBIT": 807,
        "Net Income": 253
    },
    "2019-03-31": {
        "Diluted EPS": 0.62,
        "Total Revenue": NaN,
        "Gross Profit": 900,
        "Operating Income": 305,
        "EBIT": 689,
        "Net Income": 160
    },
    "2018-12-31": {
        "Diluted EPS": 0.54,
        "Total Revenue": NaN,
        "Gross Profit": 782,
        "Operating Income": 277,
        "EBIT": 637,
        "Net Income": 139
    },
    "2018-09-30": {
        "Diluted EPS": 1.07,
        "Total Revenue": NaN,
        "Gross Profit": 932,
        "Operating Income": 423,
        "EBIT": 737,
        "Net Income": 279
    },
    "2018-06-30": {
        "Diluted EPS": 1.03,
        "Total Revenue": NaN,
        "Gross Profit": 867,
        "Operating Income": 385,
        "EBIT": 701,
        "Net Income": 268
    },
    "2018-03-31": {
        "Diluted EPS": 0.86,
        "Total Revenue": NaN,
        "Gross Profit": 789,
        "Operating Income": 284,
        "EBIT": 600,
        "Net Income": 223
    },
    "2017-12-31": {
        "Diluted EPS": 4.38,
        "Total Revenue": NaN,
        "Gross Profit": 774,
        "Operating Income": 95,
        "EBIT": 401,
        "Net Income": NaN
    },
    "2017-09-30": {
        "Diluted EPS": 0.76,
        "Total Revenue": NaN,
        "Gross Profit": 756,
        "Operating Income": 241,
        "EBIT": 539,
        "Net Income": 196
    },
    "2017-06-30": {
        "Diluted EPS": 1.29,
        "Total Revenue": NaN,
        "Gross Profit": 696,
        "Operating Income": 233,
        "EBIT": 509,
        "Net Income": 328
    },
    "2017-03-31": {
        "Diluted EPS": 0.4,
        "Total Revenue": NaN,
        "Gross Profit": 675,
        "Operating Income": 187,
        "EBIT": 451,
        "Net Income": 103
    },
    "2016-12-31": {
        "Diluted EPS": 0.32,
        "Total Revenue": NaN,
        "Gross Profit": 591,
        "Operating Income": 121,
        "EBIT": 397,
        "Net Income": 81
    },
    "2016-09-30": {
        "Diluted EPS": -0.36,
        "Total Revenue": NaN,
        "Gross Profit": 719,
        "Operating Income": -113,
        "EBIT": -418,
        "Net Income": -92
    },
    "2016-06-30": {
        "Diluted EPS": 0.36,
        "Total Revenue": NaN,
        "Gross Profit": 727,
        "Operating Income": 289,
        "EBIT": 673,
        "Net Income": 92
    },
    "2016-03-31": {
        "Diluted EPS": 0.22,
        "Total Revenue": NaN,
        "Gross Profit": 657,
        "Operating Income": 151,
        "EBIT": 920,
        "Net Income": 57
    },
    "2015-12-31": {
        "Diluted EPS": -1.76,
        "Total Revenue": NaN,
        "Gross Profit": 655,
        "Operating Income": 103,
        "EBIT": 398,
        "Net Income": -454
    },
    "2015-09-30": {
        "Diluted EPS": 0.18,
        "Total Revenue": NaN,
        "Gross Profit": 685,
        "Operating Income": 190,
        "EBIT": 471,
        "Net Income": 116
    },
    "2015-06-30": {
        "Diluted EPS": 1.1,
        "Total Revenue": NaN,
        "Gross Profit": 526,
        "Operating Income": 267,
        "EBIT": 422,
        "Net Income": 156
    },
    "2015-03-31": {
        "Diluted EPS": 0.77,
        "Total Revenue": NaN,
        "Gross Profit": 457,
        "Operating Income": 187,
        "EBIT": 340,
        "Net Income": 110
    },
    "2014-12-31": {
        "Diluted EPS": 0.0,
        "Total Revenue": NaN,
        "Gross Profit": NaN,
        "Operating Income": NaN,
        "EBIT": NaN,
        "Net Income": NaN
    },
    "2014-09-30": {
        "Diluted EPS": 0.78,
        "Total Revenue": NaN,
        "Gross Profit": 333,
        "Operating Income": NaN,
        "EBIT": NaN,
        "Net Income": 106
    },
    "2014-06-30": {
        "Diluted EPS": 0.91,
        "Total Revenue": NaN,
        "Gross Profit": 490,
        "Operating Income": 231,
        "EBIT": 571,
        "Net Income": 133
    },
    "2014-03-31": {
        "Diluted EPS": 0.23,
        "Total Revenue": NaN,
        "Gross Profit": 247,
        "Operating Income": 86,
        "EBIT": 86,
        "Net Income": 31
    },
    "2013-12-31": {
        "Diluted EPS": 0.0,
        "Total Revenue": NaN,
        "Gross Profit": NaN,
        "Operating Income": NaN,
        "EBIT": NaN,
        "Net Income": NaN
    },
    "2013-09-30": {
        "Diluted EPS": 0.56,
        "Total Revenue": NaN,
        "Gross Profit": 283,
        "Operating Income": NaN,
        "EBIT": NaN,
        "Net Income": 80
    },
    "2013-06-30": {
        "Diluted EPS": 0.5,
        "Total Revenue": NaN,
        "Gross Profit": 237,
        "Operating Income": 78,
        "EBIT": 174,
        "Net Income": 71
    },
    "2013-03-31": {
        "Diluted EPS": 0.08,
        "Total Revenue": NaN,
        "Gross Profit": 196,
        "Operating Income": 28,
        "EBIT": 28,
        "Net Income": 11
    },
    "2012-12-31": {
        "Diluted EPS": 0.0,
        "Total Revenue": NaN,
        "Gross Profit": NaN,
        "Operating Income": NaN,
        "EBIT": NaN,
        "Net Income": NaN
    },
    "2012-09-30": {
        "Diluted EPS": 0.36,
        "Total Revenue": NaN,
        "Gross Profit": 300,
        "Operating Income": NaN,
        "EBIT": NaN,
        "Net Income": 51
    },
    "2012-06-30": {
        "Diluted EPS": 0.64,
        "Total Revenue": NaN,
        "Gross Profit": 325,
        "Operating Income": 146,
        "EBIT": 237,
        "Net Income": 88
    },
    "2012-03-31": {
        "Diluted EPS": 0.36,
        "Total Revenue": NaN,
        "Gross Profit": 273,
        "Operating Income": 112,
        "EBIT": 112,
        "Net Income": 49
    },
    "2011-12-31": {
        "Diluted EPS": 0.0,
        "Total Revenue": NaN,
        "Gross Profit": NaN,
        "Operating Income": NaN,
        "EBIT": NaN,
        "Net Income": NaN
    },
    "2011-09-30": {
        "Diluted EPS": 0.86,
        "Total Revenue": NaN,
        "Gross Profit": 321,
        "Operating Income": NaN,
        "EBIT": NaN,
        "Net Income": 117
    },
    "2011-06-30": {
        "Diluted EPS": 0.65,
        "Total Revenue": NaN,
        "Gross Profit": 313,
        "Operating Income": 140,
        "EBIT": 226,
        "Net Income": 89
    },
    "2011-03-31": {
        "Diluted EPS": 0.49,
        "Total Revenue": NaN,
        "Gross Profit": 316,
        "Operating Income": 132,
        "EBIT": 132,
        "Net Income": 65
    },
    "2010-12-31": {
        "Diluted EPS": 0.0,
        "Total Revenue": NaN,
        "Gross Profit": NaN,
        "Operating Income": NaN,
        "EBIT": NaN,
        "Net Income": NaN
    },
    "2010-09-30": {
        "Diluted EPS": -0.12,
        "Total Revenue": NaN,
        "Gross Profit": 349,
        "Operating Income": NaN,
        "EBIT": NaN,
        "Net Income": -15
    },
    "2010-06-30": {
        "Diluted EPS": 0.37,
        "Total Revenue": NaN,
        "Gross Profit": 300,
        "Operating Income": 131,
        "EBIT": 230,
        "Net Income": 50
    },
    "2010-03-31": {
        "Diluted EPS": 0.18,
        "Total Revenue": NaN,
        "Gross Profit": 231,
        "Operating Income": 67,
        "EBIT": 67,
        "Net Income": 24
    },
    "2009-12-31": {
        "Diluted EPS": 0.0,
        "Total Revenue": NaN,
        "Gross Profit": NaN,
        "Operating Income": NaN,
        "EBIT": NaN,
        "Net Income": NaN
    },
    "2009-09-30": {
        "Diluted EPS": 0.95,
        "Total Revenue": NaN,
        "Gross Profit": 312,
        "Operating Income": NaN,
        "EBIT": NaN,
        "Net Income": 128
    },
    "2009-06-30": {
        "Diluted EPS": 0.92,
        "Total Revenue": NaN,
        "Gross Profit": 230,
        "Operating Income": 34,
        "EBIT": 146,
        "Net Income": 125
    },
    "2009-03-31": {
        "Diluted EPS": -0.59,
        "Total Revenue": NaN,
        "Gross Profit": 160,
        "Operating Income": -47,
        "EBIT": -47,
        "Net Income": -79
    },
    "2023-09-30": {
        "Tax Effect Of Unusual Items": -19698000.0,
        "Tax Rate For Calcs": 0.21,
        "Normalized EBITDA": 709600000.0,
        "Total Unusual Items": -93800000.0,
        "Total Unusual Items Excluding Goodwill": -93800000.0,
        "Net Income From Continuing Operation Net Minority Interest": 109800000.0,
        "Reconciled Depreciation": 384300000.0,
        "Reconciled Cost Of Revenue": 3810300000.0,
        "EBITDA": 615800000.0,
        "EBIT": 231500000.0,
        "Net Interest Income": -104100000.0,
        "Interest Expense": 140000000.0,
        "Interest Income": 35900000.0,
        "Normalized Income": 183902000.0,
        "Net Income From Continuing And Discontinued Operation": 109800000.0,
        "Total Expenses": 4682900000.0,
        "Total Operating Income As Reported": -44500000.0,
        "Diluted Average Shares": 257900000.0,
        "Basic Average Shares": 256402917.0,
        "Diluted EPS": 0.428232,
        "Basic EPS": 0.428232,
        "Diluted NI Availto Com Stockholders": 109800000.0,
        "Average Dilution Earnings": NaN,
        "Net Income Common Stockholders": 109800000.0,
        "Otherunder Preferred Stock Dividend": 0.0,
        "Net Income": 109800000.0,
        "Minority Interests": -900000.0,
        "Net Income Including Noncontrolling Interests": 110700000.0,
        "Net Income Continuous Operations": 110700000.0,
        "Tax Provision": -19200000.0,
        "Pretax Income": 91500000.0,
        "Other Income Expense": -109700000.0,
        "Other Non Operating Income Expenses": -27100000.0,
        "Special Income Charges": -93800000.0,
        "Gain On Sale Of Ppe": 229500000.0,
        "Gain On Sale Of Business": 225700000.0,
        "Impairment Of Capital Assets": 0.0,
        "Restructuring And Mergern Acquisition": 320700000.0,
        "Earnings From Equity Interest": 11200000.0,
        "Net Non Operating Interest Income Expense": -104100000.0,
        "Interest Expense Non Operating": 140000000.0,
        "Interest Income Non Operating": 35900000.0,
        "Operating Income": 305300000.0,
        "Operating Expense": 572200000.0,
        "Depreciation Amortization Depletion Income Statement": 83900000.0,
        "Depreciation And Amortization In Income Statement": 83900000.0,
        "Amortization": 83900000.0,
        "Amortization Of Intangibles Income Statement": 83900000.0,
        "Selling General And Administration": 488300000.0,
        "General And Administrative Expense": 488300000.0,
        "Other Gand A": 494900000.0,
        "Salaries And Wages": -6600000.0,
        "Gross Profit": 877500000.0,
        "Cost Of Revenue": 4110700000.0,
        "Total Revenue": 4988200000.0,
        "Operating Revenue": 4988200000.0
    },
    "2023-12-31": {
        "Tax Effect Of Unusual Items": -13650000.0,
        "Tax Rate For Calcs": 0.21,
        "Normalized EBITDA": 569300000.0,
        "Total Unusual Items": -65000000.0,
        "Total Unusual Items Excluding Goodwill": -65000000.0,
        "Net Income From Continuing Operation Net Minority Interest": -22400000.0,
        "Reconciled Depreciation": 381800000.0,
        "Reconciled Cost Of Revenue": 3561400000.0,
        "EBITDA": 504300000.0,
        "EBIT": 122500000.0,
        "Net Interest Income": -101400000.0,
        "Interest Expense": 139500000.0,
        "Interest Income": 38100000.0,
        "Normalized Income": 28950000.0,
        "Net Income From Continuing And Discontinued Operation": -22400000.0,
        "Total Expenses": 4470300000.0,
        "Total Operating Income As Reported": 84200000.0,
        "Diluted Average Shares": 257000000.0,
        "Basic Average Shares": 257000000.0,
        "Diluted EPS": -0.09,
        "Basic EPS": -0.09,
        "Diluted NI Availto Com Stockholders": -22400000.0,
        "Average Dilution Earnings": NaN,
        "Net Income Common Stockholders": -22400000.0,
        "Otherunder Preferred Stock Dividend": NaN,
        "Net Income": -22400000.0,
        "Minority Interests": 300000.0,
        "Net Income Including Noncontrolling Interests": -22700000.0,
        "Net Income Continuous Operations": -22700000.0,
        "Tax Provision": 5700000.0,
        "Pretax Income": -17000000.0,
        "Other Income Expense": -65300000.0,
        "Other Non Operating Income Expenses": -4500000.0,
        "Special Income Charges": -65000000.0,
        "Gain On Sale Of Ppe": 500000.0,
        "Gain On Sale Of Business": 200000.0,
        "Impairment Of Capital Assets": NaN,
        "Restructuring And Mergern Acquisition": 65200000.0,
        "Earnings From Equity Interest": 4200000.0,
        "Net Non Operating Interest Income Expense": -101400000.0,
        "Interest Expense Non Operating": 139500000.0,
        "Interest Income Non Operating": 38100000.0,
        "Operating Income": 149700000.0,
        "Operating Expense": 609100000.0,
        "Depreciation Amortization Depletion Income Statement": 82000000.0,
        "Depreciation And Amortization In Income Statement": 82000000.0,
        "Amortization": 82000000.0,
        "Amortization Of Intangibles Income Statement": 82000000.0,
        "Selling General And Administration": 527100000.0,
        "General And Administrative Expense": NaN,
        "Other Gand A": NaN,
        "Salaries And Wages": NaN,
        "Gross Profit": 758800000.0,
        "Cost Of Revenue": 3861200000.0,
        "Total Revenue": 4620000000.0,
        "Operating Revenue": 4620000000.0
    },
    "2024-03-31": {
        "Tax Effect Of Unusual Items": -33280000.0,
        "Tax Rate For Calcs": 0.4,
        "Normalized EBITDA": 614700000.0,
        "Total Unusual Items": -83200000.0,
        "Total Unusual Items Excluding Goodwill": -83200000.0,
        "Net Income From Continuing Operation Net Minority Interest": 15500000.0,
        "Reconciled Depreciation": 388400000.0,
        "Reconciled Cost Of Revenue": 3637200000.0,
        "EBITDA": 531500000.0,
        "EBIT": 143100000.0,
        "Net Interest Income": -100800000.0,
        "Interest Expense": 136700000.0,
        "Interest Income": 35900000.0,
        "Normalized Income": 65420000.0,
        "Net Income From Continuing And Discontinued Operation": 15500000.0,
        "Total Expenses": 4525100000.0,
        "Total Operating Income As Reported": 120400000.0,
        "Diluted Average Shares": 259300000.0,
        "Basic Average Shares": 258000000.0,
        "Diluted EPS": 0.06,
        "Basic EPS": 0.06,
        "Diluted NI Availto Com Stockholders": 15500000.0,
        "Average Dilution Earnings": NaN,
        "Net Income Common Stockholders": 15500000.0,
        "Otherunder Preferred Stock Dividend": NaN,
        "Net Income": 15500000.0,
        "Minority Interests": -900000.0,
        "Net Income Including Noncontrolling Interests": 16400000.0,
        "Net Income Continuous Operations": 16400000.0,
        "Tax Provision": -10000000.0,
        "Pretax Income": 6400000.0,
        "Other Income Expense": -94400000.0,
        "Other Non Operating Income Expenses": -14100000.0,
        "Special Income Charges": -83200000.0,
        "Gain On Sale Of Ppe": NaN,
        "Gain On Sale Of Business": -2200000.0,
        "Impairment Of Capital Assets": 0.0,
        "Restructuring And Mergern Acquisition": 81000000.0,
        "Earnings From Equity Interest": 2900000.0,
        "Net Non Operating Interest Income Expense": -100800000.0,
        "Interest Expense Non Operating": 136700000.0,
        "Interest Income Non Operating": 35900000.0,
        "Operating Income": 201600000.0,
        "Operating Expense": 578500000.0,
        "Depreciation Amortization Depletion Income Statement": 79000000.0,
        "Depreciation And Amortization In Income Statement": 79000000.0,
        "Amortization": 79000000.0,
        "Amortization Of Intangibles Income Statement": 79000000.0,
        "Selling General And Administration": 499500000.0,
        "General And Administrative Expense": NaN,
        "Other Gand A": NaN,
        "Salaries And Wages": NaN,
        "Gross Profit": 780100000.0,
        "Cost Of Revenue": 3946600000.0,
        "Total Revenue": 4726700000.0,
        "Operating Revenue": 4726700000.0
    }
}