{
    "2023-12-31": {
        "Tax Effect Of Unusual Items": 0.0,
        "Tax Rate For Calcs": 0.0,
        "Normalized EBITDA": -1644763.0,
        "Total Unusual Items": 424322.0,
        "Total Unusual Items Excluding Goodwill": 424322.0,
        "Net Income From Continuing Operation Net Minority Interest": -532485.0,
        "Reconciled Depreciation": 51725.0,
        "Reconciled Cost Of Revenue": 51725.0,
        "EBITDA": -1220441.0,
        "EBIT": -1272166.0,
        "Net Interest Income": 315359.0,
        "Interest Income": 315359.0,
        "Normalized Income": -956807.0,
        "Net Income From Continuing And Discontinued Operation": -532485.0,
        "Total Expenses": 1272166.0,
        "Diluted Average Shares": NaN,
        "Basic Average Shares": NaN,
        "Diluted EPS": NaN,
        "Basic EPS": NaN,
        "Diluted NI Availto Com Stockholders": -532485.0,
        "Net Income Common Stockholders": -532485.0,
        "Net Income": -532485.0,
        "Net Income Including Noncontrolling Interests": -532485.0,
        "Net Income Continuous Operations": -532485.0,
        "Pretax Income": -532485.0,
        "Other Income Expense": 424322.0,
        "Gain On Sale Of Security": 424322.0,
        "Net Non Operating Interest Income Expense": 315359.0,
        "Interest Income Non Operating": 315359.0,
        "Operating Income": -1272166.0,
        "Operating Expense": 1220441.0,
        "Other Operating Expenses": 4216.0,
        "Selling General And Administration": 1216225.0,
        "General And Administrative Expense": 1216225.0,
        "Other Gand A": 412486.0,
        "Salaries And Wages": 803739.0,
        "Gross Profit": -51725.0,
        "Cost Of Revenue": 51725.0,
        "Total Revenue": 0.0,
        "Operating Revenue": 0.0
    },
    "2023-09-30": {
        "Tax Effect Of Unusual Items": NaN,
        "Tax Rate For Calcs": NaN,
        "Normalized EBITDA": NaN,
        "Total Unusual Items": NaN,
        "Total Unusual Items Excluding Goodwill": NaN,
        "Net Income From Continuing Operation Net Minority Interest": NaN,
        "Reconciled Depreciation": NaN,
        "Reconciled Cost Of Revenue": NaN,
        "EBITDA": NaN,
        "EBIT": NaN,
        "Net Interest Income": NaN,
        "Interest Income": NaN,
        "Normalized Income": NaN,
        "Net Income From Continuing And Discontinued Operation": NaN,
        "Total Expenses": NaN,
        "Diluted Average Shares": 162530928.0,
        "Basic Average Shares": 162530928.0,
        "Diluted EPS": -0.01,
        "Basic EPS": -0.01,
        "Diluted NI Availto Com Stockholders": NaN,
        "Net Income Common Stockholders": NaN,
        "Net Income": NaN,
        "Net Income Including Noncontrolling Interests": NaN,
        "Net Income Continuous Operations": NaN,
        "Pretax Income": NaN,
        "Other Income Expense": NaN,
        "Gain On Sale Of Security": NaN,
        "Net Non Operating Interest Income Expense": NaN,
        "Interest Income Non Operating": NaN,
        "Operating Income": NaN,
        "Operating Expense": NaN,
        "Other Operating Expenses": NaN,
        "Selling General And Administration": NaN,
        "General And Administrative Expense": NaN,
        "Other Gand A": NaN,
        "Salaries And Wages": NaN,
        "Gross Profit": NaN,
        "Cost Of Revenue": NaN,
        "Total Revenue": NaN,
        "Operating Revenue": NaN
    },
    "2023-06-30": {
        "Tax Effect Of Unusual Items": NaN,
        "Tax Rate For Calcs": NaN,
        "Normalized EBITDA": NaN,
        "Total Unusual Items": NaN,
        "Total Unusual Items Excluding Goodwill": NaN,
        "Net Income From Continuing Operation Net Minority Interest": NaN,
        "Reconciled Depreciation": NaN,
        "Reconciled Cost Of Revenue": NaN,
        "EBITDA": NaN,
        "EBIT": NaN,
        "Net Interest Income": NaN,
        "Interest Income": NaN,
        "Normalized Income": NaN,
        "Net Income From Continuing And Discontinued Operation": NaN,
        "Total Expenses": NaN,
        "Diluted Average Shares": 160369786.0,
        "Basic Average Shares": 160369786.0,
        "Diluted EPS": -0.01,
        "Basic EPS": -0.01,
        "Diluted NI Availto Com Stockholders": NaN,
        "Net Income Common Stockholders": NaN,
        "Net Income": NaN,
        "Net Income Including Noncontrolling Interests": NaN,
        "Net Income Continuous Operations": NaN,
        "Pretax Income": NaN,
        "Other Income Expense": NaN,
        "Gain On Sale Of Security": NaN,
        "Net Non Operating Interest Income Expense": NaN,
        "Interest Income Non Operating": NaN,
        "Operating Income": NaN,
        "Operating Expense": NaN,
        "Other Operating Expenses": NaN,
        "Selling General And Administration": NaN,
        "General And Administrative Expense": NaN,
        "Other Gand A": NaN,
        "Salaries And Wages": NaN,
        "Gross Profit": NaN,
        "Cost Of Revenue": NaN,
        "Total Revenue": NaN,
        "Operating Revenue": NaN
    },
    "2023-03-31": {
        "Tax Effect Of Unusual Items": NaN,
        "Tax Rate For Calcs": NaN,
        "Normalized EBITDA": NaN,
        "Total Unusual Items": NaN,
        "Total Unusual Items Excluding Goodwill": NaN,
        "Net Income From Continuing Operation Net Minority Interest": NaN,
        "Reconciled Depreciation": NaN,
        "Reconciled Cost Of Revenue": NaN,
        "EBITDA": NaN,
        "EBIT": NaN,
        "Net Interest Income": NaN,
        "Interest Income": NaN,
        "Normalized Income": NaN,
        "Net Income From Continuing And Discontinued Operation": NaN,
        "Total Expenses": NaN,
        "Diluted Average Shares": 152634678.0,
        "Basic Average Shares": 152634678.0,
        "Diluted EPS": -0.01,
        "Basic EPS": -0.01,
        "Diluted NI Availto Com Stockholders": NaN,
        "Net Income Common Stockholders": NaN,
        "Net Income": NaN,
        "Net Income Including Noncontrolling Interests": NaN,
        "Net Income Continuous Operations": NaN,
        "Pretax Income": NaN,
        "Other Income Expense": NaN,
        "Gain On Sale Of Security": NaN,
        "Net Non Operating Interest Income Expense": NaN,
        "Interest Income Non Operating": NaN,
        "Operating Income": NaN,
        "Operating Expense": NaN,
        "Other Operating Expenses": NaN,
        "Selling General And Administration": NaN,
        "General And Administrative Expense": NaN,
        "Other Gand A": NaN,
        "Salaries And Wages": NaN,
        "Gross Profit": NaN,
        "Cost Of Revenue": NaN,
        "Total Revenue": NaN,
        "Operating Revenue": NaN
    },
    "2024-03-31": {
        "Tax Effect Of Unusual Items": NaN,
        "Tax Rate For Calcs": NaN,
        "Normalized EBITDA": NaN,
        "Total Unusual Items": NaN,
        "Total Unusual Items Excluding Goodwill": NaN,
        "Net Income From Continuing Operation Net Minority Interest": NaN,
        "Reconciled Depreciation": NaN,
        "Reconciled Cost Of Revenue": NaN,
        "EBITDA": NaN,
        "EBIT": NaN,
        "Net Interest Income": NaN,
        "Interest Income": NaN,
        "Normalized Income": NaN,
        "Net Income From Continuing And Discontinued Operation": NaN,
        "Total Expenses": NaN,
        "Diluted Average Shares": 167107495.0,
        "Basic Average Shares": 167107495.0,
        "Diluted EPS": -0.01,
        "Basic EPS": -0.01,
        "Diluted NI Availto Com Stockholders": NaN,
        "Net Income Common Stockholders": NaN,
        "Net Income": NaN,
        "Net Income Including Noncontrolling Interests": NaN,
        "Net Income Continuous Operations": NaN,
        "Pretax Income": NaN,
        "Other Income Expense": NaN,
        "Gain On Sale Of Security": NaN,
        "Net Non Operating Interest Income Expense": NaN,
        "Interest Income Non Operating": NaN,
        "Operating Income": NaN,
        "Operating Expense": NaN,
        "Other Operating Expenses": NaN,
        "Selling General And Administration": NaN,
        "General And Administrative Expense": NaN,
        "Other Gand A": NaN,
        "Salaries And Wages": NaN,
        "Gross Profit": NaN,
        "Cost Of Revenue": NaN,
        "Total Revenue": NaN,
        "Operating Revenue": NaN
    },
    "2022-12-31": {
        "Tax Effect Of Unusual Items": NaN,
        "Tax Rate For Calcs": NaN,
        "Normalized EBITDA": NaN,
        "Total Unusual Items": NaN,
        "Total Unusual Items Excluding Goodwill": NaN,
        "Net Income From Continuing Operation Net Minority Interest": NaN,
        "Reconciled Depreciation": NaN,
        "Reconciled Cost Of Revenue": NaN,
        "EBITDA": NaN,
        "EBIT": NaN,
        "Net Interest Income": NaN,
        "Interest Income": NaN,
        "Normalized Income": NaN,
        "Net Income From Continuing And Discontinued Operation": NaN,
        "Total Expenses": NaN,
        "Diluted Average Shares": NaN,
        "Basic Average Shares": NaN,
        "Diluted EPS": NaN,
        "Basic EPS": NaN,
        "Diluted NI Availto Com Stockholders": NaN,
        "Net Income Common Stockholders": NaN,
        "Net Income": NaN,
        "Net Income Including Noncontrolling Interests": NaN,
        "Net Income Continuous Operations": NaN,
        "Pretax Income": NaN,
        "Other Income Expense": NaN,
        "Other Non Operating Income Expenses": 0.0,
        "Gain On Sale Of Security": NaN,
        "Net Non Operating Interest Income Expense": NaN,
        "Interest Income Non Operating": NaN,
        "Operating Income": NaN,
        "Operating Expense": NaN,
        "Other Operating Expenses": NaN,
        "Selling General And Administration": NaN,
        "General And Administrative Expense": NaN,
        "Other Gand A": NaN,
        "Salaries And Wages": NaN,
        "Gross Profit": NaN,
        "Cost Of Revenue": NaN,
        "Total Revenue": NaN,
        "Operating Revenue": NaN
    },
    "2022-09-30": {
        "Tax Effect Of Unusual Items": NaN,
        "Tax Rate For Calcs": NaN,
        "Normalized EBITDA": NaN,
        "Total Unusual Items": NaN,
        "Total Unusual Items Excluding Goodwill": NaN,
        "Net Income From Continuing Operation Net Minority Interest": NaN,
        "Reconciled Depreciation": NaN,
        "Reconciled Cost Of Revenue": NaN,
        "EBITDA": NaN,
        "EBIT": NaN,
        "Net Interest Income": NaN,
        "Interest Income": NaN,
        "Normalized Income": NaN,
        "Net Income From Continuing And Discontinued Operation": NaN,
        "Total Expenses": NaN,
        "Diluted Average Shares": 151581030.0,
        "Basic Average Shares": 151581030.0,
        "Diluted EPS": -0.004662,
        "Basic EPS": -0.004662,
        "Diluted NI Availto Com Stockholders": NaN,
        "Net Income Common Stockholders": NaN,
        "Net Income": NaN,
        "Net Income Including Noncontrolling Interests": NaN,
        "Net Income Continuous Operations": NaN,
        "Pretax Income": NaN,
        "Other Income Expense": NaN,
        "Other Non Operating Income Expenses": 252194.0,
        "Gain On Sale Of Security": NaN,
        "Net Non Operating Interest Income Expense": NaN,
        "Interest Income Non Operating": NaN,
        "Operating Income": NaN,
        "Operating Expense": NaN,
        "Other Operating Expenses": NaN,
        "Selling General And Administration": NaN,
        "General And Administrative Expense": NaN,
        "Other Gand A": NaN,
        "Salaries And Wages": NaN,
        "Gross Profit": NaN,
        "Cost Of Revenue": NaN,
        "Total Revenue": NaN,
        "Operating Revenue": NaN
    },
    "2024-06-30": {
        "Tax Effect Of Unusual Items": 0.0,
        "Tax Rate For Calcs": 0.0,
        "Normalized EBITDA": -2771234.0,
        "Total Unusual Items": -427815.0,
        "Total Unusual Items Excluding Goodwill": -427815.0,
        "Net Income From Continuing Operation Net Minority Interest": -3040114.0,
        "Reconciled Depreciation": 51134.0,
        "Reconciled Cost Of Revenue": 51134.0,
        "EBITDA": -3199049.0,
        "EBIT": -3250183.0,
        "Net Interest Income": 637884.0,
        "Interest Income": 637884.0,
        "Normalized Income": -2612299.0,
        "Net Income From Continuing And Discontinued Operation": -3040114.0,
        "Total Expenses": 3250183.0,
        "Diluted Average Shares": 187821573.0,
        "Basic Average Shares": 187821573.0,
        "Diluted EPS": -0.02,
        "Basic EPS": -0.02,
        "Diluted NI Availto Com Stockholders": -3040114.0,
        "Net Income Common Stockholders": -3040114.0,
        "Net Income": -3040114.0,
        "Net Income Including Noncontrolling Interests": -3040114.0,
        "Net Income Continuous Operations": -3040114.0,
        "Pretax Income": -3040114.0,
        "Other Income Expense": -427815.0,
        "Gain On Sale Of Security": -427815.0,
        "Net Non Operating Interest Income Expense": 637884.0,
        "Interest Income Non Operating": 637884.0,
        "Operating Income": -3250183.0,
        "Operating Expense": 3199049.0,
        "Other Operating Expenses": 100942.0,
        "Selling General And Administration": 3098107.0,
        "General And Administrative Expense": 3098107.0,
        "Other Gand A": 547860.0,
        "Salaries And Wages": 2550247.0,
        "Gross Profit": -51134.0,
        "Cost Of Revenue": 51134.0,
        "Total Revenue": 0.0,
        "Operating Revenue": 0.0
    },
    "2024-09-30": {
        "Tax Effect Of Unusual Items": 0.0,
        "Tax Rate For Calcs": 0.0,
        "Normalized EBITDA": -2236107.0,
        "Total Unusual Items": 343899.0,
        "Total Unusual Items Excluding Goodwill": 343899.0,
        "Net Income From Continuing Operation Net Minority Interest": -680737.0,
        "Reconciled Depreciation": 38817.0,
        "Reconciled Cost Of Revenue": 38817.0,
        "EBITDA": -1892208.0,
        "EBIT": -1931025.0,
        "Net Interest Income": 906389.0,
        "Interest Income": 906389.0,
        "Normalized Income": -1024636.0,
        "Net Income From Continuing And Discontinued Operation": -680737.0,
        "Total Expenses": 1931025.0,
        "Diluted Average Shares": 198219077.0,
        "Basic Average Shares": 198219077.0,
        "Diluted EPS": -0.003434,
        "Basic EPS": -0.003434,
        "Diluted NI Availto Com Stockholders": -680737.0,
        "Net Income Common Stockholders": -680737.0,
        "Net Income": -680737.0,
        "Net Income Including Noncontrolling Interests": -680737.0,
        "Net Income Continuous Operations": -680737.0,
        "Pretax Income": -680737.0,
        "Other Income Expense": 343899.0,
        "Gain On Sale Of Security": 343899.0,
        "Net Non Operating Interest Income Expense": 906389.0,
        "Interest Income Non Operating": 906389.0,
        "Operating Income": -1931025.0,
        "Operating Expense": 1892208.0,
        "Other Operating Expenses": 12714.0,
        "Selling General And Administration": 1879494.0,
        "General And Administrative Expense": 1879494.0,
        "Other Gand A": 383775.0,
        "Salaries And Wages": 1495719.0,
        "Gross Profit": -38817.0,
        "Cost Of Revenue": 38817.0,
        "Total Revenue": 0.0,
        "Operating Revenue": 0.0
    },
    "2024-12-31": {
        "Tax Effect Of Unusual Items": 0.0,
        "Tax Rate For Calcs": 0.0,
        "Normalized EBITDA": -2068952.0,
        "Total Unusual Items": -150031.0,
        "Total Unusual Items Excluding Goodwill": -150031.0,
        "Net Income From Continuing Operation Net Minority Interest": -1593628.0,
        "Reconciled Depreciation": 15974.0,
        "Reconciled Cost Of Revenue": 15374.0,
        "EBITDA": -2218983.0,
        "EBIT": -2234957.0,
        "Net Interest Income": 791360.0,
        "Interest Income": 791360.0,
        "Normalized Income": -1443597.0,
        "Net Income From Continuing And Discontinued Operation": -1593628.0,
        "Total Expenses": 2234957.0,
        "Diluted Average Shares": NaN,
        "Basic Average Shares": NaN,
        "Diluted EPS": NaN,
        "Basic EPS": NaN,
        "Diluted NI Availto Com Stockholders": -1593628.0,
        "Net Income Common Stockholders": -1593628.0,
        "Net Income": -1593628.0,
        "Net Income Including Noncontrolling Interests": -1593628.0,
        "Net Income Continuous Operations": -1593628.0,
        "Pretax Income": -1593628.0,
        "Other Income Expense": -150031.0,
        "Gain On Sale Of Security": -150031.0,
        "Net Non Operating Interest Income Expense": 791360.0,
        "Interest Income Non Operating": 791360.0,
        "Operating Income": -2234957.0,
        "Operating Expense": 2219583.0,
        "Other Operating Expenses": 8810.0,
        "Selling General And Administration": 2210773.0,
        "General And Administrative Expense": 2210773.0,
        "Other Gand A": 564616.0,
        "Salaries And Wages": 1646157.0,
        "Gross Profit": -15374.0,
        "Cost Of Revenue": 15374.0,
        "Total Revenue": 0.0,
        "Operating Revenue": 0.0
    },
    "2025-03-31": {
        "Tax Effect Of Unusual Items": 0.0,
        "Tax Rate For Calcs": 0.0,
        "Normalized EBITDA": -2867055.0,
        "Total Unusual Items": 790093.0,
        "Total Unusual Items Excluding Goodwill": 790093.0,
        "Net Income From Continuing Operation Net Minority Interest": -637066.0,
        "Reconciled Depreciation": 16561.0,
        "Reconciled Cost Of Revenue": 16561.0,
        "EBITDA": -2076962.0,
        "EBIT": -2093523.0,
        "Net Interest Income": 666364.0,
        "Interest Income": 666364.0,
        "Normalized Income": -1427159.0,
        "Net Income From Continuing And Discontinued Operation": -637066.0,
        "Total Expenses": 2093523.0,
        "Diluted Average Shares": 199089677.0,
        "Basic Average Shares": 199089677.0,
        "Diluted EPS": 0.0,
        "Basic EPS": 0.0,
        "Diluted NI Availto Com Stockholders": -637066.0,
        "Net Income Common Stockholders": -637066.0,
        "Net Income": -637066.0,
        "Net Income Including Noncontrolling Interests": -637066.0,
        "Net Income Continuous Operations": -637066.0,
        "Pretax Income": -637066.0,
        "Other Income Expense": 790093.0,
        "Gain On Sale Of Security": 790093.0,
        "Net Non Operating Interest Income Expense": 666364.0,
        "Interest Income Non Operating": 666364.0,
        "Operating Income": -2093523.0,
        "Operating Expense": 2076962.0,
        "Other Operating Expenses": 237298.0,
        "Selling General And Administration": 1839664.0,
        "General And Administrative Expense": 1839664.0,
        "Other Gand A": 461235.0,
        "Salaries And Wages": 1378429.0,
        "Gross Profit": -16561.0,
        "Cost Of Revenue": 16561.0,
        "Total Revenue": 0.0,
        "Operating Revenue": 0.0
    },
    "2025-06-30": {
        "Tax Effect Of Unusual Items": 0.0,
        "Tax Rate For Calcs": 0.0,
        "Normalized EBITDA": -2934636.0,
        "Total Unusual Items": 891052.0,
        "Total Unusual Items Excluding Goodwill": 891052.0,
        "Net Income From Continuing Operation Net Minority Interest": -627995.0,
        "Reconciled Depreciation": 16821.0,
        "Reconciled Cost Of Revenue": 16821.0,
        "EBITDA": -2043584.0,
        "EBIT": -2060405.0,
        "Net Interest Income": 541358.0,
        "Interest Income": 541358.0,
        "Normalized Income": -1519047.0,
        "Net Income From Continuing And Discontinued Operation": -627995.0,
        "Total Expenses": 2060405.0,
        "Diluted Average Shares": 200143421.0,
        "Basic Average Shares": 200143421.0,
        "Diluted EPS": 0.0,
        "Basic EPS": 0.0,
        "Diluted NI Availto Com Stockholders": -627995.0,
        "Net Income Common Stockholders": -627995.0,
        "Net Income": -627995.0,
        "Net Income Including Noncontrolling Interests": -627995.0,
        "Net Income Continuous Operations": -627995.0,
        "Pretax Income": -627995.0,
        "Other Income Expense": 891052.0,
        "Gain On Sale Of Security": 891052.0,
        "Net Non Operating Interest Income Expense": 541358.0,
        "Interest Income Non Operating": 541358.0,
        "Operating Income": -2060405.0,
        "Operating Expense": 2043584.0,
        "Other Operating Expenses": 41409.0,
        "Selling General And Administration": 2002175.0,
        "General And Administrative Expense": 2002175.0,
        "Other Gand A": 573158.0,
        "Salaries And Wages": 1429017.0,
        "Gross Profit": -16821.0,
        "Cost Of Revenue": 16821.0,
        "Total Revenue": 0.0,
        "Operating Revenue": 0.0
    }
}