{
    "2023-08-31": {
        "Tax Effect Of Unusual Items": NaN,
        "Tax Rate For Calcs": NaN,
        "Normalized EBITDA": NaN,
        "Total Unusual Items": NaN,
        "Total Unusual Items Excluding Goodwill": NaN,
        "Net Income From Continuing Operation Net Minority Interest": NaN,
        "Reconciled Depreciation": NaN,
        "Reconciled Cost Of Revenue": NaN,
        "EBITDA": NaN,
        "EBIT": NaN,
        "Net Interest Income": NaN,
        "Interest Expense": NaN,
        "Normalized Income": NaN,
        "Net Income From Continuing And Discontinued Operation": NaN,
        "Total Expenses": NaN,
        "Total Operating Income As Reported": NaN,
        "Diluted Average Shares": NaN,
        "Basic Average Shares": NaN,
        "Diluted EPS": NaN,
        "Basic EPS": NaN,
        "Diluted NI Availto Com Stockholders": NaN,
        "Net Income Common Stockholders": NaN,
        "Net Income": NaN,
        "Minority Interests": NaN,
        "Net Income Including Noncontrolling Interests": NaN,
        "Net Income Continuous Operations": NaN,
        "Tax Provision": NaN,
        "Pretax Income": NaN,
        "Other Income Expense": NaN,
        "Other Non Operating Income Expenses": NaN,
        "Special Income Charges": NaN,
        "Write Off": 1401000.0,
        "Impairment Of Capital Assets": NaN,
        "Restructuring And Mergern Acquisition": NaN,
        "Earnings From Equity Interest": NaN,
        "Net Non Operating Interest Income Expense": NaN,
        "Total Other Finance Cost": 3371000.0,
        "Interest Expense Non Operating": NaN,
        "Operating Income": NaN,
        "Operating Expense": NaN,
        "Selling General And Administration": NaN,
        "Gross Profit": NaN,
        "Cost Of Revenue": NaN,
        "Total Revenue": NaN,
        "Operating Revenue": NaN
    },
    "2023-11-30": {
        "Tax Effect Of Unusual Items": NaN,
        "Tax Rate For Calcs": NaN,
        "Normalized EBITDA": NaN,
        "Total Unusual Items": NaN,
        "Total Unusual Items Excluding Goodwill": NaN,
        "Net Income From Continuing Operation Net Minority Interest": NaN,
        "Reconciled Depreciation": NaN,
        "Reconciled Cost Of Revenue": NaN,
        "EBITDA": NaN,
        "EBIT": NaN,
        "Net Interest Income": NaN,
        "Interest Expense": NaN,
        "Normalized Income": NaN,
        "Net Income From Continuing And Discontinued Operation": NaN,
        "Total Expenses": NaN,
        "Total Operating Income As Reported": NaN,
        "Diluted Average Shares": 50025115.0,
        "Basic Average Shares": 50025115.0,
        "Diluted EPS": -0.12,
        "Basic EPS": -0.12,
        "Diluted NI Availto Com Stockholders": NaN,
        "Net Income Common Stockholders": NaN,
        "Net Income": NaN,
        "Minority Interests": NaN,
        "Net Income Including Noncontrolling Interests": NaN,
        "Net Income Continuous Operations": NaN,
        "Tax Provision": NaN,
        "Pretax Income": NaN,
        "Other Income Expense": NaN,
        "Other Non Operating Income Expenses": NaN,
        "Special Income Charges": NaN,
        "Write Off": NaN,
        "Impairment Of Capital Assets": NaN,
        "Restructuring And Mergern Acquisition": NaN,
        "Earnings From Equity Interest": NaN,
        "Net Non Operating Interest Income Expense": NaN,
        "Total Other Finance Cost": NaN,
        "Interest Expense Non Operating": NaN,
        "Operating Income": NaN,
        "Operating Expense": NaN,
        "Selling General And Administration": NaN,
        "Gross Profit": NaN,
        "Cost Of Revenue": NaN,
        "Total Revenue": NaN,
        "Operating Revenue": NaN
    },
    "2022-11-30": {
        "Tax Effect Of Unusual Items": NaN,
        "Tax Rate For Calcs": NaN,
        "Normalized EBITDA": NaN,
        "Total Unusual Items": NaN,
        "Total Unusual Items Excluding Goodwill": NaN,
        "Net Income From Continuing Operation Net Minority Interest": NaN,
        "Reconciled Depreciation": NaN,
        "Reconciled Cost Of Revenue": NaN,
        "EBITDA": NaN,
        "EBIT": NaN,
        "Net Interest Income": NaN,
        "Interest Expense": 900000.0,
        "Normalized Income": NaN,
        "Net Income From Continuing And Discontinued Operation": NaN,
        "Total Expenses": NaN,
        "Total Operating Income As Reported": NaN,
        "Diluted Average Shares": 50025115.0,
        "Basic Average Shares": 50025115.0,
        "Diluted EPS": -0.315841,
        "Basic EPS": -0.315841,
        "Diluted NI Availto Com Stockholders": NaN,
        "Net Income Common Stockholders": NaN,
        "Net Income": NaN,
        "Minority Interests": NaN,
        "Net Income Including Noncontrolling Interests": NaN,
        "Net Income Continuous Operations": NaN,
        "Tax Provision": NaN,
        "Pretax Income": NaN,
        "Other Income Expense": NaN,
        "Other Non Operating Income Expenses": NaN,
        "Special Income Charges": NaN,
        "Write Off": NaN,
        "Impairment Of Capital Assets": NaN,
        "Restructuring And Mergern Acquisition": NaN,
        "Earnings From Equity Interest": NaN,
        "Net Non Operating Interest Income Expense": NaN,
        "Total Other Finance Cost": NaN,
        "Interest Expense Non Operating": 900000.0,
        "Operating Income": NaN,
        "Operating Expense": NaN,
        "Selling General And Administration": NaN,
        "Gross Profit": NaN,
        "Cost Of Revenue": NaN,
        "Total Revenue": NaN,
        "Operating Revenue": NaN
    },
    "2024-02-29": {
        "Tax Effect Of Unusual Items": NaN,
        "Tax Rate For Calcs": NaN,
        "Normalized EBITDA": NaN,
        "Total Unusual Items": NaN,
        "Total Unusual Items Excluding Goodwill": NaN,
        "Net Income From Continuing Operation Net Minority Interest": NaN,
        "Reconciled Depreciation": NaN,
        "Reconciled Cost Of Revenue": NaN,
        "EBITDA": NaN,
        "EBIT": NaN,
        "Net Interest Income": NaN,
        "Interest Expense": NaN,
        "Normalized Income": NaN,
        "Net Income From Continuing And Discontinued Operation": NaN,
        "Total Expenses": NaN,
        "Total Operating Income As Reported": NaN,
        "Diluted Average Shares": 50300000.0,
        "Basic Average Shares": 49300000.0,
        "Diluted EPS": 0.98,
        "Basic EPS": 0.99,
        "Diluted NI Availto Com Stockholders": NaN,
        "Net Income Common Stockholders": NaN,
        "Net Income": NaN,
        "Minority Interests": NaN,
        "Net Income Including Noncontrolling Interests": NaN,
        "Net Income Continuous Operations": NaN,
        "Tax Provision": NaN,
        "Pretax Income": NaN,
        "Other Income Expense": NaN,
        "Other Non Operating Income Expenses": NaN,
        "Special Income Charges": NaN,
        "Impairment Of Capital Assets": NaN,
        "Restructuring And Mergern Acquisition": NaN,
        "Earnings From Equity Interest": NaN,
        "Net Non Operating Interest Income Expense": NaN,
        "Interest Expense Non Operating": NaN,
        "Operating Income": NaN,
        "Operating Expense": NaN,
        "Selling General And Administration": NaN,
        "Gross Profit": NaN,
        "Cost Of Revenue": NaN,
        "Total Revenue": NaN,
        "Operating Revenue": NaN
    },
    "2023-05-31": {
        "Tax Effect Of Unusual Items": -1807242.393088,
        "Tax Rate For Calcs": 0.24679,
        "Normalized EBITDA": 131014000.0,
        "Total Unusual Items": -7323000.0,
        "Total Unusual Items Excluding Goodwill": -7323000.0,
        "Net Income From Continuing Operation Net Minority Interest": 64524000.0,
        "Reconciled Depreciation": 17183000.0,
        "Reconciled Cost Of Revenue": 733782000.0,
        "EBITDA": 123691000.0,
        "EBIT": 106508000.0,
        "Net Interest Income": -11111000.0,
        "Interest Expense": NaN,
        "Normalized Income": 70039757.606912,
        "Net Income From Continuing And Discontinued Operation": 64524000.0,
        "Total Expenses": 783579000.0,
        "Total Operating Income As Reported": 96985000.0,
        "Diluted Average Shares": NaN,
        "Basic Average Shares": NaN,
        "Diluted EPS": NaN,
        "Basic EPS": NaN,
        "Diluted NI Availto Com Stockholders": 64524000.0,
        "Net Income Common Stockholders": 64524000.0,
        "Net Income": 64524000.0,
        "Minority Interests": -4342000.0,
        "Net Income Including Noncontrolling Interests": 68866000.0,
        "Net Income Continuous Operations": 68866000.0,
        "Tax Provision": 22564000.0,
        "Pretax Income": 91430000.0,
        "Other Income Expense": -1767000.0,
        "Other Non Operating Income Expenses": 1331000.0,
        "Special Income Charges": -7323000.0,
        "Write Off": NaN,
        "Impairment Of Capital Assets": 1812000.0,
        "Restructuring And Mergern Acquisition": 9800000.0,
        "Earnings From Equity Interest": 4225000.0,
        "Net Non Operating Interest Income Expense": -11111000.0,
        "Total Other Finance Cost": NaN,
        "Interest Expense Non Operating": NaN,
        "Operating Income": 104308000.0,
        "Operating Expense": 49797000.0,
        "Selling General And Administration": 49797000.0,
        "Gross Profit": 154105000.0,
        "Cost Of Revenue": 733782000.0,
        "Total Revenue": 887887000.0,
        "Operating Revenue": 887887000.0
    },
    "2023-02-28": {
        "Tax Effect Of Unusual Items": NaN,
        "Tax Rate For Calcs": NaN,
        "Normalized EBITDA": NaN,
        "Total Unusual Items": NaN,
        "Total Unusual Items Excluding Goodwill": NaN,
        "Net Income From Continuing Operation Net Minority Interest": NaN,
        "Reconciled Depreciation": NaN,
        "Reconciled Cost Of Revenue": NaN,
        "EBITDA": NaN,
        "EBIT": NaN,
        "Net Interest Income": NaN,
        "Interest Expense": NaN,
        "Normalized Income": NaN,
        "Net Income From Continuing And Discontinued Operation": NaN,
        "Total Expenses": NaN,
        "Total Operating Income As Reported": NaN,
        "Diluted Average Shares": 50025115.0,
        "Basic Average Shares": 50025115.0,
        "Diluted EPS": 0.107946,
        "Basic EPS": 0.107946,
        "Diluted NI Availto Com Stockholders": NaN,
        "Net Income Common Stockholders": NaN,
        "Net Income": NaN,
        "Minority Interests": NaN,
        "Net Income Including Noncontrolling Interests": NaN,
        "Net Income Continuous Operations": NaN,
        "Tax Provision": NaN,
        "Pretax Income": NaN,
        "Other Income Expense": NaN,
        "Other Non Operating Income Expenses": NaN,
        "Special Income Charges": NaN,
        "Write Off": NaN,
        "Impairment Of Capital Assets": NaN,
        "Restructuring And Mergern Acquisition": NaN,
        "Earnings From Equity Interest": NaN,
        "Net Non Operating Interest Income Expense": NaN,
        "Total Other Finance Cost": NaN,
        "Interest Expense Non Operating": NaN,
        "Operating Income": NaN,
        "Operating Expense": NaN,
        "Selling General And Administration": NaN,
        "Gross Profit": NaN,
        "Cost Of Revenue": NaN,
        "Total Revenue": NaN,
        "Operating Revenue": NaN
    },
    "2022-08-31": {
        "Tax Effect Of Unusual Items": NaN,
        "Tax Rate For Calcs": NaN,
        "Normalized EBITDA": NaN,
        "Total Unusual Items": NaN,
        "Total Unusual Items Excluding Goodwill": NaN,
        "Net Income From Continuing Operation Net Minority Interest": NaN,
        "Reconciled Depreciation": NaN,
        "Reconciled Cost Of Revenue": NaN,
        "EBITDA": NaN,
        "EBIT": NaN,
        "Net Interest Income": NaN,
        "Interest Expense": NaN,
        "Normalized Income": NaN,
        "Net Income From Continuing And Discontinued Operation": NaN,
        "Total Expenses": NaN,
        "Total Operating Income As Reported": NaN,
        "Diluted Average Shares": NaN,
        "Basic Average Shares": NaN,
        "Diluted EPS": NaN,
        "Basic EPS": NaN,
        "Diluted NI Availto Com Stockholders": NaN,
        "Net Income Common Stockholders": NaN,
        "Net Income": NaN,
        "Minority Interests": NaN,
        "Net Income Including Noncontrolling Interests": NaN,
        "Net Income Continuous Operations": NaN,
        "Tax Provision": NaN,
        "Pretax Income": NaN,
        "Other Income Expense": NaN,
        "Other Non Operating Income Expenses": NaN,
        "Special Income Charges": NaN,
        "Write Off": 312000.0,
        "Impairment Of Capital Assets": NaN,
        "Restructuring And Mergern Acquisition": NaN,
        "Earnings From Equity Interest": NaN,
        "Net Non Operating Interest Income Expense": NaN,
        "Total Other Finance Cost": 1329000.0,
        "Interest Expense Non Operating": NaN,
        "Operating Income": NaN,
        "Operating Expense": NaN,
        "Selling General And Administration": NaN,
        "Gross Profit": NaN,
        "Cost Of Revenue": NaN,
        "Total Revenue": NaN,
        "Operating Revenue": NaN
    },
    "2024-05-31": {
        "Tax Effect Of Unusual Items": NaN,
        "Tax Rate For Calcs": NaN,
        "Normalized EBITDA": NaN,
        "Total Unusual Items": NaN,
        "Total Unusual Items Excluding Goodwill": NaN,
        "Net Income From Continuing Operation Net Minority Interest": NaN,
        "Reconciled Depreciation": NaN,
        "Reconciled Cost Of Revenue": NaN,
        "EBITDA": NaN,
        "EBIT": NaN,
        "Net Interest Income": NaN,
        "Interest Expense": NaN,
        "Normalized Income": NaN,
        "Net Income From Continuing And Discontinued Operation": NaN,
        "Total Expenses": NaN,
        "Total Operating Income As Reported": NaN,
        "Diluted Average Shares": NaN,
        "Basic Average Shares": NaN,
        "Diluted EPS": NaN,
        "Basic EPS": NaN,
        "Diluted NI Availto Com Stockholders": NaN,
        "Net Income Common Stockholders": NaN,
        "Otherunder Preferred Stock Dividend": NaN,
        "Net Income": NaN,
        "Minority Interests": NaN,
        "Net Income Including Noncontrolling Interests": NaN,
        "Net Income Continuous Operations": NaN,
        "Tax Provision": NaN,
        "Pretax Income": NaN,
        "Other Income Expense": NaN,
        "Other Non Operating Income Expenses": NaN,
        "Special Income Charges": NaN,
        "Impairment Of Capital Assets": 0.0,
        "Restructuring And Mergern Acquisition": NaN,
        "Earnings From Equity Interest": NaN,
        "Net Non Operating Interest Income Expense": NaN,
        "Interest Expense Non Operating": NaN,
        "Operating Income": NaN,
        "Operating Expense": NaN,
        "Selling General And Administration": NaN,
        "Gross Profit": NaN,
        "Cost Of Revenue": NaN,
        "Total Revenue": NaN,
        "Operating Revenue": NaN
    },
    "2024-08-31": {
        "Tax Effect Of Unusual Items": NaN,
        "Tax Rate For Calcs": NaN,
        "Normalized EBITDA": NaN,
        "Total Unusual Items": NaN,
        "Total Unusual Items Excluding Goodwill": NaN,
        "Net Income From Continuing Operation Net Minority Interest": NaN,
        "Reconciled Depreciation": NaN,
        "Reconciled Cost Of Revenue": NaN,
        "EBITDA": NaN,
        "EBIT": NaN,
        "Net Interest Income": NaN,
        "Interest Expense": NaN,
        "Normalized Income": NaN,
        "Net Income From Continuing And Discontinued Operation": NaN,
        "Total Expenses": NaN,
        "Total Operating Income As Reported": NaN,
        "Diluted Average Shares": NaN,
        "Basic Average Shares": NaN,
        "Diluted EPS": NaN,
        "Basic EPS": NaN,
        "Diluted NI Availto Com Stockholders": NaN,
        "Net Income Common Stockholders": NaN,
        "Otherunder Preferred Stock Dividend": NaN,
        "Net Income": NaN,
        "Minority Interests": NaN,
        "Net Income Including Noncontrolling Interests": NaN,
        "Net Income Continuous Operations": NaN,
        "Tax Provision": NaN,
        "Pretax Income": NaN,
        "Other Income Expense": NaN,
        "Other Non Operating Income Expenses": NaN,
        "Special Income Charges": NaN,
        "Impairment Of Capital Assets": 0.0,
        "Restructuring And Mergern Acquisition": NaN,
        "Earnings From Equity Interest": NaN,
        "Net Non Operating Interest Income Expense": NaN,
        "Interest Expense Non Operating": NaN,
        "Operating Income": NaN,
        "Operating Expense": NaN,
        "Selling General And Administration": NaN,
        "Gross Profit": NaN,
        "Cost Of Revenue": NaN,
        "Total Revenue": NaN,
        "Operating Revenue": NaN
    },
    "2024-11-30": {
        "Tax Effect Of Unusual Items": 0.0,
        "Tax Rate For Calcs": 0.182741,
        "Normalized EBITDA": 38100000.0,
        "Total Unusual Items": 0.0,
        "Total Unusual Items Excluding Goodwill": 0.0,
        "Net Income From Continuing Operation Net Minority Interest": 12800000.0,
        "Reconciled Depreciation": 16300000.0,
        "Reconciled Cost Of Revenue": 659000000.0,
        "EBITDA": 38100000.0,
        "EBIT": 21800000.0,
        "Net Interest Income": -2100000.0,
        "Interest Expense": 2100000.0,
        "Normalized Income": 12800000.0,
        "Net Income From Continuing And Discontinued Operation": 12800000.0,
        "Total Expenses": 720100000.0,
        "Total Operating Income As Reported": 18900000.0,
        "Diluted Average Shares": 50600000.0,
        "Basic Average Shares": 49500000.0,
        "Diluted EPS": 0.25,
        "Basic EPS": 0.26,
        "Diluted NI Availto Com Stockholders": 12800000.0,
        "Net Income Common Stockholders": 12800000.0,
        "Otherunder Preferred Stock Dividend": NaN,
        "Net Income": 12800000.0,
        "Minority Interests": -3300000.0,
        "Net Income Including Noncontrolling Interests": 16100000.0,
        "Net Income Continuous Operations": 16100000.0,
        "Tax Provision": 3600000.0,
        "Pretax Income": 19700000.0,
        "Other Income Expense": 2900000.0,
        "Other Non Operating Income Expenses": 3800000.0,
        "Special Income Charges": 0.0,
        "Impairment Of Capital Assets": 0.0,
        "Restructuring And Mergern Acquisition": 0.0,
        "Earnings From Equity Interest": -900000.0,
        "Net Non Operating Interest Income Expense": -2100000.0,
        "Interest Expense Non Operating": 2100000.0,
        "Operating Income": 18900000.0,
        "Operating Expense": 61100000.0,
        "Selling General And Administration": 61100000.0,
        "Gross Profit": 80000000.0,
        "Cost Of Revenue": 659000000.0,
        "Total Revenue": 739000000.0,
        "Operating Revenue": 739000000.0
    },
    "2025-02-28": {
        "Tax Effect Of Unusual Items": -2216100.0,
        "Tax Rate For Calcs": 0.267,
        "Normalized EBITDA": 43400000.0,
        "Total Unusual Items": -8300000.0,
        "Total Unusual Items Excluding Goodwill": -8300000.0,
        "Net Income From Continuing Operation Net Minority Interest": 13800000.0,
        "Reconciled Depreciation": 16600000.0,
        "Reconciled Cost Of Revenue": 606200000.0,
        "EBITDA": 35100000.0,
        "EBIT": 18500000.0,
        "Net Interest Income": -1400000.0,
        "Interest Expense": 1400000.0,
        "Normalized Income": 19883900.0,
        "Net Income From Continuing And Discontinued Operation": 13800000.0,
        "Total Expenses": 660800000.0,
        "Total Operating Income As Reported": 18300000.0,
        "Diluted Average Shares": 50500000.0,
        "Basic Average Shares": 49500000.0,
        "Diluted EPS": 0.27,
        "Basic EPS": 0.28,
        "Diluted NI Availto Com Stockholders": 13800000.0,
        "Net Income Common Stockholders": 13800000.0,
        "Otherunder Preferred Stock Dividend": NaN,
        "Net Income": 13800000.0,
        "Minority Interests": 1700000.0,
        "Net Income Including Noncontrolling Interests": 12100000.0,
        "Net Income Continuous Operations": 12100000.0,
        "Tax Provision": 5000000.0,
        "Pretax Income": 17100000.0,
        "Other Income Expense": -8100000.0,
        "Other Non Operating Income Expenses": 200000.0,
        "Special Income Charges": -8300000.0,
        "Impairment Of Capital Assets": 7400000.0,
        "Restructuring And Mergern Acquisition": 900000.0,
        "Earnings From Equity Interest": 0.0,
        "Net Non Operating Interest Income Expense": -1400000.0,
        "Interest Expense Non Operating": 1400000.0,
        "Operating Income": 26600000.0,
        "Operating Expense": 54600000.0,
        "Selling General And Administration": 54600000.0,
        "Gross Profit": 81200000.0,
        "Cost Of Revenue": 606200000.0,
        "Total Revenue": 687400000.0,
        "Operating Revenue": 687400000.0
    },
    "2025-05-31": {
        "Tax Effect Of Unusual Items": -366711.051931,
        "Tax Rate For Calcs": 0.215712,
        "Normalized EBITDA": 94700000.0,
        "Total Unusual Items": -1700000.0,
        "Total Unusual Items Excluding Goodwill": -1700000.0,
        "Net Income From Continuing Operation Net Minority Interest": 55700000.0,
        "Reconciled Depreciation": 16900000.0,
        "Reconciled Cost Of Revenue": 705900000.0,
        "EBITDA": 93000000.0,
        "EBIT": 76100000.0,
        "Net Interest Income": -1000000.0,
        "Interest Expense": 1000000.0,
        "Normalized Income": 57033288.948069,
        "Net Income From Continuing And Discontinued Operation": 55700000.0,
        "Total Expenses": 764800000.0,
        "Total Operating Income As Reported": 66400000.0,
        "Diluted Average Shares": 50500000.0,
        "Basic Average Shares": 49500000.0,
        "Diluted EPS": 1.1,
        "Basic EPS": 1.13,
        "Diluted NI Availto Com Stockholders": 55700000.0,
        "Net Income Common Stockholders": 55700000.0,
        "Otherunder Preferred Stock Dividend": NaN,
        "Net Income": 55700000.0,
        "Minority Interests": -3200000.0,
        "Net Income Including Noncontrolling Interests": 58900000.0,
        "Net Income Continuous Operations": 58900000.0,
        "Tax Provision": 16200000.0,
        "Pretax Income": 75100000.0,
        "Other Income Expense": 8000000.0,
        "Other Non Operating Income Expenses": 5700000.0,
        "Special Income Charges": -1700000.0,
        "Impairment Of Capital Assets": 0.0,
        "Restructuring And Mergern Acquisition": 1700000.0,
        "Earnings From Equity Interest": 4000000.0,
        "Net Non Operating Interest Income Expense": -1000000.0,
        "Interest Expense Non Operating": 1000000.0,
        "Operating Income": 68100000.0,
        "Operating Expense": 58900000.0,
        "Selling General And Administration": 58900000.0,
        "Gross Profit": 127000000.0,
        "Cost Of Revenue": 705900000.0,
        "Total Revenue": 832900000.0,
        "Operating Revenue": 832900000.0
    },
    "2025-08-31": {
        "Tax Effect Of Unusual Items": 266000.0,
        "Tax Rate For Calcs": 0.266,
        "Normalized EBITDA": 74200000.0,
        "Total Unusual Items": 1000000.0,
        "Total Unusual Items Excluding Goodwill": 1000000.0,
        "Net Income From Continuing Operation Net Minority Interest": 36800000.0,
        "Reconciled Depreciation": 20300000.0,
        "Reconciled Cost Of Revenue": 757700000.0,
        "EBITDA": 75200000.0,
        "EBIT": 54900000.0,
        "Net Interest Income": -2900000.0,
        "Interest Expense": 2900000.0,
        "Normalized Income": 36066000.0,
        "Net Income From Continuing And Discontinued Operation": 36800000.0,
        "Total Expenses": 825600000.0,
        "Total Operating Income As Reported": 48300000.0,
        "Diluted Average Shares": 50600000.0,
        "Basic Average Shares": 49600000.0,
        "Diluted EPS": 0.72,
        "Basic EPS": 0.73,
        "Diluted NI Availto Com Stockholders": 36300000.0,
        "Net Income Common Stockholders": 36300000.0,
        "Otherunder Preferred Stock Dividend": 500000.0,
        "Net Income": 36800000.0,
        "Minority Interests": -1800000.0,
        "Net Income Including Noncontrolling Interests": 38600000.0,
        "Net Income Continuous Operations": 38600000.0,
        "Tax Provision": 13400000.0,
        "Pretax Income": 52000000.0,
        "Other Income Expense": 7600000.0,
        "Other Non Operating Income Expenses": 200000.0,
        "Special Income Charges": 1000000.0,
        "Impairment Of Capital Assets": NaN,
        "Restructuring And Mergern Acquisition": -1000000.0,
        "Earnings From Equity Interest": 6400000.0,
        "Net Non Operating Interest Income Expense": -2900000.0,
        "Interest Expense Non Operating": 2900000.0,
        "Operating Income": 47300000.0,
        "Operating Expense": 67900000.0,
        "Selling General And Administration": 67900000.0,
        "Gross Profit": 115200000.0,
        "Cost Of Revenue": 757700000.0,
        "Total Revenue": 872900000.0,
        "Operating Revenue": 872900000.0
    },
    "2025-11-30": {
        "Tax Effect Of Unusual Items": -98054.474708,
        "Tax Rate For Calcs": 0.163424,
        "Normalized EBITDA": 50700000.0,
        "Total Unusual Items": -600000.0,
        "Total Unusual Items Excluding Goodwill": -600000.0,
        "Net Income From Continuing Operation Net Minority Interest": 18800000.0,
        "Reconciled Depreciation": 21700000.0,
        "Reconciled Cost Of Revenue": 778700000.0,
        "EBITDA": 50100000.0,
        "EBIT": 28400000.0,
        "Net Interest Income": -2700000.0,
        "Interest Expense": 2700000.0,
        "Normalized Income": 19301945.525292,
        "Net Income From Continuing And Discontinued Operation": 18800000.0,
        "Total Expenses": 849600000.0,
        "Total Operating Income As Reported": 21700000.0,
        "Diluted Average Shares": 50700000.0,
        "Basic Average Shares": 49800000.0,
        "Diluted EPS": 0.37,
        "Basic EPS": 0.38,
        "Diluted NI Availto Com Stockholders": 18800000.0,
        "Net Income Common Stockholders": 18800000.0,
        "Otherunder Preferred Stock Dividend": NaN,
        "Net Income": 18800000.0,
        "Minority Interests": -2700000.0,
        "Net Income Including Noncontrolling Interests": 21500000.0,
        "Net Income Continuous Operations": 21500000.0,
        "Tax Provision": 4200000.0,
        "Pretax Income": 25700000.0,
        "Other Income Expense": 6100000.0,
        "Other Non Operating Income Expenses": -100000.0,
        "Special Income Charges": -600000.0,
        "Impairment Of Capital Assets": 600000.0,
        "Restructuring And Mergern Acquisition": 0.0,
        "Earnings From Equity Interest": 6800000.0,
        "Net Non Operating Interest Income Expense": -2700000.0,
        "Interest Expense Non Operating": 2700000.0,
        "Operating Income": 22300000.0,
        "Operating Expense": 70900000.0,
        "Selling General And Administration": 70900000.0,
        "Gross Profit": 93200000.0,
        "Cost Of Revenue": 778700000.0,
        "Total Revenue": 871900000.0,
        "Operating Revenue": 871900000.0
    }
}