{
    "2023-06-30": {
        "Tax Effect Of Unusual Items": 2446257.200685,
        "Tax Rate For Calcs": 0.061498,
        "Normalized EBITDA": 22492000.0,
        "Total Unusual Items": 39778000.0,
        "Total Unusual Items Excluding Goodwill": 39778000.0,
        "Net Income From Continuing Operation Net Minority Interest": 54252000.0,
        "Reconciled Depreciation": 442000.0,
        "Reconciled Cost Of Revenue": 43725000.0,
        "EBITDA": 62270000.0,
        "EBIT": 61828000.0,
        "Net Interest Income": -3021000.0,
        "Interest Expense": 4021000.0,
        "Interest Income": 1000000.0,
        "Normalized Income": 16920257.200685,
        "Net Income From Continuing And Discontinued Operation": 54252000.0,
        "Total Expenses": 65960000.0,
        "Rent Expense Supplemental": 1172000.0,
        "Total Operating Income As Reported": 18181000.0,
        "Diluted Average Shares": 170672000.0,
        "Basic Average Shares": 144351000.0,
        "Diluted EPS": 0.32,
        "Basic EPS": 0.32,
        "Diluted NI Availto Com Stockholders": 46852000.0,
        "Average Dilution Earnings": 142000.0,
        "Net Income Common Stockholders": 46710000.0,
        "Otherunder Preferred Stock Dividend": 7542000.0,
        "Net Income": 54252000.0,
        "Net Income Including Noncontrolling Interests": 54252000.0,
        "Net Income Continuous Operations": 54252000.0,
        "Tax Provision": 3555000.0,
        "Pretax Income": 57807000.0,
        "Other Income Expense": 41064000.0,
        "Other Non Operating Income Expenses": 1286000.0,
        "Special Income Charges": 39778000.0,
        "Other Special Charges": NaN,
        "Write Off": 0.0,
        "Restructuring And Mergern Acquisition": -39778000.0,
        "Net Non Operating Interest Income Expense": -3021000.0,
        "Interest Expense Non Operating": 4021000.0,
        "Interest Income Non Operating": 1000000.0,
        "Operating Income": 19764000.0,
        "Operating Expense": 21914000.0,
        "Other Operating Expenses": 4496000.0,
        "Depreciation Amortization Depletion Income Statement": 121000.0,
        "Depreciation And Amortization In Income Statement": 121000.0,
        "Selling General And Administration": 17297000.0,
        "Selling And Marketing Expense": 7791000.0,
        "General And Administrative Expense": 9506000.0,
        "Other Gand A": 8334000.0,
        "Rent And Landing Fees": 1172000.0,
        "Gross Profit": 41678000.0,
        "Cost Of Revenue": 44046000.0,
        "Total Revenue": 85724000.0,
        "Operating Revenue": 82004000.0
    },
    "2023-03-31": {
        "Tax Effect Of Unusual Items": NaN,
        "Tax Rate For Calcs": NaN,
        "Normalized EBITDA": NaN,
        "Total Unusual Items": NaN,
        "Total Unusual Items Excluding Goodwill": NaN,
        "Net Income From Continuing Operation Net Minority Interest": NaN,
        "Reconciled Depreciation": NaN,
        "Reconciled Cost Of Revenue": NaN,
        "EBITDA": NaN,
        "EBIT": NaN,
        "Net Interest Income": NaN,
        "Interest Expense": NaN,
        "Interest Income": NaN,
        "Normalized Income": NaN,
        "Net Income From Continuing And Discontinued Operation": NaN,
        "Total Expenses": NaN,
        "Rent Expense Supplemental": NaN,
        "Total Operating Income As Reported": NaN,
        "Diluted Average Shares": NaN,
        "Basic Average Shares": NaN,
        "Diluted EPS": NaN,
        "Basic EPS": NaN,
        "Diluted NI Availto Com Stockholders": NaN,
        "Average Dilution Earnings": NaN,
        "Net Income Common Stockholders": NaN,
        "Otherunder Preferred Stock Dividend": NaN,
        "Net Income": NaN,
        "Net Income Including Noncontrolling Interests": NaN,
        "Net Income Continuous Operations": NaN,
        "Tax Provision": NaN,
        "Pretax Income": NaN,
        "Other Income Expense": NaN,
        "Other Non Operating Income Expenses": NaN,
        "Special Income Charges": NaN,
        "Other Special Charges": 9721000.0,
        "Write Off": NaN,
        "Restructuring And Mergern Acquisition": NaN,
        "Net Non Operating Interest Income Expense": NaN,
        "Interest Expense Non Operating": NaN,
        "Interest Income Non Operating": NaN,
        "Operating Income": NaN,
        "Operating Expense": NaN,
        "Other Operating Expenses": NaN,
        "Depreciation Amortization Depletion Income Statement": NaN,
        "Depreciation And Amortization In Income Statement": NaN,
        "Selling General And Administration": NaN,
        "Selling And Marketing Expense": NaN,
        "General And Administrative Expense": NaN,
        "Other Gand A": NaN,
        "Rent And Landing Fees": NaN,
        "Gross Profit": NaN,
        "Cost Of Revenue": NaN,
        "Total Revenue": NaN,
        "Operating Revenue": NaN
    },
    "2022-12-31": {
        "Tax Effect Of Unusual Items": -29322.854115,
        "Tax Rate For Calcs": 0.000742,
        "Normalized EBITDA": 15375000.0,
        "Total Unusual Items": -39530000.0,
        "Total Unusual Items Excluding Goodwill": -39530000.0,
        "Net Income From Continuing Operation Net Minority Interest": -28289000.0,
        "Reconciled Depreciation": 419000.0,
        "Reconciled Cost Of Revenue": 24516000.0,
        "EBITDA": -24155000.0,
        "EBIT": -24574000.0,
        "Net Interest Income": -2791000.0,
        "Interest Expense": 3736000.0,
        "Interest Income": 945000.0,
        "Normalized Income": 11211677.145885,
        "Net Income From Continuing And Discontinued Operation": -28289000.0,
        "Total Expenses": 57484000.0,
        "Rent Expense Supplemental": 1110000.0,
        "Total Operating Income As Reported": 11719000.0,
        "Diluted Average Shares": 143126000.0,
        "Basic Average Shares": 143126000.0,
        "Diluted EPS": -0.2,
        "Basic EPS": -0.2,
        "Diluted NI Availto Com Stockholders": -25096000.0,
        "Average Dilution Earnings": -5000.0,
        "Net Income Common Stockholders": -25091000.0,
        "Otherunder Preferred Stock Dividend": -3198000.0,
        "Net Income": -28289000.0,
        "Net Income Including Noncontrolling Interests": -28289000.0,
        "Net Income Continuous Operations": -28289000.0,
        "Tax Provision": -21000.0,
        "Pretax Income": -28310000.0,
        "Other Income Expense": -41345000.0,
        "Other Non Operating Income Expenses": -1815000.0,
        "Special Income Charges": -39530000.0,
        "Other Special Charges": NaN,
        "Write Off": 0.0,
        "Restructuring And Mergern Acquisition": 39530000.0,
        "Net Non Operating Interest Income Expense": -2791000.0,
        "Interest Expense Non Operating": 3736000.0,
        "Interest Income Non Operating": 945000.0,
        "Operating Income": 15826000.0,
        "Operating Expense": 32653000.0,
        "Other Operating Expenses": 2427000.0,
        "Depreciation Amortization Depletion Income Statement": 104000.0,
        "Depreciation And Amortization In Income Statement": 104000.0,
        "Selling General And Administration": 30122000.0,
        "Selling And Marketing Expense": 9440000.0,
        "General And Administrative Expense": 20682000.0,
        "Other Gand A": 19572000.0,
        "Rent And Landing Fees": 1110000.0,
        "Gross Profit": 48479000.0,
        "Cost Of Revenue": 24831000.0,
        "Total Revenue": 73310000.0,
        "Operating Revenue": 70913000.0
    },
    "2022-09-30": {
        "Tax Effect Of Unusual Items": 2877810.0,
        "Tax Rate For Calcs": 0.039,
        "Normalized EBITDA": 14874000.0,
        "Total Unusual Items": 73790000.0,
        "Total Unusual Items Excluding Goodwill": 73790000.0,
        "Net Income From Continuing Operation Net Minority Interest": 81229000.0,
        "Reconciled Depreciation": 374000.0,
        "Reconciled Cost Of Revenue": 23398000.0,
        "EBITDA": 88664000.0,
        "EBIT": 88290000.0,
        "Net Interest Income": -2923000.0,
        "Interest Expense": 3734000.0,
        "Interest Income": 811000.0,
        "Normalized Income": 10316810.0,
        "Net Income From Continuing And Discontinued Operation": 81229000.0,
        "Total Expenses": 53436000.0,
        "Rent Expense Supplemental": 986000.0,
        "Total Operating Income As Reported": 14873000.0,
        "Diluted Average Shares": 158953000.0,
        "Basic Average Shares": 143120000.0,
        "Diluted EPS": 0.5,
        "Basic EPS": 0.5,
        "Diluted NI Availto Com Stockholders": 81229000.0,
        "Average Dilution Earnings": 15000.0,
        "Net Income Common Stockholders": 81229000.0,
        "Otherunder Preferred Stock Dividend": 9129000.0,
        "Net Income": 81229000.0,
        "Net Income Including Noncontrolling Interests": 81229000.0,
        "Net Income Continuous Operations": 81229000.0,
        "Tax Provision": 3327000.0,
        "Pretax Income": 84556000.0,
        "Other Income Expense": 68501000.0,
        "Other Non Operating Income Expenses": -5289000.0,
        "Special Income Charges": 73790000.0,
        "Other Special Charges": NaN,
        "Write Off": 0.0,
        "Restructuring And Mergern Acquisition": -73790000.0,
        "Gain On Sale Of Security": NaN,
        "Net Non Operating Interest Income Expense": -2923000.0,
        "Interest Expense Non Operating": 3734000.0,
        "Interest Income Non Operating": 811000.0,
        "Operating Income": 18978000.0,
        "Operating Expense": 29722000.0,
        "Other Operating Expenses": 2324000.0,
        "Depreciation Amortization Depletion Income Statement": 58000.0,
        "Depreciation And Amortization In Income Statement": 58000.0,
        "Selling General And Administration": 27340000.0,
        "Selling And Marketing Expense": 7702000.0,
        "General And Administrative Expense": 19638000.0,
        "Other Gand A": 18652000.0,
        "Rent And Landing Fees": 986000.0,
        "Gross Profit": 48700000.0,
        "Cost Of Revenue": 23714000.0,
        "Total Revenue": 72414000.0,
        "Operating Revenue": 70616000.0
    },
    "2022-06-30": {
        "Tax Effect Of Unusual Items": -533750.0,
        "Tax Rate For Calcs": 0.25,
        "Normalized EBITDA": 16842000.0,
        "Total Unusual Items": -2135000.0,
        "Total Unusual Items Excluding Goodwill": -2135000.0,
        "Net Income From Continuing Operation Net Minority Interest": 8005000.0,
        "Reconciled Depreciation": 296000.0,
        "Reconciled Cost Of Revenue": 24322000.0,
        "EBITDA": 14707000.0,
        "EBIT": 14411000.0,
        "Net Interest Income": -2963000.0,
        "Interest Expense": 3733000.0,
        "Interest Income": 770000.0,
        "Normalized Income": 9606250.0,
        "Net Income From Continuing And Discontinued Operation": 8005000.0,
        "Total Expenses": 57003000.0,
        "Rent Expense Supplemental": 1049000.0,
        "Total Operating Income As Reported": 15804000.0,
        "Diluted Average Shares": 158976000.0,
        "Basic Average Shares": 143046000.0,
        "Diluted EPS": 0.05,
        "Basic EPS": 0.05,
        "Diluted NI Availto Com Stockholders": 8005000.0,
        "Average Dilution Earnings": 1000.0,
        "Net Income Common Stockholders": 8005000.0,
        "Otherunder Preferred Stock Dividend": 906000.0,
        "Net Income": 8005000.0,
        "Net Income Including Noncontrolling Interests": 8005000.0,
        "Net Income Continuous Operations": 8005000.0,
        "Tax Provision": 2673000.0,
        "Pretax Income": 10678000.0,
        "Other Income Expense": -6609000.0,
        "Other Non Operating Income Expenses": -4474000.0,
        "Special Income Charges": -2135000.0,
        "Other Special Charges": NaN,
        "Write Off": 0.0,
        "Restructuring And Mergern Acquisition": 2135000.0,
        "Gain On Sale Of Security": NaN,
        "Net Non Operating Interest Income Expense": -2963000.0,
        "Interest Expense Non Operating": 3733000.0,
        "Interest Income Non Operating": 770000.0,
        "Operating Income": 20250000.0,
        "Operating Expense": 32438000.0,
        "Other Operating Expenses": 2109000.0,
        "Depreciation Amortization Depletion Income Statement": 53000.0,
        "Depreciation And Amortization In Income Statement": 53000.0,
        "Selling General And Administration": 30276000.0,
        "Selling And Marketing Expense": 8843000.0,
        "General And Administrative Expense": 21433000.0,
        "Other Gand A": 20384000.0,
        "Rent And Landing Fees": 1049000.0,
        "Gross Profit": 52688000.0,
        "Cost Of Revenue": 24565000.0,
        "Total Revenue": 77253000.0,
        "Operating Revenue": 75586000.0
    },
    "2023-09-30": {
        "Tax Effect Of Unusual Items": NaN,
        "Tax Rate For Calcs": NaN,
        "Normalized EBITDA": NaN,
        "Total Unusual Items": NaN,
        "Total Unusual Items Excluding Goodwill": NaN,
        "Net Income From Continuing Operation Net Minority Interest": NaN,
        "Reconciled Depreciation": NaN,
        "Reconciled Cost Of Revenue": NaN,
        "EBITDA": NaN,
        "EBIT": NaN,
        "Net Interest Income": NaN,
        "Interest Expense": NaN,
        "Interest Income": NaN,
        "Normalized Income": NaN,
        "Net Income From Continuing And Discontinued Operation": NaN,
        "Total Expenses": NaN,
        "Rent Expense Supplemental": NaN,
        "Total Operating Income As Reported": NaN,
        "Diluted Average Shares": 177140000.0,
        "Basic Average Shares": 145284000.0,
        "Diluted EPS": 0.07,
        "Basic EPS": 0.07,
        "Diluted NI Availto Com Stockholders": NaN,
        "Average Dilution Earnings": NaN,
        "Net Income Common Stockholders": NaN,
        "Otherunder Preferred Stock Dividend": NaN,
        "Net Income": NaN,
        "Net Income Including Noncontrolling Interests": NaN,
        "Net Income Continuous Operations": NaN,
        "Tax Provision": NaN,
        "Pretax Income": NaN,
        "Other Income Expense": NaN,
        "Other Non Operating Income Expenses": NaN,
        "Special Income Charges": NaN,
        "Other Special Charges": NaN,
        "Write Off": NaN,
        "Restructuring And Mergern Acquisition": NaN,
        "Net Non Operating Interest Income Expense": NaN,
        "Interest Expense Non Operating": NaN,
        "Interest Income Non Operating": NaN,
        "Operating Income": NaN,
        "Operating Expense": NaN,
        "Other Operating Expenses": NaN,
        "Depreciation Amortization Depletion Income Statement": NaN,
        "Depreciation And Amortization In Income Statement": NaN,
        "Selling General And Administration": NaN,
        "Selling And Marketing Expense": NaN,
        "General And Administrative Expense": NaN,
        "Other Gand A": NaN,
        "Rent And Landing Fees": NaN,
        "Gross Profit": NaN,
        "Cost Of Revenue": NaN,
        "Total Revenue": NaN,
        "Operating Revenue": NaN
    },
    "2023-12-31": {
        "Tax Effect Of Unusual Items": NaN,
        "Tax Rate For Calcs": NaN,
        "Normalized EBITDA": NaN,
        "Total Unusual Items": NaN,
        "Total Unusual Items Excluding Goodwill": NaN,
        "Net Income From Continuing Operation Net Minority Interest": NaN,
        "Reconciled Depreciation": NaN,
        "Reconciled Cost Of Revenue": NaN,
        "EBITDA": NaN,
        "EBIT": NaN,
        "Net Interest Income": NaN,
        "Interest Expense": NaN,
        "Interest Income": NaN,
        "Normalized Income": NaN,
        "Net Income From Continuing And Discontinued Operation": NaN,
        "Total Expenses": NaN,
        "Rent Expense Supplemental": NaN,
        "Total Operating Income As Reported": NaN,
        "Diluted Average Shares": NaN,
        "Basic Average Shares": NaN,
        "Diluted EPS": NaN,
        "Basic EPS": NaN,
        "Diluted NI Availto Com Stockholders": NaN,
        "Average Dilution Earnings": NaN,
        "Net Income Common Stockholders": NaN,
        "Otherunder Preferred Stock Dividend": NaN,
        "Net Income": NaN,
        "Net Income Including Noncontrolling Interests": NaN,
        "Net Income Continuous Operations": NaN,
        "Tax Provision": NaN,
        "Pretax Income": NaN,
        "Other Income Expense": NaN,
        "Other Non Operating Income Expenses": NaN,
        "Special Income Charges": NaN,
        "Other Special Charges": 0.0,
        "Write Off": 339000.0,
        "Restructuring And Mergern Acquisition": NaN,
        "Net Non Operating Interest Income Expense": NaN,
        "Interest Expense Non Operating": NaN,
        "Interest Income Non Operating": NaN,
        "Operating Income": NaN,
        "Operating Expense": NaN,
        "Other Operating Expenses": NaN,
        "Depreciation Amortization Depletion Income Statement": NaN,
        "Depreciation And Amortization In Income Statement": NaN,
        "Selling General And Administration": NaN,
        "Selling And Marketing Expense": NaN,
        "General And Administrative Expense": NaN,
        "Other Gand A": NaN,
        "Rent And Landing Fees": NaN,
        "Gross Profit": NaN,
        "Cost Of Revenue": NaN,
        "Total Revenue": NaN,
        "Operating Revenue": NaN
    },
    "2024-03-31": {
        "Tax Effect Of Unusual Items": NaN,
        "Tax Rate For Calcs": NaN,
        "Normalized EBITDA": NaN,
        "Total Unusual Items": 0.0,
        "Total Unusual Items Excluding Goodwill": 0.0,
        "Net Income From Continuing Operation Net Minority Interest": NaN,
        "Reconciled Depreciation": NaN,
        "Reconciled Cost Of Revenue": NaN,
        "EBITDA": NaN,
        "EBIT": NaN,
        "Net Interest Income": NaN,
        "Interest Expense": NaN,
        "Interest Income": NaN,
        "Normalized Income": NaN,
        "Net Income From Continuing And Discontinued Operation": NaN,
        "Total Expenses": NaN,
        "Rent Expense Supplemental": NaN,
        "Total Operating Income As Reported": NaN,
        "Diluted Average Shares": NaN,
        "Basic Average Shares": NaN,
        "Diluted EPS": NaN,
        "Basic EPS": NaN,
        "Diluted NI Availto Com Stockholders": NaN,
        "Average Dilution Earnings": NaN,
        "Net Income Common Stockholders": NaN,
        "Otherunder Preferred Stock Dividend": NaN,
        "Net Income": NaN,
        "Net Income Including Noncontrolling Interests": NaN,
        "Net Income Continuous Operations": NaN,
        "Tax Provision": NaN,
        "Pretax Income": NaN,
        "Other Income Expense": NaN,
        "Other Non Operating Income Expenses": NaN,
        "Special Income Charges": 0.0,
        "Other Special Charges": NaN,
        "Write Off": 0.0,
        "Restructuring And Mergern Acquisition": 0.0,
        "Net Non Operating Interest Income Expense": NaN,
        "Interest Expense Non Operating": NaN,
        "Interest Income Non Operating": NaN,
        "Operating Income": NaN,
        "Operating Expense": NaN,
        "Other Operating Expenses": NaN,
        "Depreciation Amortization Depletion Income Statement": NaN,
        "Depreciation And Amortization In Income Statement": NaN,
        "Selling General And Administration": NaN,
        "Selling And Marketing Expense": NaN,
        "General And Administrative Expense": NaN,
        "Other Gand A": NaN,
        "Rent And Landing Fees": NaN,
        "Gross Profit": NaN,
        "Cost Of Revenue": NaN,
        "Total Revenue": NaN,
        "Operating Revenue": NaN
    },
    "2024-06-30": {
        "Tax Effect Of Unusual Items": 0.0,
        "Tax Rate For Calcs": 0.263056,
        "Normalized EBITDA": 34407000.0,
        "Total Unusual Items": 0.0,
        "Total Unusual Items Excluding Goodwill": 0.0,
        "Net Income From Continuing Operation Net Minority Interest": 21759000.0,
        "Reconciled Depreciation": 741000.0,
        "Reconciled Cost Of Revenue": 50606000.0,
        "EBITDA": 34407000.0,
        "EBIT": 33666000.0,
        "Net Interest Income": -2702000.0,
        "Interest Expense": 4140000.0,
        "Interest Income": 1438000.0,
        "Normalized Income": 21759000.0,
        "Net Income From Continuing And Discontinued Operation": 21759000.0,
        "Total Expenses": 73523000.0,
        "Rent Expense Supplemental": 1314000.0,
        "Total Operating Income As Reported": 33511000.0,
        "Diluted Average Shares": 166359000.0,
        "Basic Average Shares": 146896000.0,
        "Diluted EPS": 0.13,
        "Basic EPS": 0.13,
        "Diluted NI Availto Com Stockholders": 19736000.0,
        "Average Dilution Earnings": 42000.0,
        "Net Income Common Stockholders": 19694000.0,
        "Otherunder Preferred Stock Dividend": 2065000.0,
        "Net Income": 21759000.0,
        "Net Income Including Noncontrolling Interests": 21759000.0,
        "Net Income Continuous Operations": 21759000.0,
        "Tax Provision": 7767000.0,
        "Pretax Income": 29526000.0,
        "Other Income Expense": -1283000.0,
        "Other Non Operating Income Expenses": -1283000.0,
        "Special Income Charges": 0.0,
        "Other Special Charges": NaN,
        "Write Off": 0.0,
        "Restructuring And Mergern Acquisition": 0.0,
        "Net Non Operating Interest Income Expense": -2702000.0,
        "Interest Expense Non Operating": 4140000.0,
        "Interest Income Non Operating": 1438000.0,
        "Operating Income": 33511000.0,
        "Operating Expense": 22594000.0,
        "Other Operating Expenses": 5518000.0,
        "Depreciation Amortization Depletion Income Statement": 418000.0,
        "Depreciation And Amortization In Income Statement": 418000.0,
        "Selling General And Administration": 16658000.0,
        "Selling And Marketing Expense": 8750000.0,
        "General And Administrative Expense": 7908000.0,
        "Other Gand A": 6594000.0,
        "Rent And Landing Fees": 1314000.0,
        "Gross Profit": 56105000.0,
        "Cost Of Revenue": 50929000.0,
        "Total Revenue": 107034000.0,
        "Operating Revenue": 98938000.0
    },
    "2024-09-30": {
        "Tax Effect Of Unusual Items": -6432720.0,
        "Tax Rate For Calcs": 0.21,
        "Normalized EBITDA": 40301000.0,
        "Total Unusual Items": -30632000.0,
        "Total Unusual Items Excluding Goodwill": -30632000.0,
        "Net Income From Continuing Operation Net Minority Interest": -4485000.0,
        "Reconciled Depreciation": 776000.0,
        "Reconciled Cost Of Revenue": 50080000.0,
        "EBITDA": 9669000.0,
        "EBIT": 8893000.0,
        "Net Interest Income": -3232000.0,
        "Interest Expense": 5027000.0,
        "Interest Income": 1795000.0,
        "Normalized Income": 19714280.0,
        "Net Income From Continuing And Discontinued Operation": -4485000.0,
        "Total Expenses": 72376000.0,
        "Rent Expense Supplemental": 1397000.0,
        "Total Operating Income As Reported": 40792000.0,
        "Diluted Average Shares": 143929000.0,
        "Basic Average Shares": 143929000.0,
        "Diluted EPS": -0.13,
        "Basic EPS": -0.13,
        "Diluted NI Availto Com Stockholders": -18191000.0,
        "Average Dilution Earnings": 0.0,
        "Net Income Common Stockholders": -18191000.0,
        "Otherunder Preferred Stock Dividend": 13706000.0,
        "Net Income": -4485000.0,
        "Net Income Including Noncontrolling Interests": -4485000.0,
        "Net Income Continuous Operations": -4485000.0,
        "Tax Provision": 8351000.0,
        "Pretax Income": 3866000.0,
        "Other Income Expense": -33694000.0,
        "Other Non Operating Income Expenses": -3062000.0,
        "Special Income Charges": -30632000.0,
        "Other Special Charges": 30632000.0,
        "Write Off": 0.0,
        "Restructuring And Mergern Acquisition": 0.0,
        "Net Non Operating Interest Income Expense": -3232000.0,
        "Interest Expense Non Operating": 5027000.0,
        "Interest Income Non Operating": 1795000.0,
        "Operating Income": 40792000.0,
        "Operating Expense": 21967000.0,
        "Other Operating Expenses": 5446000.0,
        "Depreciation Amortization Depletion Income Statement": 447000.0,
        "Depreciation And Amortization In Income Statement": 447000.0,
        "Selling General And Administration": 16074000.0,
        "Selling And Marketing Expense": 8362000.0,
        "General And Administrative Expense": 7712000.0,
        "Other Gand A": 6315000.0,
        "Rent And Landing Fees": 1397000.0,
        "Gross Profit": 62759000.0,
        "Cost Of Revenue": 50409000.0,
        "Total Revenue": 113168000.0,
        "Operating Revenue": 101659000.0
    },
    "2024-12-31": {
        "Tax Effect Of Unusual Items": 0.0,
        "Tax Rate For Calcs": 0.201474,
        "Normalized EBITDA": 40646000.0,
        "Total Unusual Items": 0.0,
        "Total Unusual Items Excluding Goodwill": 0.0,
        "Net Income From Continuing Operation Net Minority Interest": 27308000.0,
        "Reconciled Depreciation": 832000.0,
        "Reconciled Cost Of Revenue": 52562000.0,
        "EBITDA": 40646000.0,
        "EBIT": 39814000.0,
        "Net Interest Income": -3469000.0,
        "Interest Expense": 5616000.0,
        "Interest Income": 2147000.0,
        "Normalized Income": 27308000.0,
        "Net Income From Continuing And Discontinued Operation": 27308000.0,
        "Total Expenses": 75657000.0,
        "Rent Expense Supplemental": 1423000.0,
        "Total Operating Income As Reported": 35040000.0,
        "Diluted Average Shares": 147612000.0,
        "Basic Average Shares": 141275000.0,
        "Diluted EPS": 0.18,
        "Basic EPS": 0.19,
        "Diluted NI Availto Com Stockholders": 26069000.0,
        "Average Dilution Earnings": -133000.0,
        "Net Income Common Stockholders": 26202000.0,
        "Otherunder Preferred Stock Dividend": 1106000.0,
        "Net Income": 27308000.0,
        "Net Income Including Noncontrolling Interests": 27308000.0,
        "Net Income Continuous Operations": 27308000.0,
        "Tax Provision": 6890000.0,
        "Pretax Income": 34198000.0,
        "Other Income Expense": 2627000.0,
        "Other Non Operating Income Expenses": 2627000.0,
        "Special Income Charges": 0.0,
        "Other Special Charges": 0.0,
        "Write Off": 0.0,
        "Restructuring And Mergern Acquisition": 0.0,
        "Net Non Operating Interest Income Expense": -3469000.0,
        "Interest Expense Non Operating": 5616000.0,
        "Interest Income Non Operating": 2147000.0,
        "Operating Income": 35040000.0,
        "Operating Expense": 22767000.0,
        "Other Operating Expenses": 6063000.0,
        "Depreciation Amortization Depletion Income Statement": 504000.0,
        "Depreciation And Amortization In Income Statement": 504000.0,
        "Selling General And Administration": 16200000.0,
        "Selling And Marketing Expense": 10218000.0,
        "General And Administrative Expense": 5982000.0,
        "Other Gand A": 4559000.0,
        "Rent And Landing Fees": 1423000.0,
        "Gross Profit": 57807000.0,
        "Cost Of Revenue": 52890000.0,
        "Total Revenue": 110697000.0,
        "Operating Revenue": 102264000.0
    },
    "2025-03-31": {
        "Tax Effect Of Unusual Items": 0.0,
        "Tax Rate For Calcs": 0.189,
        "Normalized EBITDA": 36675000.0,
        "Total Unusual Items": NaN,
        "Total Unusual Items Excluding Goodwill": NaN,
        "Net Income From Continuing Operation Net Minority Interest": 24629000.0,
        "Reconciled Depreciation": 866000.0,
        "Reconciled Cost Of Revenue": 54176000.0,
        "EBITDA": 36675000.0,
        "EBIT": 35809000.0,
        "Net Interest Income": -3544000.0,
        "Interest Expense": 5441000.0,
        "Interest Income": 1897000.0,
        "Normalized Income": 24629000.0,
        "Net Income From Continuing And Discontinued Operation": 24629000.0,
        "Total Expenses": 73920000.0,
        "Rent Expense Supplemental": 1482000.0,
        "Total Operating Income As Reported": 34162000.0,
        "Diluted Average Shares": 146545000.0,
        "Basic Average Shares": 142580000.0,
        "Diluted EPS": 0.17,
        "Basic EPS": 0.17,
        "Diluted NI Availto Com Stockholders": 24606000.0,
        "Average Dilution Earnings": 1000.0,
        "Net Income Common Stockholders": 24605000.0,
        "Otherunder Preferred Stock Dividend": 24000.0,
        "Net Income": 24629000.0,
        "Net Income Including Noncontrolling Interests": 24629000.0,
        "Net Income Continuous Operations": 24629000.0,
        "Tax Provision": 5739000.0,
        "Pretax Income": 30368000.0,
        "Other Income Expense": -250000.0,
        "Other Non Operating Income Expenses": -250000.0,
        "Special Income Charges": NaN,
        "Other Special Charges": NaN,
        "Write Off": NaN,
        "Restructuring And Mergern Acquisition": NaN,
        "Net Non Operating Interest Income Expense": -3544000.0,
        "Interest Expense Non Operating": 5441000.0,
        "Interest Income Non Operating": 1897000.0,
        "Operating Income": 34162000.0,
        "Operating Expense": 19418000.0,
        "Other Operating Expenses": 5664000.0,
        "Depreciation Amortization Depletion Income Statement": 540000.0,
        "Depreciation And Amortization In Income Statement": 540000.0,
        "Selling General And Administration": 13214000.0,
        "Selling And Marketing Expense": 8950000.0,
        "General And Administrative Expense": 4264000.0,
        "Other Gand A": 2782000.0,
        "Rent And Landing Fees": 1482000.0,
        "Gross Profit": 53580000.0,
        "Cost Of Revenue": 54502000.0,
        "Total Revenue": 108082000.0,
        "Operating Revenue": 99549000.0
    },
    "2025-06-30": {
        "Tax Effect Of Unusual Items": -437776.310009,
        "Tax Rate For Calcs": 0.22256,
        "Normalized EBITDA": 40243000.0,
        "Total Unusual Items": -1967000.0,
        "Total Unusual Items Excluding Goodwill": -1967000.0,
        "Net Income From Continuing Operation Net Minority Interest": 24777000.0,
        "Reconciled Depreciation": 916000.0,
        "Reconciled Cost Of Revenue": 53743000.0,
        "EBITDA": 38276000.0,
        "EBIT": 37360000.0,
        "Net Interest Income": -3400000.0,
        "Interest Expense": 5490000.0,
        "Interest Income": 2090000.0,
        "Normalized Income": 26306223.689991,
        "Net Income From Continuing And Discontinued Operation": 24777000.0,
        "Total Expenses": 76022000.0,
        "Rent Expense Supplemental": 1559000.0,
        "Total Operating Income As Reported": 34632000.0,
        "Diluted Average Shares": 146640000.0,
        "Basic Average Shares": 143076000.0,
        "Diluted EPS": 0.17,
        "Basic EPS": 0.17,
        "Diluted NI Availto Com Stockholders": 24777000.0,
        "Average Dilution Earnings": 0.0,
        "Net Income Common Stockholders": 24777000.0,
        "Otherunder Preferred Stock Dividend": 0.0,
        "Net Income": 24777000.0,
        "Net Income Including Noncontrolling Interests": 24777000.0,
        "Net Income Continuous Operations": 24777000.0,
        "Tax Provision": 7093000.0,
        "Pretax Income": 31870000.0,
        "Other Income Expense": -1329000.0,
        "Other Non Operating Income Expenses": 638000.0,
        "Special Income Charges": -1967000.0,
        "Other Special Charges": NaN,
        "Write Off": NaN,
        "Restructuring And Mergern Acquisition": 1967000.0,
        "Net Non Operating Interest Income Expense": -3400000.0,
        "Interest Expense Non Operating": 5490000.0,
        "Interest Income Non Operating": 2090000.0,
        "Operating Income": 36599000.0,
        "Operating Expense": 21943000.0,
        "Other Operating Expenses": 7065000.0,
        "Depreciation Amortization Depletion Income Statement": 580000.0,
        "Depreciation And Amortization In Income Statement": 580000.0,
        "Selling General And Administration": 14298000.0,
        "Selling And Marketing Expense": 9562000.0,
        "General And Administrative Expense": 4736000.0,
        "Other Gand A": 3177000.0,
        "Rent And Landing Fees": 1559000.0,
        "Gross Profit": 58542000.0,
        "Cost Of Revenue": 54079000.0,
        "Total Revenue": 112621000.0,
        "Operating Revenue": 103241000.0
    }
}