{
    "2023-03-31": {
        "Tax Effect Of Unusual Items": 9810000.0,
        "Tax Rate For Calcs": 0.25,
        "Normalized EBITDA": 40251000.0,
        "Total Unusual Items": 39240000.0,
        "Total Unusual Items Excluding Goodwill": 39240000.0,
        "Net Income From Continuing Operation Net Minority Interest": 26005000.0,
        "Reconciled Depreciation": 30134000.0,
        "Reconciled Cost Of Revenue": 28760000.0,
        "EBITDA": 79491000.0,
        "EBIT": 49357000.0,
        "Net Interest Income": -14713000.0,
        "Interest Expense": 14713000.0,
        "Normalized Income": -3425000.0,
        "Net Income From Continuing And Discontinued Operation": 26005000.0,
        "Total Expenses": 121375000.0,
        "Rent Expense Supplemental": 65186000.0,
        "Total Operating Income As Reported": 10350000.0,
        "Diluted Average Shares": 148726000.0,
        "Basic Average Shares": 146418000.0,
        "Diluted EPS": 0.17,
        "Basic EPS": 0.18,
        "Diluted NI Availto Com Stockholders": 26005000.0,
        "Net Income Common Stockholders": 26005000.0,
        "Net Income": 26005000.0,
        "Net Income Including Noncontrolling Interests": 26005000.0,
        "Net Income Continuous Operations": 26005000.0,
        "Tax Provision": 8639000.0,
        "Pretax Income": 34644000.0,
        "Other Income Expense": 39007000.0,
        "Other Non Operating Income Expenses": -233000.0,
        "Gain On Sale Of Security": 39240000.0,
        "Net Non Operating Interest Income Expense": -14713000.0,
        "Interest Expense Non Operating": 14713000.0,
        "Operating Income": 10350000.0,
        "Operating Expense": 92615000.0,
        "Other Operating Expenses": 7510000.0,
        "Selling General And Administration": 85105000.0,
        "General And Administrative Expense": 85105000.0,
        "Other Gand A": 19919000.0,
        "Rent And Landing Fees": 65186000.0,
        "Gross Profit": 102965000.0,
        "Cost Of Revenue": 28760000.0,
        "Total Revenue": 131725000.0,
        "Operating Revenue": 129599000.0
    },
    "2022-12-31": {
        "Tax Effect Of Unusual Items": 3321109.584957,
        "Tax Rate For Calcs": 0.13634,
        "Normalized EBITDA": 74721000.0,
        "Total Unusual Items": 24359000.0,
        "Total Unusual Items Excluding Goodwill": 24359000.0,
        "Net Income From Continuing Operation Net Minority Interest": 43449000.0,
        "Reconciled Depreciation": 34246000.0,
        "Reconciled Cost Of Revenue": 35755000.0,
        "EBITDA": 99080000.0,
        "EBIT": 64834000.0,
        "Net Interest Income": -14526000.0,
        "Interest Expense": 14526000.0,
        "Normalized Income": 22411109.584957,
        "Net Income From Continuing And Discontinued Operation": 43449000.0,
        "Total Expenses": 133701000.0,
        "Rent Expense Supplemental": 69017000.0,
        "Total Operating Income As Reported": 55999000.0,
        "Diluted Average Shares": 146260000.0,
        "Basic Average Shares": 143490000.0,
        "Diluted EPS": 0.3,
        "Basic EPS": 0.3,
        "Diluted NI Availto Com Stockholders": 43449000.0,
        "Net Income Common Stockholders": 43449000.0,
        "Net Income": 43449000.0,
        "Net Income Including Noncontrolling Interests": 43449000.0,
        "Net Income Continuous Operations": 43449000.0,
        "Tax Provision": 6859000.0,
        "Pretax Income": 50308000.0,
        "Other Income Expense": 8835000.0,
        "Other Non Operating Income Expenses": -15524000.0,
        "Gain On Sale Of Security": 24359000.0,
        "Net Non Operating Interest Income Expense": -14526000.0,
        "Interest Expense Non Operating": 14526000.0,
        "Operating Income": 55999000.0,
        "Operating Expense": 97946000.0,
        "Other Operating Expenses": 6972000.0,
        "Selling General And Administration": 90974000.0,
        "General And Administrative Expense": 90974000.0,
        "Other Gand A": 21957000.0,
        "Rent And Landing Fees": 69017000.0,
        "Gross Profit": 153945000.0,
        "Cost Of Revenue": 35755000.0,
        "Total Revenue": 189700000.0,
        "Operating Revenue": 187661000.0
    },
    "2022-09-30": {
        "Tax Effect Of Unusual Items": NaN,
        "Tax Rate For Calcs": NaN,
        "Normalized EBITDA": NaN,
        "Total Unusual Items": NaN,
        "Total Unusual Items Excluding Goodwill": NaN,
        "Net Income From Continuing Operation Net Minority Interest": NaN,
        "Reconciled Depreciation": NaN,
        "Reconciled Cost Of Revenue": NaN,
        "EBITDA": NaN,
        "EBIT": NaN,
        "Net Interest Income": NaN,
        "Interest Expense": NaN,
        "Normalized Income": NaN,
        "Net Income From Continuing And Discontinued Operation": NaN,
        "Total Expenses": NaN,
        "Rent Expense Supplemental": NaN,
        "Total Operating Income As Reported": NaN,
        "Diluted Average Shares": NaN,
        "Basic Average Shares": NaN,
        "Diluted EPS": NaN,
        "Basic EPS": NaN,
        "Diluted NI Availto Com Stockholders": NaN,
        "Net Income Common Stockholders": NaN,
        "Otherunder Preferred Stock Dividend": 0.0,
        "Net Income": NaN,
        "Net Income Including Noncontrolling Interests": NaN,
        "Net Income Continuous Operations": NaN,
        "Tax Provision": NaN,
        "Pretax Income": NaN,
        "Other Income Expense": NaN,
        "Other Non Operating Income Expenses": NaN,
        "Gain On Sale Of Security": NaN,
        "Net Non Operating Interest Income Expense": NaN,
        "Interest Expense Non Operating": NaN,
        "Operating Income": NaN,
        "Operating Expense": NaN,
        "Other Operating Expenses": NaN,
        "Selling General And Administration": NaN,
        "General And Administrative Expense": NaN,
        "Other Gand A": NaN,
        "Rent And Landing Fees": NaN,
        "Gross Profit": NaN,
        "Cost Of Revenue": NaN,
        "Total Revenue": NaN,
        "Operating Revenue": NaN
    },
    "2022-06-30": {
        "Tax Effect Of Unusual Items": 1781525.940115,
        "Tax Rate For Calcs": 0.201211,
        "Normalized EBITDA": 198218000.0,
        "Total Unusual Items": 8854000.0,
        "Total Unusual Items Excluding Goodwill": 8854000.0,
        "Net Income From Continuing Operation Net Minority Interest": 123436000.0,
        "Reconciled Depreciation": 34360000.0,
        "Reconciled Cost Of Revenue": 43541000.0,
        "EBITDA": 207072000.0,
        "EBIT": 172712000.0,
        "Net Interest Income": -18183000.0,
        "Interest Expense": 18183000.0,
        "Normalized Income": 116363525.940115,
        "Net Income From Continuing And Discontinued Operation": 123436000.0,
        "Total Expenses": 111484000.0,
        "Rent Expense Supplemental": 52976000.0,
        "Total Operating Income As Reported": 162324000.0,
        "Diluted Average Shares": 144525000.0,
        "Basic Average Shares": 143020000.0,
        "Diluted EPS": 0.85,
        "Basic EPS": 0.86,
        "Diluted NI Availto Com Stockholders": 123436000.0,
        "Net Income Common Stockholders": 123436000.0,
        "Otherunder Preferred Stock Dividend": NaN,
        "Net Income": 123436000.0,
        "Net Income Including Noncontrolling Interests": 123436000.0,
        "Net Income Continuous Operations": 123436000.0,
        "Tax Provision": 31093000.0,
        "Pretax Income": 154529000.0,
        "Other Income Expense": 10388000.0,
        "Other Non Operating Income Expenses": 1534000.0,
        "Gain On Sale Of Security": 8854000.0,
        "Net Non Operating Interest Income Expense": -18183000.0,
        "Interest Expense Non Operating": 18183000.0,
        "Operating Income": 162324000.0,
        "Operating Expense": 67943000.0,
        "Other Operating Expenses": 6681000.0,
        "Selling General And Administration": 67943000.0,
        "General And Administrative Expense": 67943000.0,
        "Other Gand A": 14967000.0,
        "Rent And Landing Fees": 52976000.0,
        "Gross Profit": 230267000.0,
        "Cost Of Revenue": 43541000.0,
        "Total Revenue": 273808000.0,
        "Operating Revenue": 268412000.0
    },
    "2023-06-30": {
        "Tax Effect Of Unusual Items": 174090.0,
        "Tax Rate For Calcs": 0.21,
        "Normalized EBITDA": 36276000.0,
        "Total Unusual Items": 829000.0,
        "Total Unusual Items Excluding Goodwill": 829000.0,
        "Net Income From Continuing Operation Net Minority Interest": -12109000.0,
        "Reconciled Depreciation": 35894000.0,
        "Reconciled Cost Of Revenue": 34979000.0,
        "EBITDA": 37105000.0,
        "EBIT": 1211000.0,
        "Net Interest Income": -10323000.0,
        "Interest Expense": 10323000.0,
        "Normalized Income": -12763910.0,
        "Net Income From Continuing And Discontinued Operation": -12109000.0,
        "Total Expenses": 126110000.0,
        "Rent Expense Supplemental": 66021000.0,
        "Total Operating Income As Reported": 71000.0,
        "Diluted Average Shares": 146452000.0,
        "Basic Average Shares": 146452000.0,
        "Diluted EPS": -0.08,
        "Basic EPS": -0.08,
        "Diluted NI Availto Com Stockholders": -12109000.0,
        "Net Income Common Stockholders": -12109000.0,
        "Net Income": -12109000.0,
        "Net Income Including Noncontrolling Interests": -12109000.0,
        "Net Income Continuous Operations": -12109000.0,
        "Tax Provision": 2997000.0,
        "Pretax Income": -9112000.0,
        "Other Income Expense": 1140000.0,
        "Other Non Operating Income Expenses": 311000.0,
        "Gain On Sale Of Security": 829000.0,
        "Net Non Operating Interest Income Expense": -10323000.0,
        "Interest Expense Non Operating": 10323000.0,
        "Operating Income": 71000.0,
        "Operating Expense": 91131000.0,
        "Other Operating Expenses": 7717000.0,
        "Selling General And Administration": 83414000.0,
        "General And Administrative Expense": 83414000.0,
        "Other Gand A": 17393000.0,
        "Rent And Landing Fees": 66021000.0,
        "Gross Profit": 91202000.0,
        "Cost Of Revenue": 34979000.0,
        "Total Revenue": 126181000.0,
        "Operating Revenue": 123805000.0
    },
    "2023-09-30": {
        "Tax Effect Of Unusual Items": NaN,
        "Tax Rate For Calcs": NaN,
        "Normalized EBITDA": NaN,
        "Total Unusual Items": NaN,
        "Total Unusual Items Excluding Goodwill": NaN,
        "Net Income From Continuing Operation Net Minority Interest": NaN,
        "Reconciled Depreciation": NaN,
        "Reconciled Cost Of Revenue": NaN,
        "EBITDA": NaN,
        "EBIT": NaN,
        "Net Interest Income": NaN,
        "Interest Expense": NaN,
        "Normalized Income": NaN,
        "Net Income From Continuing And Discontinued Operation": NaN,
        "Total Expenses": NaN,
        "Rent Expense Supplemental": NaN,
        "Total Operating Income As Reported": NaN,
        "Diluted Average Shares": 151459000.0,
        "Basic Average Shares": 146483000.0,
        "Diluted EPS": 0.01,
        "Basic EPS": 0.01,
        "Diluted NI Availto Com Stockholders": NaN,
        "Net Income Common Stockholders": NaN,
        "Net Income": NaN,
        "Net Income Including Noncontrolling Interests": NaN,
        "Net Income Continuous Operations": NaN,
        "Tax Provision": NaN,
        "Pretax Income": NaN,
        "Other Income Expense": NaN,
        "Other Non Operating Income Expenses": NaN,
        "Gain On Sale Of Security": NaN,
        "Net Non Operating Interest Income Expense": NaN,
        "Interest Expense Non Operating": NaN,
        "Operating Income": NaN,
        "Operating Expense": NaN,
        "Other Operating Expenses": NaN,
        "Selling General And Administration": NaN,
        "General And Administrative Expense": NaN,
        "Other Gand A": NaN,
        "Rent And Landing Fees": NaN,
        "Gross Profit": NaN,
        "Cost Of Revenue": NaN,
        "Total Revenue": NaN,
        "Operating Revenue": NaN
    },
    "2023-12-31": {
        "Tax Effect Of Unusual Items": 20226990.0,
        "Tax Rate For Calcs": 0.21,
        "Normalized EBITDA": -44066000.0,
        "Total Unusual Items": 96319000.0,
        "Total Unusual Items Excluding Goodwill": 96319000.0,
        "Net Income From Continuing Operation Net Minority Interest": -443000.0,
        "Reconciled Depreciation": 41035000.0,
        "Reconciled Cost Of Revenue": 40278000.0,
        "EBITDA": 52253000.0,
        "EBIT": 11218000.0,
        "Net Interest Income": -9729000.0,
        "Interest Expense": 9729000.0,
        "Normalized Income": -76535010.0,
        "Net Income From Continuing And Discontinued Operation": -443000.0,
        "Total Expenses": 130549000.0,
        "Rent Expense Supplemental": 64643000.0,
        "Total Operating Income As Reported": 1791000.0,
        "Diluted Average Shares": 146578000.0,
        "Basic Average Shares": 146578000.0,
        "Diluted EPS": -0.003022,
        "Basic EPS": -0.003022,
        "Diluted NI Availto Com Stockholders": -443000.0,
        "Net Income Common Stockholders": -443000.0,
        "Net Income": -443000.0,
        "Net Income Including Noncontrolling Interests": -443000.0,
        "Net Income Continuous Operations": -443000.0,
        "Tax Provision": 1932000.0,
        "Pretax Income": 1489000.0,
        "Other Income Expense": 92547000.0,
        "Other Non Operating Income Expenses": -3772000.0,
        "Gain On Sale Of Security": 96319000.0,
        "Net Non Operating Interest Income Expense": -9729000.0,
        "Interest Expense Non Operating": 9729000.0,
        "Operating Income": 1791000.0,
        "Operating Expense": 90271000.0,
        "Other Operating Expenses": 7377000.0,
        "Selling General And Administration": 82894000.0,
        "General And Administrative Expense": 82894000.0,
        "Other Gand A": 18251000.0,
        "Rent And Landing Fees": 64643000.0,
        "Gross Profit": 92062000.0,
        "Cost Of Revenue": 40278000.0,
        "Total Revenue": 132340000.0,
        "Operating Revenue": 130328000.0
    },
    "2024-03-31": {
        "Tax Effect Of Unusual Items": 1024170.0,
        "Tax Rate For Calcs": 0.21,
        "Normalized EBITDA": 36672000.0,
        "Total Unusual Items": 4877000.0,
        "Total Unusual Items Excluding Goodwill": 4877000.0,
        "Net Income From Continuing Operation Net Minority Interest": -11474000.0,
        "Reconciled Depreciation": 41906000.0,
        "Reconciled Cost Of Revenue": 41477000.0,
        "EBITDA": 41549000.0,
        "EBIT": -357000.0,
        "Net Interest Income": -10072000.0,
        "Interest Expense": 10072000.0,
        "Normalized Income": -15326830.0,
        "Net Income From Continuing And Discontinued Operation": -11474000.0,
        "Total Expenses": 140791000.0,
        "Rent Expense Supplemental": 70830000.0,
        "Total Operating Income As Reported": -4000.0,
        "Diluted Average Shares": 146857000.0,
        "Basic Average Shares": 146857000.0,
        "Diluted EPS": -0.08,
        "Basic EPS": -0.08,
        "Diluted NI Availto Com Stockholders": -11474000.0,
        "Net Income Common Stockholders": -11474000.0,
        "Net Income": -11474000.0,
        "Net Income Including Noncontrolling Interests": -11474000.0,
        "Net Income Continuous Operations": -11474000.0,
        "Tax Provision": 1045000.0,
        "Pretax Income": -10429000.0,
        "Other Income Expense": -353000.0,
        "Other Non Operating Income Expenses": -5230000.0,
        "Special Income Charges": 0.0,
        "Other Special Charges": NaN,
        "Gain On Sale Of Security": 4877000.0,
        "Net Non Operating Interest Income Expense": -10072000.0,
        "Interest Expense Non Operating": 10072000.0,
        "Operating Income": -4000.0,
        "Operating Expense": 99314000.0,
        "Other Operating Expenses": 7969000.0,
        "Selling General And Administration": 91345000.0,
        "General And Administrative Expense": 91345000.0,
        "Other Gand A": 20515000.0,
        "Rent And Landing Fees": 70830000.0,
        "Gross Profit": 99310000.0,
        "Cost Of Revenue": 41477000.0,
        "Total Revenue": 140787000.0,
        "Operating Revenue": 136100000.0
    },
    "2024-06-30": {
        "Tax Effect Of Unusual Items": -548394.0,
        "Tax Rate For Calcs": 0.231,
        "Normalized EBITDA": 37588000.0,
        "Total Unusual Items": -2374000.0,
        "Total Unusual Items Excluding Goodwill": -2374000.0,
        "Net Income From Continuing Operation Net Minority Interest": -15388000.0,
        "Reconciled Depreciation": 45074000.0,
        "Reconciled Cost Of Revenue": 45252000.0,
        "EBITDA": 35214000.0,
        "EBIT": -9860000.0,
        "Net Interest Income": -10164000.0,
        "Interest Expense": 10164000.0,
        "Normalized Income": -13562394.0,
        "Net Income From Continuing And Discontinued Operation": -15388000.0,
        "Total Expenses": 148993000.0,
        "Rent Expense Supplemental": 73987000.0,
        "Total Operating Income As Reported": -6236000.0,
        "Diluted Average Shares": 146943000.0,
        "Basic Average Shares": 146943000.0,
        "Diluted EPS": -0.1,
        "Basic EPS": -0.1,
        "Diluted NI Availto Com Stockholders": -15388000.0,
        "Net Income Common Stockholders": -15388000.0,
        "Net Income": -15388000.0,
        "Net Income Including Noncontrolling Interests": -15388000.0,
        "Net Income Continuous Operations": -15388000.0,
        "Tax Provision": -4636000.0,
        "Pretax Income": -20024000.0,
        "Other Income Expense": -3624000.0,
        "Other Non Operating Income Expenses": -1250000.0,
        "Special Income Charges": NaN,
        "Other Special Charges": NaN,
        "Gain On Sale Of Security": -2374000.0,
        "Net Non Operating Interest Income Expense": -10164000.0,
        "Interest Expense Non Operating": 10164000.0,
        "Operating Income": -6236000.0,
        "Operating Expense": 103741000.0,
        "Other Operating Expenses": 8400000.0,
        "Selling General And Administration": 95341000.0,
        "General And Administrative Expense": 95341000.0,
        "Other Gand A": 21354000.0,
        "Rent And Landing Fees": 73987000.0,
        "Gross Profit": 97505000.0,
        "Cost Of Revenue": 45252000.0,
        "Total Revenue": 142757000.0,
        "Operating Revenue": 141035000.0
    },
    "2024-09-30": {
        "Tax Effect Of Unusual Items": 351890.0,
        "Tax Rate For Calcs": 0.11,
        "Normalized EBITDA": 7381000.0,
        "Total Unusual Items": 3199000.0,
        "Total Unusual Items Excluding Goodwill": 3199000.0,
        "Net Income From Continuing Operation Net Minority Interest": -36921000.0,
        "Reconciled Depreciation": 42054000.0,
        "Reconciled Cost Of Revenue": 40353000.0,
        "EBITDA": 10580000.0,
        "EBIT": -31474000.0,
        "Net Interest Income": -9992000.0,
        "Interest Expense": 9992000.0,
        "Normalized Income": -39768110.0,
        "Net Income From Continuing And Discontinued Operation": -36921000.0,
        "Total Expenses": 140336000.0,
        "Rent Expense Supplemental": 72412000.0,
        "Total Operating Income As Reported": -18964000.0,
        "Diluted Average Shares": 147206000.0,
        "Basic Average Shares": 147206000.0,
        "Diluted EPS": -0.25,
        "Basic EPS": -0.25,
        "Diluted NI Availto Com Stockholders": -36921000.0,
        "Net Income Common Stockholders": -36921000.0,
        "Net Income": -36921000.0,
        "Net Income Including Noncontrolling Interests": -36921000.0,
        "Net Income Continuous Operations": -36921000.0,
        "Tax Provision": -4545000.0,
        "Pretax Income": -41466000.0,
        "Other Income Expense": -12510000.0,
        "Other Non Operating Income Expenses": -15709000.0,
        "Special Income Charges": NaN,
        "Other Special Charges": NaN,
        "Gain On Sale Of Security": 3199000.0,
        "Net Non Operating Interest Income Expense": -9992000.0,
        "Interest Expense Non Operating": 9992000.0,
        "Operating Income": -18964000.0,
        "Operating Expense": 99983000.0,
        "Other Operating Expenses": 7848000.0,
        "Selling General And Administration": 92135000.0,
        "General And Administrative Expense": 92135000.0,
        "Other Gand A": 19723000.0,
        "Rent And Landing Fees": 72412000.0,
        "Gross Profit": 81019000.0,
        "Cost Of Revenue": 40353000.0,
        "Total Revenue": 121372000.0,
        "Operating Revenue": 119646000.0
    },
    "2024-12-31": {
        "Tax Effect Of Unusual Items": -154969.537107,
        "Tax Rate For Calcs": 0.073341,
        "Normalized EBITDA": 33493000.0,
        "Total Unusual Items": -2113000.0,
        "Total Unusual Items Excluding Goodwill": -2113000.0,
        "Net Income From Continuing Operation Net Minority Interest": -23362000.0,
        "Reconciled Depreciation": 46365000.0,
        "Reconciled Cost Of Revenue": 44120000.0,
        "EBITDA": 31380000.0,
        "EBIT": -14985000.0,
        "Net Interest Income": -10226000.0,
        "Interest Expense": 10226000.0,
        "Normalized Income": -21403969.537107,
        "Net Income From Continuing And Discontinued Operation": -23362000.0,
        "Total Expenses": 137335000.0,
        "Rent Expense Supplemental": 64259000.0,
        "Total Operating Income As Reported": -16990000.0,
        "Diluted Average Shares": 147365000.0,
        "Basic Average Shares": 147365000.0,
        "Diluted EPS": -0.16,
        "Basic EPS": -0.16,
        "Diluted NI Availto Com Stockholders": -23362000.0,
        "Net Income Common Stockholders": -23362000.0,
        "Net Income": -23362000.0,
        "Net Income Including Noncontrolling Interests": -23362000.0,
        "Net Income Continuous Operations": -23362000.0,
        "Tax Provision": -1849000.0,
        "Pretax Income": -25211000.0,
        "Other Income Expense": 2005000.0,
        "Other Non Operating Income Expenses": 4118000.0,
        "Special Income Charges": NaN,
        "Other Special Charges": NaN,
        "Gain On Sale Of Security": -2113000.0,
        "Net Non Operating Interest Income Expense": -10226000.0,
        "Interest Expense Non Operating": 10226000.0,
        "Operating Income": -16990000.0,
        "Operating Expense": 93215000.0,
        "Other Operating Expenses": 8157000.0,
        "Selling General And Administration": 85058000.0,
        "General And Administrative Expense": 85058000.0,
        "Other Gand A": 20799000.0,
        "Rent And Landing Fees": 64259000.0,
        "Gross Profit": 76225000.0,
        "Cost Of Revenue": 44120000.0,
        "Total Revenue": 120345000.0,
        "Operating Revenue": 117694000.0
    },
    "2025-03-31": {
        "Tax Effect Of Unusual Items": -2330580.24551,
        "Tax Rate For Calcs": 0.131138,
        "Normalized EBITDA": 33355000.0,
        "Total Unusual Items": -17772000.0,
        "Total Unusual Items Excluding Goodwill": -17772000.0,
        "Net Income From Continuing Operation Net Minority Interest": -30577000.0,
        "Reconciled Depreciation": 41283000.0,
        "Reconciled Cost Of Revenue": 38550000.0,
        "EBITDA": 15583000.0,
        "EBIT": -25700000.0,
        "Net Interest Income": -9492000.0,
        "Interest Expense": 9492000.0,
        "Normalized Income": -15135580.24551,
        "Net Income From Continuing And Discontinued Operation": -30577000.0,
        "Total Expenses": 138111000.0,
        "Rent Expense Supplemental": 71012000.0,
        "Total Operating Income As Reported": -8244000.0,
        "Diluted Average Shares": 147598000.0,
        "Basic Average Shares": 147598000.0,
        "Diluted EPS": -0.21,
        "Basic EPS": -0.21,
        "Diluted NI Availto Com Stockholders": -30577000.0,
        "Net Income Common Stockholders": -30577000.0,
        "Net Income": -30577000.0,
        "Net Income Including Noncontrolling Interests": -30577000.0,
        "Net Income Continuous Operations": -30577000.0,
        "Tax Provision": -4615000.0,
        "Pretax Income": -35192000.0,
        "Other Income Expense": -17456000.0,
        "Other Non Operating Income Expenses": 316000.0,
        "Special Income Charges": -15015000.0,
        "Other Special Charges": 15015000.0,
        "Gain On Sale Of Security": -2757000.0,
        "Net Non Operating Interest Income Expense": -9492000.0,
        "Interest Expense Non Operating": 9492000.0,
        "Operating Income": -8244000.0,
        "Operating Expense": 99561000.0,
        "Other Operating Expenses": 8392000.0,
        "Selling General And Administration": 91169000.0,
        "General And Administrative Expense": 91169000.0,
        "Other Gand A": 20157000.0,
        "Rent And Landing Fees": 71012000.0,
        "Gross Profit": 91317000.0,
        "Cost Of Revenue": 38550000.0,
        "Total Revenue": 129867000.0,
        "Operating Revenue": 127597000.0
    }
}