{
    "2023-06-30": {
        "Tax Effect Of Unusual Items": NaN,
        "Tax Rate For Calcs": NaN,
        "Normalized EBITDA": NaN,
        "Total Unusual Items": 0.0,
        "Total Unusual Items Excluding Goodwill": 0.0,
        "Net Income From Continuing Operation Net Minority Interest": NaN,
        "Reconciled Depreciation": NaN,
        "Reconciled Cost Of Revenue": NaN,
        "EBITDA": NaN,
        "EBIT": NaN,
        "Net Interest Income": NaN,
        "Interest Expense": NaN,
        "Interest Income": NaN,
        "Normalized Income": NaN,
        "Net Income From Continuing And Discontinued Operation": NaN,
        "Total Expenses": NaN,
        "Total Operating Income As Reported": NaN,
        "Diluted Average Shares": NaN,
        "Basic Average Shares": NaN,
        "Diluted EPS": NaN,
        "Basic EPS": NaN,
        "Diluted NI Availto Com Stockholders": NaN,
        "Net Income Common Stockholders": NaN,
        "Net Income": NaN,
        "Net Income Including Noncontrolling Interests": NaN,
        "Net Income Continuous Operations": NaN,
        "Tax Provision": NaN,
        "Pretax Income": NaN,
        "Other Income Expense": NaN,
        "Other Non Operating Income Expenses": NaN,
        "Special Income Charges": 0.0,
        "Gain On Sale Of Business": 0.0,
        "Net Non Operating Interest Income Expense": NaN,
        "Interest Expense Non Operating": NaN,
        "Interest Income Non Operating": NaN,
        "Operating Income": NaN,
        "Operating Expense": NaN,
        "Selling General And Administration": NaN,
        "Gross Profit": NaN,
        "Cost Of Revenue": NaN,
        "Total Revenue": NaN,
        "Operating Revenue": NaN
    },
    "2023-03-31": {
        "Tax Effect Of Unusual Items": NaN,
        "Tax Rate For Calcs": NaN,
        "Normalized EBITDA": NaN,
        "Total Unusual Items": 0.0,
        "Total Unusual Items Excluding Goodwill": 0.0,
        "Net Income From Continuing Operation Net Minority Interest": NaN,
        "Reconciled Depreciation": NaN,
        "Reconciled Cost Of Revenue": NaN,
        "EBITDA": NaN,
        "EBIT": NaN,
        "Net Interest Income": NaN,
        "Interest Expense": NaN,
        "Interest Income": NaN,
        "Normalized Income": NaN,
        "Net Income From Continuing And Discontinued Operation": NaN,
        "Total Expenses": NaN,
        "Total Operating Income As Reported": NaN,
        "Diluted Average Shares": NaN,
        "Basic Average Shares": NaN,
        "Diluted EPS": NaN,
        "Basic EPS": NaN,
        "Diluted NI Availto Com Stockholders": NaN,
        "Net Income Common Stockholders": NaN,
        "Net Income": NaN,
        "Net Income Including Noncontrolling Interests": NaN,
        "Net Income Continuous Operations": NaN,
        "Tax Provision": NaN,
        "Pretax Income": NaN,
        "Other Income Expense": NaN,
        "Other Non Operating Income Expenses": NaN,
        "Special Income Charges": 0.0,
        "Gain On Sale Of Business": 0.0,
        "Net Non Operating Interest Income Expense": NaN,
        "Interest Expense Non Operating": NaN,
        "Interest Income Non Operating": NaN,
        "Operating Income": NaN,
        "Operating Expense": NaN,
        "Selling General And Administration": NaN,
        "Gross Profit": NaN,
        "Cost Of Revenue": NaN,
        "Total Revenue": NaN,
        "Operating Revenue": NaN
    },
    "2022-12-31": {
        "Tax Effect Of Unusual Items": NaN,
        "Tax Rate For Calcs": NaN,
        "Normalized EBITDA": NaN,
        "Total Unusual Items": 96900000.0,
        "Total Unusual Items Excluding Goodwill": 96900000.0,
        "Net Income From Continuing Operation Net Minority Interest": NaN,
        "Reconciled Depreciation": NaN,
        "Reconciled Cost Of Revenue": NaN,
        "EBITDA": NaN,
        "EBIT": NaN,
        "Net Interest Income": NaN,
        "Interest Expense": NaN,
        "Interest Income": NaN,
        "Normalized Income": NaN,
        "Net Income From Continuing And Discontinued Operation": NaN,
        "Total Expenses": NaN,
        "Total Operating Income As Reported": NaN,
        "Diluted Average Shares": NaN,
        "Basic Average Shares": NaN,
        "Diluted EPS": NaN,
        "Basic EPS": NaN,
        "Diluted NI Availto Com Stockholders": NaN,
        "Net Income Common Stockholders": NaN,
        "Net Income": NaN,
        "Net Income Including Noncontrolling Interests": NaN,
        "Net Income Continuous Operations": NaN,
        "Tax Provision": NaN,
        "Pretax Income": NaN,
        "Other Income Expense": NaN,
        "Other Non Operating Income Expenses": NaN,
        "Special Income Charges": 96900000.0,
        "Gain On Sale Of Business": 96900000.0,
        "Net Non Operating Interest Income Expense": NaN,
        "Interest Expense Non Operating": NaN,
        "Interest Income Non Operating": NaN,
        "Operating Income": NaN,
        "Operating Expense": NaN,
        "Selling General And Administration": NaN,
        "Gross Profit": NaN,
        "Cost Of Revenue": NaN,
        "Total Revenue": NaN,
        "Operating Revenue": NaN
    },
    "2022-09-30": {
        "Tax Effect Of Unusual Items": 0.0,
        "Tax Rate For Calcs": 0.102,
        "Normalized EBITDA": 263700000.0,
        "Total Unusual Items": 0.0,
        "Total Unusual Items Excluding Goodwill": 0.0,
        "Net Income From Continuing Operation Net Minority Interest": 173900000.0,
        "Reconciled Depreciation": 44800000.0,
        "Reconciled Cost Of Revenue": 637300000.0,
        "EBITDA": 263700000.0,
        "EBIT": 218900000.0,
        "Net Interest Income": -20300000.0,
        "Interest Expense": 25200000.0,
        "Interest Income": 4900000.0,
        "Normalized Income": 173900000.0,
        "Net Income From Continuing And Discontinued Operation": 173900000.0,
        "Total Expenses": 857800000.0,
        "Total Operating Income As Reported": 231800000.0,
        "Diluted Average Shares": 387600000.0,
        "Basic Average Shares": 386500000.0,
        "Diluted EPS": 0.45,
        "Basic EPS": 0.45,
        "Diluted NI Availto Com Stockholders": 173900000.0,
        "Net Income Common Stockholders": 173900000.0,
        "Net Income": 173900000.0,
        "Net Income Including Noncontrolling Interests": 173900000.0,
        "Net Income Continuous Operations": 173900000.0,
        "Tax Provision": 19800000.0,
        "Pretax Income": 193700000.0,
        "Other Income Expense": -17800000.0,
        "Other Non Operating Income Expenses": -17800000.0,
        "Special Income Charges": 0.0,
        "Gain On Sale Of Business": 0.0,
        "Earnings From Equity Interest": NaN,
        "Net Non Operating Interest Income Expense": -20300000.0,
        "Interest Expense Non Operating": 25200000.0,
        "Interest Income Non Operating": 4900000.0,
        "Operating Income": 231800000.0,
        "Operating Expense": 220500000.0,
        "Selling General And Administration": 220500000.0,
        "Gross Profit": 452300000.0,
        "Cost Of Revenue": 637300000.0,
        "Total Revenue": 1089600000.0,
        "Operating Revenue": 1025000000.0
    },
    "2022-06-30": {
        "Tax Effect Of Unusual Items": 0.0,
        "Tax Rate For Calcs": 0.179,
        "Normalized EBITDA": 306900000.0,
        "Total Unusual Items": 0.0,
        "Total Unusual Items Excluding Goodwill": 0.0,
        "Net Income From Continuing Operation Net Minority Interest": 194000000.0,
        "Reconciled Depreciation": 45900000.0,
        "Reconciled Cost Of Revenue": 653000000.0,
        "EBITDA": 306900000.0,
        "EBIT": 261000000.0,
        "Net Interest Income": -23000000.0,
        "Interest Expense": 24800000.0,
        "Interest Income": 1800000.0,
        "Normalized Income": 194000000.0,
        "Net Income From Continuing And Discontinued Operation": 194000000.0,
        "Total Expenses": 874300000.0,
        "Total Operating Income As Reported": 264000000.0,
        "Diluted Average Shares": 387600000.0,
        "Basic Average Shares": 386700000.0,
        "Diluted EPS": 0.5,
        "Basic EPS": 0.5,
        "Diluted NI Availto Com Stockholders": 194000000.0,
        "Net Income Common Stockholders": 194000000.0,
        "Net Income": 194000000.0,
        "Net Income Including Noncontrolling Interests": 194000000.0,
        "Net Income Continuous Operations": 194000000.0,
        "Tax Provision": 42200000.0,
        "Pretax Income": 236200000.0,
        "Other Income Expense": -4800000.0,
        "Other Non Operating Income Expenses": -4800000.0,
        "Special Income Charges": 0.0,
        "Gain On Sale Of Business": 0.0,
        "Earnings From Equity Interest": NaN,
        "Net Non Operating Interest Income Expense": -23000000.0,
        "Interest Expense Non Operating": 24800000.0,
        "Interest Income Non Operating": 1800000.0,
        "Operating Income": 264000000.0,
        "Operating Expense": 221300000.0,
        "Selling General And Administration": 221300000.0,
        "Gross Profit": 485300000.0,
        "Cost Of Revenue": 653000000.0,
        "Total Revenue": 1138300000.0,
        "Operating Revenue": 1080500000.0
    },
    "2023-09-30": {
        "Tax Effect Of Unusual Items": NaN,
        "Tax Rate For Calcs": NaN,
        "Normalized EBITDA": NaN,
        "Total Unusual Items": 18000000.0,
        "Total Unusual Items Excluding Goodwill": 18000000.0,
        "Net Income From Continuing Operation Net Minority Interest": NaN,
        "Reconciled Depreciation": NaN,
        "Reconciled Cost Of Revenue": NaN,
        "EBITDA": NaN,
        "EBIT": NaN,
        "Net Interest Income": NaN,
        "Interest Expense": NaN,
        "Interest Income": NaN,
        "Normalized Income": NaN,
        "Net Income From Continuing And Discontinued Operation": NaN,
        "Total Expenses": NaN,
        "Total Operating Income As Reported": NaN,
        "Diluted Average Shares": NaN,
        "Basic Average Shares": NaN,
        "Diluted EPS": NaN,
        "Basic EPS": NaN,
        "Diluted NI Availto Com Stockholders": NaN,
        "Net Income Common Stockholders": NaN,
        "Net Income": NaN,
        "Net Income Including Noncontrolling Interests": NaN,
        "Net Income Continuous Operations": NaN,
        "Tax Provision": NaN,
        "Pretax Income": NaN,
        "Other Income Expense": NaN,
        "Other Non Operating Income Expenses": NaN,
        "Special Income Charges": 18000000.0,
        "Gain On Sale Of Business": 18000000.0,
        "Net Non Operating Interest Income Expense": NaN,
        "Interest Expense Non Operating": NaN,
        "Interest Income Non Operating": NaN,
        "Operating Income": NaN,
        "Operating Expense": NaN,
        "Selling General And Administration": NaN,
        "Gross Profit": NaN,
        "Cost Of Revenue": NaN,
        "Total Revenue": NaN,
        "Operating Revenue": NaN
    },
    "2023-12-31": {
        "Tax Effect Of Unusual Items": NaN,
        "Tax Rate For Calcs": NaN,
        "Normalized EBITDA": NaN,
        "Total Unusual Items": 0.0,
        "Total Unusual Items Excluding Goodwill": 0.0,
        "Net Income From Continuing Operation Net Minority Interest": NaN,
        "Reconciled Depreciation": NaN,
        "Reconciled Cost Of Revenue": NaN,
        "EBITDA": NaN,
        "EBIT": NaN,
        "Net Interest Income": NaN,
        "Interest Expense": NaN,
        "Interest Income": NaN,
        "Normalized Income": NaN,
        "Net Income From Continuing And Discontinued Operation": NaN,
        "Total Expenses": NaN,
        "Total Operating Income As Reported": NaN,
        "Diluted Average Shares": NaN,
        "Basic Average Shares": NaN,
        "Diluted EPS": NaN,
        "Basic EPS": NaN,
        "Diluted NI Availto Com Stockholders": NaN,
        "Net Income Common Stockholders": NaN,
        "Net Income": NaN,
        "Net Income Including Noncontrolling Interests": NaN,
        "Net Income Continuous Operations": NaN,
        "Tax Provision": NaN,
        "Pretax Income": NaN,
        "Other Income Expense": NaN,
        "Other Non Operating Income Expenses": NaN,
        "Special Income Charges": 0.0,
        "Gain On Sale Of Business": 0.0,
        "Net Non Operating Interest Income Expense": NaN,
        "Interest Expense Non Operating": NaN,
        "Interest Income Non Operating": NaN,
        "Operating Income": NaN,
        "Operating Expense": NaN,
        "Selling General And Administration": NaN,
        "Gross Profit": NaN,
        "Cost Of Revenue": NaN,
        "Total Revenue": NaN,
        "Operating Revenue": NaN
    },
    "2024-03-31": {
        "Tax Effect Of Unusual Items": 0.0,
        "Tax Rate For Calcs": 0.16,
        "Normalized EBITDA": 242700000.0,
        "Total Unusual Items": NaN,
        "Total Unusual Items Excluding Goodwill": NaN,
        "Net Income From Continuing Operation Net Minority Interest": 142700000.0,
        "Reconciled Depreciation": 46600000.0,
        "Reconciled Cost Of Revenue": 641300000.0,
        "EBITDA": 242700000.0,
        "EBIT": 196100000.0,
        "Net Interest Income": -23000000.0,
        "Interest Expense": 26100000.0,
        "Interest Income": 3100000.0,
        "Normalized Income": 142700000.0,
        "Net Income From Continuing And Discontinued Operation": 142700000.0,
        "Total Expenses": 857000000.0,
        "Total Operating Income As Reported": 192100000.0,
        "Diluted Average Shares": 345700000.0,
        "Basic Average Shares": 344400000.0,
        "Diluted EPS": 0.41,
        "Basic EPS": 0.41,
        "Diluted NI Availto Com Stockholders": 142700000.0,
        "Net Income Common Stockholders": 142700000.0,
        "Net Income": 142700000.0,
        "Net Income Including Noncontrolling Interests": 142700000.0,
        "Net Income Continuous Operations": 142700000.0,
        "Tax Provision": 27300000.0,
        "Pretax Income": 170000000.0,
        "Other Income Expense": 900000.0,
        "Other Non Operating Income Expenses": 900000.0,
        "Special Income Charges": NaN,
        "Gain On Sale Of Business": NaN,
        "Net Non Operating Interest Income Expense": -23000000.0,
        "Interest Expense Non Operating": 26100000.0,
        "Interest Income Non Operating": 3100000.0,
        "Operating Income": 192100000.0,
        "Operating Expense": 215700000.0,
        "Selling General And Administration": 215700000.0,
        "Gross Profit": 407800000.0,
        "Cost Of Revenue": 641300000.0,
        "Total Revenue": 1049100000.0,
        "Operating Revenue": 1049100000.0
    },
    "2024-06-30": {
        "Tax Effect Of Unusual Items": 0.0,
        "Tax Rate For Calcs": 0.147,
        "Normalized EBITDA": 242400000.0,
        "Total Unusual Items": NaN,
        "Total Unusual Items Excluding Goodwill": NaN,
        "Net Income From Continuing Operation Net Minority Interest": 141000000.0,
        "Reconciled Depreciation": 46100000.0,
        "Reconciled Cost Of Revenue": 663900000.0,
        "EBITDA": 242400000.0,
        "EBIT": 196300000.0,
        "Net Interest Income": -27400000.0,
        "Interest Expense": 31100000.0,
        "Interest Income": 3700000.0,
        "Normalized Income": 141000000.0,
        "Net Income From Continuing And Discontinued Operation": 141000000.0,
        "Total Expenses": 875700000.0,
        "Total Operating Income As Reported": 190700000.0,
        "Diluted Average Shares": 339600000.0,
        "Basic Average Shares": 338600000.0,
        "Diluted EPS": 0.41,
        "Basic EPS": 0.42,
        "Diluted NI Availto Com Stockholders": 141000000.0,
        "Net Income Common Stockholders": 141000000.0,
        "Net Income": 141000000.0,
        "Net Income Including Noncontrolling Interests": 141000000.0,
        "Net Income Continuous Operations": 141000000.0,
        "Tax Provision": 24200000.0,
        "Pretax Income": 165200000.0,
        "Other Income Expense": 1900000.0,
        "Other Non Operating Income Expenses": 1900000.0,
        "Special Income Charges": NaN,
        "Gain On Sale Of Business": NaN,
        "Net Non Operating Interest Income Expense": -27400000.0,
        "Interest Expense Non Operating": 31100000.0,
        "Interest Income Non Operating": 3700000.0,
        "Operating Income": 190700000.0,
        "Operating Expense": 211800000.0,
        "Selling General And Administration": 211800000.0,
        "Gross Profit": 402500000.0,
        "Cost Of Revenue": 663900000.0,
        "Total Revenue": 1066400000.0,
        "Operating Revenue": 1066400000.0
    },
    "2024-09-30": {
        "Tax Effect Of Unusual Items": 0.0,
        "Tax Rate For Calcs": 0.21,
        "Normalized EBITDA": 210900000.0,
        "Total Unusual Items": 0.0,
        "Total Unusual Items Excluding Goodwill": 0.0,
        "Net Income From Continuing Operation Net Minority Interest": 264800000.0,
        "Reconciled Depreciation": 43000000.0,
        "Reconciled Cost Of Revenue": 653600000.0,
        "EBITDA": 210900000.0,
        "EBIT": 167900000.0,
        "Net Interest Income": -29400000.0,
        "Interest Expense": 32200000.0,
        "Interest Income": 2800000.0,
        "Normalized Income": 264800000.0,
        "Net Income From Continuing And Discontinued Operation": 264800000.0,
        "Total Expenses": 871100000.0,
        "Total Operating Income As Reported": 164900000.0,
        "Diluted Average Shares": 339500000.0,
        "Basic Average Shares": 338300000.0,
        "Diluted EPS": 0.78,
        "Basic EPS": 0.78,
        "Diluted NI Availto Com Stockholders": 264800000.0,
        "Net Income Common Stockholders": 264800000.0,
        "Net Income": 264800000.0,
        "Net Income Including Noncontrolling Interests": 264800000.0,
        "Net Income Continuous Operations": 264800000.0,
        "Tax Provision": -129100000.0,
        "Pretax Income": 135700000.0,
        "Other Income Expense": 200000.0,
        "Other Non Operating Income Expenses": 200000.0,
        "Special Income Charges": 0.0,
        "Gain On Sale Of Business": 0.0,
        "Net Non Operating Interest Income Expense": -29400000.0,
        "Interest Expense Non Operating": 32200000.0,
        "Interest Income Non Operating": 2800000.0,
        "Operating Income": 164900000.0,
        "Operating Expense": 217500000.0,
        "Selling General And Administration": 217500000.0,
        "Gross Profit": 382400000.0,
        "Cost Of Revenue": 653600000.0,
        "Total Revenue": 1036000000.0,
        "Operating Revenue": 1036000000.0
    },
    "2024-12-31": {
        "Tax Effect Of Unusual Items": 0.0,
        "Tax Rate For Calcs": 0.21,
        "Normalized EBITDA": 221500000.0,
        "Total Unusual Items": 0.0,
        "Total Unusual Items Excluding Goodwill": 0.0,
        "Net Income From Continuing Operation Net Minority Interest": 385700000.0,
        "Reconciled Depreciation": 43400000.0,
        "Reconciled Cost Of Revenue": 661700000.0,
        "EBITDA": 221500000.0,
        "EBIT": 178100000.0,
        "Net Interest Income": -28100000.0,
        "Interest Expense": 30400000.0,
        "Interest Income": 2300000.0,
        "Normalized Income": 385700000.0,
        "Net Income From Continuing And Discontinued Operation": 385700000.0,
        "Total Expenses": 880100000.0,
        "Total Operating Income As Reported": 178100000.0,
        "Diluted Average Shares": 339800000.0,
        "Basic Average Shares": 338400000.0,
        "Diluted EPS": 1.13,
        "Basic EPS": 1.14,
        "Diluted NI Availto Com Stockholders": 385700000.0,
        "Net Income Common Stockholders": 385700000.0,
        "Net Income": 385700000.0,
        "Net Income Including Noncontrolling Interests": 385700000.0,
        "Net Income Continuous Operations": 385700000.0,
        "Tax Provision": -238000000.0,
        "Pretax Income": 147700000.0,
        "Other Income Expense": -2300000.0,
        "Other Non Operating Income Expenses": -2300000.0,
        "Special Income Charges": 0.0,
        "Gain On Sale Of Business": 0.0,
        "Net Non Operating Interest Income Expense": -28100000.0,
        "Interest Expense Non Operating": 30400000.0,
        "Interest Income Non Operating": 2300000.0,
        "Operating Income": 178100000.0,
        "Operating Expense": 218400000.0,
        "Selling General And Administration": 218400000.0,
        "Gross Profit": 396500000.0,
        "Cost Of Revenue": 661700000.0,
        "Total Revenue": 1058200000.0,
        "Operating Revenue": 1058200000.0
    },
    "2025-03-31": {
        "Tax Effect Of Unusual Items": 0.0,
        "Tax Rate For Calcs": 0.161,
        "Normalized EBITDA": 221800000.0,
        "Total Unusual Items": NaN,
        "Total Unusual Items Excluding Goodwill": NaN,
        "Net Income From Continuing Operation Net Minority Interest": 123500000.0,
        "Reconciled Depreciation": 41900000.0,
        "Reconciled Cost Of Revenue": 619200000.0,
        "EBITDA": 221800000.0,
        "EBIT": 179900000.0,
        "Net Interest Income": -30900000.0,
        "Interest Expense": 32600000.0,
        "Interest Income": 1700000.0,
        "Normalized Income": 123500000.0,
        "Net Income From Continuing And Discontinued Operation": 123500000.0,
        "Total Expenses": 806200000.0,
        "Total Operating Income As Reported": 177400000.0,
        "Diluted Average Shares": 339200000.0,
        "Basic Average Shares": 337700000.0,
        "Diluted EPS": 0.36,
        "Basic EPS": 0.37,
        "Diluted NI Availto Com Stockholders": 123500000.0,
        "Net Income Common Stockholders": 123500000.0,
        "Net Income": 123500000.0,
        "Net Income Including Noncontrolling Interests": 123500000.0,
        "Net Income Continuous Operations": 123500000.0,
        "Tax Provision": 23800000.0,
        "Pretax Income": 147300000.0,
        "Other Income Expense": 800000.0,
        "Other Non Operating Income Expenses": 800000.0,
        "Special Income Charges": NaN,
        "Gain On Sale Of Business": NaN,
        "Net Non Operating Interest Income Expense": -30900000.0,
        "Interest Expense Non Operating": 32600000.0,
        "Interest Income Non Operating": 1700000.0,
        "Operating Income": 177400000.0,
        "Operating Expense": 187000000.0,
        "Selling General And Administration": 187000000.0,
        "Gross Profit": 364400000.0,
        "Cost Of Revenue": 619200000.0,
        "Total Revenue": 983600000.0,
        "Operating Revenue": 983600000.0
    },
    "2025-06-30": {
        "Tax Effect Of Unusual Items": 0.0,
        "Tax Rate For Calcs": 0.236,
        "Normalized EBITDA": 236600000.0,
        "Total Unusual Items": NaN,
        "Total Unusual Items Excluding Goodwill": NaN,
        "Net Income From Continuing Operation Net Minority Interest": 122100000.0,
        "Reconciled Depreciation": 40200000.0,
        "Reconciled Cost Of Revenue": 642800000.0,
        "EBITDA": 236600000.0,
        "EBIT": 196400000.0,
        "Net Interest Income": -34900000.0,
        "Interest Expense": 36700000.0,
        "Interest Income": 1800000.0,
        "Normalized Income": 122100000.0,
        "Net Income From Continuing And Discontinued Operation": 122100000.0,
        "Total Expenses": 833400000.0,
        "Total Operating Income As Reported": 192700000.0,
        "Diluted Average Shares": 329600000.0,
        "Basic Average Shares": 328900000.0,
        "Diluted EPS": 0.37,
        "Basic EPS": 0.37,
        "Diluted NI Availto Com Stockholders": 122100000.0,
        "Net Income Common Stockholders": 122100000.0,
        "Net Income": 122100000.0,
        "Net Income Including Noncontrolling Interests": 122100000.0,
        "Net Income Continuous Operations": 122100000.0,
        "Tax Provision": 37600000.0,
        "Pretax Income": 159700000.0,
        "Other Income Expense": 1900000.0,
        "Other Non Operating Income Expenses": 1900000.0,
        "Special Income Charges": NaN,
        "Gain On Sale Of Business": NaN,
        "Net Non Operating Interest Income Expense": -34900000.0,
        "Interest Expense Non Operating": 36700000.0,
        "Interest Income Non Operating": 1800000.0,
        "Operating Income": 192700000.0,
        "Operating Expense": 190600000.0,
        "Selling General And Administration": 190600000.0,
        "Gross Profit": 383300000.0,
        "Cost Of Revenue": 642800000.0,
        "Total Revenue": 1026100000.0,
        "Operating Revenue": 1026100000.0
    },
    "2025-09-30": {
        "Tax Effect Of Unusual Items": 0.0,
        "Tax Rate For Calcs": 0.167,
        "Normalized EBITDA": 245900000.0,
        "Total Unusual Items": NaN,
        "Total Unusual Items Excluding Goodwill": NaN,
        "Net Income From Continuing Operation Net Minority Interest": 139600000.0,
        "Reconciled Depreciation": 41300000.0,
        "Reconciled Cost Of Revenue": 643200000.0,
        "EBITDA": 245900000.0,
        "EBIT": 204600000.0,
        "Net Interest Income": -34600000.0,
        "Interest Expense": 37000000.0,
        "Interest Income": 2400000.0,
        "Normalized Income": 139600000.0,
        "Net Income From Continuing And Discontinued Operation": 139600000.0,
        "Total Expenses": 830700000.0,
        "Total Operating Income As Reported": 201900000.0,
        "Diluted Average Shares": 322800000.0,
        "Basic Average Shares": 322100000.0,
        "Diluted EPS": 0.43,
        "Basic EPS": 0.43,
        "Diluted NI Availto Com Stockholders": 139600000.0,
        "Net Income Common Stockholders": 139600000.0,
        "Net Income": 139600000.0,
        "Net Income Including Noncontrolling Interests": 139600000.0,
        "Net Income Continuous Operations": 139600000.0,
        "Tax Provision": 28000000.0,
        "Pretax Income": 167600000.0,
        "Other Income Expense": 300000.0,
        "Other Non Operating Income Expenses": 300000.0,
        "Special Income Charges": NaN,
        "Gain On Sale Of Business": NaN,
        "Net Non Operating Interest Income Expense": -34600000.0,
        "Interest Expense Non Operating": 37000000.0,
        "Interest Income Non Operating": 2400000.0,
        "Operating Income": 201900000.0,
        "Operating Expense": 187500000.0,
        "Selling General And Administration": 187500000.0,
        "Gross Profit": 389400000.0,
        "Cost Of Revenue": 643200000.0,
        "Total Revenue": 1032600000.0,
        "Operating Revenue": 1032600000.0
    }
}