{
    "2023-03-31": {
        "Tax Effect Of Unusual Items": NaN,
        "Tax Rate For Calcs": NaN,
        "Normalized EBITDA": NaN,
        "Total Unusual Items": NaN,
        "Total Unusual Items Excluding Goodwill": NaN,
        "Net Income From Continuing Operation Net Minority Interest": NaN,
        "Reconciled Depreciation": NaN,
        "EBITDA": NaN,
        "EBIT": NaN,
        "Normalized Income": NaN,
        "Net Income From Continuing And Discontinued Operation": NaN,
        "Total Expenses": NaN,
        "Total Operating Income As Reported": NaN,
        "Diluted Average Shares": 102056712.0,
        "Basic Average Shares": 102056712.0,
        "Diluted EPS": -0.27,
        "Basic EPS": -0.27,
        "Diluted NI Availto Com Stockholders": NaN,
        "Net Income Common Stockholders": NaN,
        "Otherunder Preferred Stock Dividend": NaN,
        "Net Income": NaN,
        "Net Income Including Noncontrolling Interests": NaN,
        "Net Income Continuous Operations": NaN,
        "Tax Provision": NaN,
        "Pretax Income": NaN,
        "Other Income Expense": NaN,
        "Other Non Operating Income Expenses": NaN,
        "Gain On Sale Of Security": NaN,
        "Operating Income": NaN,
        "Operating Expense": NaN,
        "Research And Development": NaN,
        "Selling General And Administration": NaN,
        "General And Administrative Expense": NaN,
        "Other Gand A": NaN,
        "Total Revenue": NaN,
        "Operating Revenue": NaN
    },
    "2022-12-31": {
        "Tax Effect Of Unusual Items": NaN,
        "Tax Rate For Calcs": NaN,
        "Normalized EBITDA": NaN,
        "Total Unusual Items": NaN,
        "Total Unusual Items Excluding Goodwill": NaN,
        "Net Income From Continuing Operation Net Minority Interest": NaN,
        "Reconciled Depreciation": NaN,
        "EBITDA": NaN,
        "EBIT": NaN,
        "Normalized Income": NaN,
        "Net Income From Continuing And Discontinued Operation": NaN,
        "Total Expenses": NaN,
        "Total Operating Income As Reported": NaN,
        "Diluted Average Shares": 93993638.0,
        "Basic Average Shares": 93993638.0,
        "Diluted EPS": -0.47,
        "Basic EPS": -0.47,
        "Diluted NI Availto Com Stockholders": NaN,
        "Net Income Common Stockholders": NaN,
        "Otherunder Preferred Stock Dividend": NaN,
        "Net Income": NaN,
        "Net Income Including Noncontrolling Interests": NaN,
        "Net Income Continuous Operations": NaN,
        "Tax Provision": NaN,
        "Pretax Income": NaN,
        "Other Income Expense": NaN,
        "Other Non Operating Income Expenses": NaN,
        "Gain On Sale Of Security": NaN,
        "Operating Income": NaN,
        "Operating Expense": NaN,
        "Research And Development": NaN,
        "Selling General And Administration": NaN,
        "General And Administrative Expense": NaN,
        "Other Gand A": NaN,
        "Total Revenue": NaN,
        "Operating Revenue": NaN
    },
    "2022-09-30": {
        "Tax Effect Of Unusual Items": NaN,
        "Tax Rate For Calcs": NaN,
        "Normalized EBITDA": NaN,
        "Total Unusual Items": NaN,
        "Total Unusual Items Excluding Goodwill": NaN,
        "Net Income From Continuing Operation Net Minority Interest": NaN,
        "Reconciled Depreciation": NaN,
        "EBITDA": NaN,
        "EBIT": NaN,
        "Normalized Income": NaN,
        "Net Income From Continuing And Discontinued Operation": NaN,
        "Total Expenses": NaN,
        "Total Operating Income As Reported": NaN,
        "Diluted Average Shares": NaN,
        "Basic Average Shares": NaN,
        "Diluted EPS": NaN,
        "Basic EPS": NaN,
        "Diluted NI Availto Com Stockholders": NaN,
        "Net Income Common Stockholders": NaN,
        "Otherunder Preferred Stock Dividend": 0.0,
        "Net Income": NaN,
        "Net Income Including Noncontrolling Interests": NaN,
        "Net Income Continuous Operations": NaN,
        "Tax Provision": NaN,
        "Pretax Income": NaN,
        "Other Income Expense": NaN,
        "Other Non Operating Income Expenses": NaN,
        "Gain On Sale Of Security": NaN,
        "Operating Income": NaN,
        "Operating Expense": NaN,
        "Research And Development": NaN,
        "Selling General And Administration": NaN,
        "General And Administrative Expense": NaN,
        "Other Gand A": NaN,
        "Total Revenue": NaN,
        "Operating Revenue": NaN
    },
    "2022-06-30": {
        "Tax Effect Of Unusual Items": 0.0,
        "Tax Rate For Calcs": 0.0,
        "Normalized EBITDA": -39784000.0,
        "Total Unusual Items": 124000.0,
        "Total Unusual Items Excluding Goodwill": 124000.0,
        "Net Income From Continuing Operation Net Minority Interest": -41296000.0,
        "Reconciled Depreciation": 2504000.0,
        "EBITDA": -39660000.0,
        "EBIT": -42164000.0,
        "Net Interest Income": NaN,
        "Interest Income": NaN,
        "Normalized Income": -41420000.0,
        "Net Income From Continuing And Discontinued Operation": -41296000.0,
        "Total Expenses": 42539000.0,
        "Total Operating Income As Reported": -42164000.0,
        "Diluted Average Shares": 66479293.0,
        "Basic Average Shares": 66479293.0,
        "Diluted EPS": -0.62,
        "Basic EPS": -0.62,
        "Diluted NI Availto Com Stockholders": -41296000.0,
        "Net Income Common Stockholders": -41296000.0,
        "Net Income": -41296000.0,
        "Net Income Including Noncontrolling Interests": -41296000.0,
        "Net Income Continuous Operations": -41296000.0,
        "Tax Provision": 0.0,
        "Pretax Income": -41296000.0,
        "Other Income Expense": 868000.0,
        "Other Non Operating Income Expenses": 744000.0,
        "Gain On Sale Of Security": 124000.0,
        "Net Non Operating Interest Income Expense": NaN,
        "Interest Income Non Operating": NaN,
        "Operating Income": -42164000.0,
        "Operating Expense": 42539000.0,
        "Research And Development": 29733000.0,
        "Selling General And Administration": 12806000.0,
        "General And Administrative Expense": 12806000.0,
        "Other Gand A": 12806000.0,
        "Total Revenue": 375000.0,
        "Operating Revenue": 375000.0
    },
    "2023-06-30": {
        "Tax Effect Of Unusual Items": NaN,
        "Tax Rate For Calcs": NaN,
        "Normalized EBITDA": NaN,
        "Total Unusual Items": NaN,
        "Total Unusual Items Excluding Goodwill": NaN,
        "Net Income From Continuing Operation Net Minority Interest": NaN,
        "Reconciled Depreciation": NaN,
        "EBITDA": NaN,
        "EBIT": NaN,
        "Normalized Income": NaN,
        "Net Income From Continuing And Discontinued Operation": NaN,
        "Total Expenses": NaN,
        "Total Operating Income As Reported": NaN,
        "Diluted Average Shares": 105462414.0,
        "Basic Average Shares": 105462414.0,
        "Diluted EPS": -0.2,
        "Basic EPS": -0.2,
        "Diluted NI Availto Com Stockholders": NaN,
        "Net Income Common Stockholders": NaN,
        "Otherunder Preferred Stock Dividend": NaN,
        "Net Income": NaN,
        "Net Income Including Noncontrolling Interests": NaN,
        "Net Income Continuous Operations": NaN,
        "Tax Provision": NaN,
        "Pretax Income": NaN,
        "Other Income Expense": NaN,
        "Other Non Operating Income Expenses": NaN,
        "Gain On Sale Of Security": NaN,
        "Operating Income": NaN,
        "Operating Expense": NaN,
        "Research And Development": NaN,
        "Selling General And Administration": NaN,
        "General And Administrative Expense": NaN,
        "Other Gand A": NaN,
        "Total Revenue": NaN,
        "Operating Revenue": NaN
    },
    "2022-03-31": {
        "Diluted EPS": -0.62,
        "Total Revenue": 2,
        "Gross Profit": 2,
        "Operating Income": -38,
        "EBIT": -36,
        "Net Income": -38
    },
    "2021-12-31": {
        "Diluted EPS": -0.6,
        "Total Revenue": 2,
        "Gross Profit": 2,
        "Operating Income": -36,
        "EBIT": -34,
        "Net Income": -35
    },
    "2021-09-30": {
        "Diluted EPS": -0.12,
        "Total Revenue": 36,
        "Gross Profit": 36,
        "Operating Income": -8,
        "EBIT": -5,
        "Net Income": -6
    },
    "2021-06-30": {
        "Diluted EPS": -0.78,
        "Total Revenue": 3,
        "Gross Profit": 3,
        "Operating Income": -40,
        "EBIT": -37,
        "Net Income": -39
    },
    "2021-03-31": {
        "Diluted EPS": -0.86,
        "Total Revenue": NaN,
        "Gross Profit": NaN,
        "Operating Income": -43,
        "EBIT": -41,
        "Net Income": -42
    },
    "2020-12-31": {
        "Diluted EPS": -0.43,
        "Total Revenue": 9,
        "Gross Profit": 9,
        "Operating Income": -30,
        "EBIT": -28,
        "Net Income": -29
    },
    "2020-09-30": {
        "Diluted EPS": -0.86,
        "Total Revenue": 3,
        "Gross Profit": 3,
        "Operating Income": -34,
        "EBIT": -32,
        "Net Income": -33
    },
    "2020-06-30": {
        "Diluted EPS": -1.15,
        "Total Revenue": 3,
        "Gross Profit": 3,
        "Operating Income": -39,
        "EBIT": -36,
        "Net Income": -41
    },
    "2020-03-31": {
        "Diluted EPS": -1.38,
        "Total Revenue": 4,
        "Gross Profit": 4,
        "Operating Income": -50,
        "EBIT": -48,
        "Net Income": -47
    },
    "2019-12-31": {
        "Diluted EPS": -1.66,
        "Total Revenue": 2,
        "Gross Profit": 2,
        "Operating Income": -61,
        "EBIT": -58,
        "Net Income": -57
    },
    "2019-09-30": {
        "Diluted EPS": -1.48,
        "Total Revenue": 3,
        "Gross Profit": 3,
        "Operating Income": -54,
        "EBIT": -52,
        "Net Income": -51
    },
    "2019-06-30": {
        "Diluted EPS": -1.22,
        "Total Revenue": 8,
        "Gross Profit": 8,
        "Operating Income": -46,
        "EBIT": -42,
        "Net Income": -42
    },
    "2019-03-31": {
        "Diluted EPS": -1.36,
        "Total Revenue": 3,
        "Gross Profit": 3,
        "Operating Income": -48,
        "EBIT": -48,
        "Net Income": -44
    },
    "2018-12-31": {
        "Diluted EPS": -1.29,
        "Total Revenue": 4,
        "Gross Profit": 4,
        "Operating Income": -49,
        "EBIT": -48,
        "Net Income": -38
    },
    "2018-09-30": {
        "Diluted EPS": -1.28,
        "Total Revenue": 4,
        "Gross Profit": 4,
        "Operating Income": -38,
        "EBIT": -37,
        "Net Income": -38
    },
    "2018-06-30": {
        "Diluted EPS": -1.23,
        "Total Revenue": 5,
        "Gross Profit": 5,
        "Operating Income": -37,
        "EBIT": -36,
        "Net Income": -36
    },
    "2018-03-31": {
        "Diluted EPS": -1.26,
        "Total Revenue": 1,
        "Gross Profit": 1,
        "Operating Income": -36,
        "EBIT": -35,
        "Net Income": -35
    },
    "2017-12-31": {
        "Diluted EPS": -1.12,
        "Total Revenue": 1,
        "Gross Profit": 1,
        "Operating Income": -31,
        "EBIT": -30,
        "Net Income": -31
    },
    "2017-09-30": {
        "Diluted EPS": -0.92,
        "Total Revenue": 1,
        "Gross Profit": 1,
        "Operating Income": -26,
        "EBIT": -26,
        "Net Income": -25
    },
    "2017-06-30": {
        "Diluted EPS": -0.91,
        "Total Revenue": 1,
        "Gross Profit": 1,
        "Operating Income": -25,
        "EBIT": -24,
        "Net Income": -25
    },
    "2017-03-31": {
        "Diluted EPS": -0.9,
        "Total Revenue": 0,
        "Gross Profit": 0,
        "Operating Income": -20,
        "EBIT": -20,
        "Net Income": -21
    },
    "2016-12-31": {
        "Diluted EPS": -0.82,
        "Total Revenue": 0,
        "Gross Profit": 0,
        "Operating Income": -19,
        "EBIT": -19,
        "Net Income": -19
    },
    "2016-09-30": {
        "Diluted EPS": -0.75,
        "Total Revenue": 0,
        "Gross Profit": 0,
        "Operating Income": -17,
        "EBIT": -17,
        "Net Income": -18
    },
    "2016-06-30": {
        "Diluted EPS": -0.51,
        "Total Revenue": 0,
        "Gross Profit": 0,
        "Operating Income": -12,
        "EBIT": -11,
        "Net Income": -12
    },
    "2016-03-31": {
        "Diluted EPS": -0.36,
        "Total Revenue": NaN,
        "Gross Profit": NaN,
        "Operating Income": -8,
        "EBIT": -8,
        "Net Income": -8
    },
    "2015-12-31": {
        "Diluted EPS": -0.47,
        "Total Revenue": 0,
        "Gross Profit": 0,
        "Operating Income": -7,
        "EBIT": -7,
        "Net Income": -7
    },
    "2015-09-30": {
        "Diluted EPS": -0.54,
        "Total Revenue": NaN,
        "Gross Profit": NaN,
        "Operating Income": -5,
        "EBIT": -5,
        "Net Income": -5
    },
    "2015-06-30": {
        "Diluted EPS": -0.4,
        "Total Revenue": 0,
        "Gross Profit": 0,
        "Operating Income": -4,
        "EBIT": -4,
        "Net Income": -4
    },
    "2015-03-31": {
        "Diluted EPS": -0.42,
        "Total Revenue": 0,
        "Gross Profit": 0,
        "Operating Income": -3,
        "EBIT": -3,
        "Net Income": -3
    },
    "2014-12-31": {
        "Diluted EPS": 0.0,
        "Total Revenue": NaN,
        "Gross Profit": NaN,
        "Operating Income": NaN,
        "EBIT": NaN,
        "Net Income": NaN
    },
    "2014-09-30": {
        "Diluted EPS": -0.32,
        "Total Revenue": NaN,
        "Gross Profit": NaN,
        "Operating Income": -1,
        "EBIT": -1,
        "Net Income": -1
    },
    "2013-12-31": {
        "Diluted EPS": 0.0,
        "Total Revenue": NaN,
        "Gross Profit": NaN,
        "Operating Income": NaN,
        "EBIT": NaN,
        "Net Income": NaN
    },
    "2023-09-30": {
        "Tax Effect Of Unusual Items": NaN,
        "Tax Rate For Calcs": NaN,
        "Normalized EBITDA": NaN,
        "Total Unusual Items": NaN,
        "Total Unusual Items Excluding Goodwill": NaN,
        "Net Income From Continuing Operation Net Minority Interest": NaN,
        "Reconciled Depreciation": NaN,
        "EBITDA": NaN,
        "EBIT": NaN,
        "Net Interest Income": NaN,
        "Interest Income": NaN,
        "Normalized Income": NaN,
        "Net Income From Continuing And Discontinued Operation": NaN,
        "Total Expenses": NaN,
        "Total Operating Income As Reported": NaN,
        "Diluted Average Shares": NaN,
        "Basic Average Shares": NaN,
        "Diluted EPS": NaN,
        "Basic EPS": NaN,
        "Diluted NI Availto Com Stockholders": NaN,
        "Net Income Common Stockholders": NaN,
        "Otherunder Preferred Stock Dividend": 257000.0,
        "Net Income": NaN,
        "Net Income Including Noncontrolling Interests": NaN,
        "Net Income Continuous Operations": NaN,
        "Tax Provision": NaN,
        "Pretax Income": NaN,
        "Other Income Expense": NaN,
        "Other Non Operating Income Expenses": NaN,
        "Gain On Sale Of Security": NaN,
        "Net Non Operating Interest Income Expense": NaN,
        "Interest Income Non Operating": NaN,
        "Operating Income": NaN,
        "Operating Expense": NaN,
        "Research And Development": NaN,
        "Selling General And Administration": NaN,
        "General And Administrative Expense": NaN,
        "Other Gand A": NaN,
        "Total Revenue": NaN,
        "Operating Revenue": NaN
    },
    "2023-12-31": {
        "Tax Effect Of Unusual Items": NaN,
        "Tax Rate For Calcs": NaN,
        "Normalized EBITDA": NaN,
        "Total Unusual Items": 1844000.0,
        "Total Unusual Items Excluding Goodwill": 1844000.0,
        "Net Income From Continuing Operation Net Minority Interest": NaN,
        "Reconciled Depreciation": NaN,
        "EBITDA": NaN,
        "EBIT": NaN,
        "Net Interest Income": NaN,
        "Interest Income": NaN,
        "Normalized Income": NaN,
        "Net Income From Continuing And Discontinued Operation": NaN,
        "Total Expenses": NaN,
        "Total Operating Income As Reported": NaN,
        "Diluted Average Shares": NaN,
        "Basic Average Shares": NaN,
        "Diluted EPS": NaN,
        "Basic EPS": NaN,
        "Diluted NI Availto Com Stockholders": NaN,
        "Net Income Common Stockholders": NaN,
        "Otherunder Preferred Stock Dividend": NaN,
        "Net Income": NaN,
        "Net Income Including Noncontrolling Interests": NaN,
        "Net Income Continuous Operations": NaN,
        "Tax Provision": NaN,
        "Pretax Income": NaN,
        "Other Income Expense": NaN,
        "Other Non Operating Income Expenses": NaN,
        "Gain On Sale Of Security": 1844000.0,
        "Net Non Operating Interest Income Expense": NaN,
        "Interest Income Non Operating": NaN,
        "Operating Income": NaN,
        "Operating Expense": NaN,
        "Research And Development": NaN,
        "Selling General And Administration": NaN,
        "General And Administrative Expense": NaN,
        "Other Gand A": NaN,
        "Total Revenue": NaN,
        "Operating Revenue": NaN
    },
    "2024-03-31": {
        "Tax Effect Of Unusual Items": NaN,
        "Tax Rate For Calcs": NaN,
        "Normalized EBITDA": NaN,
        "Total Unusual Items": 2535000.0,
        "Total Unusual Items Excluding Goodwill": 2535000.0,
        "Net Income From Continuing Operation Net Minority Interest": NaN,
        "Reconciled Depreciation": NaN,
        "EBITDA": NaN,
        "EBIT": NaN,
        "Net Interest Income": NaN,
        "Interest Income": NaN,
        "Normalized Income": NaN,
        "Net Income From Continuing And Discontinued Operation": NaN,
        "Total Expenses": NaN,
        "Total Operating Income As Reported": NaN,
        "Diluted Average Shares": NaN,
        "Basic Average Shares": NaN,
        "Diluted EPS": NaN,
        "Basic EPS": NaN,
        "Diluted NI Availto Com Stockholders": NaN,
        "Net Income Common Stockholders": NaN,
        "Otherunder Preferred Stock Dividend": NaN,
        "Net Income": NaN,
        "Net Income Including Noncontrolling Interests": NaN,
        "Net Income Continuous Operations": NaN,
        "Tax Provision": NaN,
        "Pretax Income": NaN,
        "Other Income Expense": NaN,
        "Other Non Operating Income Expenses": NaN,
        "Gain On Sale Of Security": 2535000.0,
        "Net Non Operating Interest Income Expense": NaN,
        "Interest Income Non Operating": NaN,
        "Operating Income": NaN,
        "Operating Expense": NaN,
        "Research And Development": NaN,
        "Selling General And Administration": NaN,
        "General And Administrative Expense": NaN,
        "Other Gand A": NaN,
        "Total Revenue": NaN,
        "Operating Revenue": NaN
    },
    "2024-06-30": {
        "Tax Effect Of Unusual Items": NaN,
        "Tax Rate For Calcs": NaN,
        "Normalized EBITDA": NaN,
        "Total Unusual Items": 2092000.0,
        "Total Unusual Items Excluding Goodwill": 2092000.0,
        "Net Income From Continuing Operation Net Minority Interest": NaN,
        "Reconciled Depreciation": NaN,
        "EBITDA": NaN,
        "EBIT": NaN,
        "Net Interest Income": 2092000.0,
        "Interest Income": 2092000.0,
        "Normalized Income": NaN,
        "Net Income From Continuing And Discontinued Operation": NaN,
        "Total Expenses": NaN,
        "Total Operating Income As Reported": NaN,
        "Diluted Average Shares": NaN,
        "Basic Average Shares": NaN,
        "Diluted EPS": NaN,
        "Basic EPS": NaN,
        "Diluted NI Availto Com Stockholders": NaN,
        "Net Income Common Stockholders": NaN,
        "Otherunder Preferred Stock Dividend": NaN,
        "Net Income": NaN,
        "Net Income Including Noncontrolling Interests": NaN,
        "Net Income Continuous Operations": NaN,
        "Tax Provision": NaN,
        "Pretax Income": NaN,
        "Other Income Expense": NaN,
        "Other Non Operating Income Expenses": NaN,
        "Gain On Sale Of Security": 2092000.0,
        "Net Non Operating Interest Income Expense": 2092000.0,
        "Interest Income Non Operating": 2092000.0,
        "Operating Income": NaN,
        "Operating Expense": NaN,
        "Research And Development": NaN,
        "Selling General And Administration": NaN,
        "General And Administrative Expense": NaN,
        "Other Gand A": NaN,
        "Total Revenue": NaN,
        "Operating Revenue": NaN
    },
    "2024-09-30": {
        "Tax Effect Of Unusual Items": 0.0,
        "Tax Rate For Calcs": 0.0,
        "Normalized EBITDA": -61757000.0,
        "Total Unusual Items": 1798000.0,
        "Total Unusual Items Excluding Goodwill": 1798000.0,
        "Net Income From Continuing Operation Net Minority Interest": -61780000.0,
        "Reconciled Depreciation": 2158000.0,
        "EBITDA": -61757000.0,
        "EBIT": -63915000.0,
        "Net Interest Income": 1798000.0,
        "Interest Income": 1798000.0,
        "Normalized Income": -61780000.0,
        "Net Income From Continuing And Discontinued Operation": -61780000.0,
        "Total Expenses": 56239000.0,
        "Total Operating Income As Reported": -63915000.0,
        "Diluted Average Shares": 132563467.0,
        "Basic Average Shares": 132563467.0,
        "Diluted EPS": -0.47,
        "Basic EPS": -0.47,
        "Diluted NI Availto Com Stockholders": -61780000.0,
        "Net Income Common Stockholders": -61780000.0,
        "Otherunder Preferred Stock Dividend": 0.0,
        "Net Income": -61780000.0,
        "Net Income Including Noncontrolling Interests": -61780000.0,
        "Net Income Continuous Operations": -61780000.0,
        "Tax Provision": 0.0,
        "Pretax Income": -61780000.0,
        "Other Income Expense": 337000.0,
        "Other Non Operating Income Expenses": 337000.0,
        "Gain On Sale Of Security": 1798000.0,
        "Net Non Operating Interest Income Expense": 1798000.0,
        "Interest Income Non Operating": 1798000.0,
        "Operating Income": -63915000.0,
        "Operating Expense": 56239000.0,
        "Research And Development": 41197000.0,
        "Selling General And Administration": 15042000.0,
        "General And Administrative Expense": 15042000.0,
        "Other Gand A": 15042000.0,
        "Total Revenue": -7676000.0,
        "Operating Revenue": -7676000.0
    },
    "2024-12-31": {
        "Tax Effect Of Unusual Items": 0.0,
        "Tax Rate For Calcs": 0.0,
        "Normalized EBITDA": 21385000.0,
        "Total Unusual Items": 3738000.0,
        "Total Unusual Items Excluding Goodwill": 3738000.0,
        "Net Income From Continuing Operation Net Minority Interest": 29253000.0,
        "Reconciled Depreciation": 2156000.0,
        "EBITDA": 25123000.0,
        "EBIT": 22967000.0,
        "Net Interest Income": NaN,
        "Interest Income": NaN,
        "Normalized Income": 25515000.0,
        "Net Income From Continuing And Discontinued Operation": 29253000.0,
        "Total Expenses": 60781000.0,
        "Total Operating Income As Reported": 22967000.0,
        "Diluted Average Shares": 172290361.0,
        "Basic Average Shares": 161487609.0,
        "Diluted EPS": 0.17,
        "Basic EPS": 0.18,
        "Diluted NI Availto Com Stockholders": 29253000.0,
        "Net Income Common Stockholders": 29253000.0,
        "Otherunder Preferred Stock Dividend": NaN,
        "Net Income": 29253000.0,
        "Net Income Including Noncontrolling Interests": 29253000.0,
        "Net Income Continuous Operations": 29253000.0,
        "Tax Provision": 0.0,
        "Pretax Income": 29253000.0,
        "Other Income Expense": 6286000.0,
        "Other Non Operating Income Expenses": 2548000.0,
        "Gain On Sale Of Security": 3738000.0,
        "Net Non Operating Interest Income Expense": NaN,
        "Interest Income Non Operating": NaN,
        "Operating Income": 22967000.0,
        "Operating Expense": 60781000.0,
        "Research And Development": 44645000.0,
        "Selling General And Administration": 16136000.0,
        "General And Administrative Expense": 16136000.0,
        "Other Gand A": 16136000.0,
        "Total Revenue": 83748000.0,
        "Operating Revenue": 83748000.0
    },
    "2025-03-31": {
        "Tax Effect Of Unusual Items": 0.0,
        "Tax Rate For Calcs": 0.0,
        "Normalized EBITDA": -47640000.0,
        "Total Unusual Items": NaN,
        "Total Unusual Items Excluding Goodwill": NaN,
        "Net Income From Continuing Operation Net Minority Interest": -46878000.0,
        "Reconciled Depreciation": 2164000.0,
        "EBITDA": -47640000.0,
        "EBIT": -49804000.0,
        "Net Interest Income": 2875000.0,
        "Interest Income": 2875000.0,
        "Normalized Income": -46878000.0,
        "Net Income From Continuing And Discontinued Operation": -46878000.0,
        "Total Expenses": 58979000.0,
        "Total Operating Income As Reported": -49804000.0,
        "Diluted Average Shares": 162527026.0,
        "Basic Average Shares": 162527026.0,
        "Diluted EPS": -0.29,
        "Basic EPS": -0.29,
        "Diluted NI Availto Com Stockholders": -46878000.0,
        "Net Income Common Stockholders": -46878000.0,
        "Otherunder Preferred Stock Dividend": NaN,
        "Net Income": -46878000.0,
        "Net Income Including Noncontrolling Interests": -46878000.0,
        "Net Income Continuous Operations": -46878000.0,
        "Tax Provision": 0.0,
        "Pretax Income": -46878000.0,
        "Other Income Expense": 51000.0,
        "Other Non Operating Income Expenses": 51000.0,
        "Gain On Sale Of Security": NaN,
        "Net Non Operating Interest Income Expense": 2875000.0,
        "Interest Income Non Operating": 2875000.0,
        "Operating Income": -49804000.0,
        "Operating Expense": 58979000.0,
        "Research And Development": 40622000.0,
        "Selling General And Administration": 18357000.0,
        "General And Administrative Expense": 18357000.0,
        "Other Gand A": 18357000.0,
        "Total Revenue": 9175000.0,
        "Operating Revenue": 9175000.0
    },
    "2025-06-30": {
        "Tax Effect Of Unusual Items": 0.0,
        "Tax Rate For Calcs": 0.0,
        "Normalized EBITDA": -50563000.0,
        "Total Unusual Items": NaN,
        "Total Unusual Items Excluding Goodwill": NaN,
        "Net Income From Continuing Operation Net Minority Interest": -50469000.0,
        "Reconciled Depreciation": 2196000.0,
        "EBITDA": -50563000.0,
        "EBIT": -52759000.0,
        "Net Interest Income": 2372000.0,
        "Interest Income": 2372000.0,
        "Normalized Income": -50469000.0,
        "Net Income From Continuing And Discontinued Operation": -50469000.0,
        "Total Expenses": 61458000.0,
        "Total Operating Income As Reported": -52759000.0,
        "Diluted Average Shares": 163987640.0,
        "Basic Average Shares": 163987640.0,
        "Diluted EPS": -0.31,
        "Basic EPS": -0.31,
        "Diluted NI Availto Com Stockholders": -50469000.0,
        "Net Income Common Stockholders": -50469000.0,
        "Otherunder Preferred Stock Dividend": NaN,
        "Net Income": -50469000.0,
        "Net Income Including Noncontrolling Interests": -50469000.0,
        "Net Income Continuous Operations": -50469000.0,
        "Tax Provision": 0.0,
        "Pretax Income": -50469000.0,
        "Other Income Expense": -82000.0,
        "Other Non Operating Income Expenses": -82000.0,
        "Gain On Sale Of Security": NaN,
        "Net Non Operating Interest Income Expense": 2372000.0,
        "Interest Income Non Operating": 2372000.0,
        "Operating Income": -52759000.0,
        "Operating Expense": 61458000.0,
        "Research And Development": 43469000.0,
        "Selling General And Administration": 17989000.0,
        "General And Administrative Expense": 17989000.0,
        "Other Gand A": 17989000.0,
        "Total Revenue": 8699000.0,
        "Operating Revenue": 8699000.0
    },
    "2025-09-30": {
        "Tax Effect Of Unusual Items": 0.0,
        "Tax Rate For Calcs": 0.0,
        "Normalized EBITDA": -54123000.0,
        "Total Unusual Items": NaN,
        "Total Unusual Items Excluding Goodwill": NaN,
        "Net Income From Continuing Operation Net Minority Interest": -53852000.0,
        "Reconciled Depreciation": 2230000.0,
        "EBITDA": -54123000.0,
        "EBIT": -56353000.0,
        "Net Interest Income": 2177000.0,
        "Interest Income": 2177000.0,
        "Normalized Income": -53852000.0,
        "Net Income From Continuing And Discontinued Operation": -53852000.0,
        "Total Expenses": 63961000.0,
        "Total Operating Income As Reported": -56353000.0,
        "Diluted Average Shares": 167739208.0,
        "Basic Average Shares": 167739208.0,
        "Diluted EPS": -0.32,
        "Basic EPS": -0.32,
        "Diluted NI Availto Com Stockholders": -53852000.0,
        "Net Income Common Stockholders": -53852000.0,
        "Otherunder Preferred Stock Dividend": NaN,
        "Net Income": -53852000.0,
        "Net Income Including Noncontrolling Interests": -53852000.0,
        "Net Income Continuous Operations": -53852000.0,
        "Tax Provision": 0.0,
        "Pretax Income": -53852000.0,
        "Other Income Expense": 324000.0,
        "Other Non Operating Income Expenses": 324000.0,
        "Gain On Sale Of Security": NaN,
        "Net Non Operating Interest Income Expense": 2177000.0,
        "Interest Income Non Operating": 2177000.0,
        "Operating Income": -56353000.0,
        "Operating Expense": 63961000.0,
        "Research And Development": 45874000.0,
        "Selling General And Administration": 18087000.0,
        "General And Administrative Expense": 18087000.0,
        "Other Gand A": 18087000.0,
        "Total Revenue": 7608000.0,
        "Operating Revenue": 7608000.0
    }
}