{
    "2023-03-31": {
        "Tax Effect Of Unusual Items": NaN,
        "Tax Rate For Calcs": NaN,
        "Normalized EBITDA": NaN,
        "Total Unusual Items": NaN,
        "Total Unusual Items Excluding Goodwill": NaN,
        "Net Income From Continuing Operation Net Minority Interest": NaN,
        "Reconciled Depreciation": NaN,
        "Reconciled Cost Of Revenue": NaN,
        "EBITDA": NaN,
        "EBIT": NaN,
        "Net Interest Income": NaN,
        "Interest Expense": NaN,
        "Interest Income": NaN,
        "Normalized Income": NaN,
        "Net Income From Continuing And Discontinued Operation": NaN,
        "Total Expenses": NaN,
        "Total Operating Income As Reported": NaN,
        "Diluted Average Shares": NaN,
        "Basic Average Shares": NaN,
        "Diluted EPS": NaN,
        "Basic EPS": NaN,
        "Diluted NI Availto Com Stockholders": NaN,
        "Average Dilution Earnings": NaN,
        "Net Income Common Stockholders": NaN,
        "Net Income": NaN,
        "Minority Interests": NaN,
        "Net Income Including Noncontrolling Interests": NaN,
        "Net Income Continuous Operations": NaN,
        "Tax Provision": NaN,
        "Pretax Income": NaN,
        "Other Income Expense": NaN,
        "Other Non Operating Income Expenses": NaN,
        "Special Income Charges": NaN,
        "Other Special Charges": NaN,
        "Impairment Of Capital Assets": NaN,
        "Gain On Sale Of Security": NaN,
        "Net Non Operating Interest Income Expense": NaN,
        "Total Other Finance Cost": 12236000.0,
        "Interest Expense Non Operating": NaN,
        "Interest Income Non Operating": NaN,
        "Operating Income": NaN,
        "Operating Expense": NaN,
        "Other Operating Expenses": NaN,
        "Provision For Doubtful Accounts": NaN,
        "Depreciation Amortization Depletion Income Statement": NaN,
        "Depreciation And Amortization In Income Statement": NaN,
        "Selling General And Administration": NaN,
        "General And Administrative Expense": NaN,
        "Other Gand A": NaN,
        "Salaries And Wages": NaN,
        "Gross Profit": NaN,
        "Cost Of Revenue": NaN,
        "Total Revenue": NaN,
        "Operating Revenue": NaN
    },
    "2022-12-31": {
        "Tax Effect Of Unusual Items": NaN,
        "Tax Rate For Calcs": NaN,
        "Normalized EBITDA": NaN,
        "Total Unusual Items": NaN,
        "Total Unusual Items Excluding Goodwill": NaN,
        "Net Income From Continuing Operation Net Minority Interest": NaN,
        "Reconciled Depreciation": NaN,
        "Reconciled Cost Of Revenue": NaN,
        "EBITDA": NaN,
        "EBIT": NaN,
        "Net Interest Income": NaN,
        "Interest Expense": NaN,
        "Interest Income": NaN,
        "Normalized Income": NaN,
        "Net Income From Continuing And Discontinued Operation": NaN,
        "Total Expenses": NaN,
        "Total Operating Income As Reported": NaN,
        "Diluted Average Shares": NaN,
        "Basic Average Shares": NaN,
        "Diluted EPS": NaN,
        "Basic EPS": NaN,
        "Diluted NI Availto Com Stockholders": NaN,
        "Average Dilution Earnings": NaN,
        "Net Income Common Stockholders": NaN,
        "Net Income": NaN,
        "Minority Interests": NaN,
        "Net Income Including Noncontrolling Interests": NaN,
        "Net Income Continuous Operations": NaN,
        "Tax Provision": NaN,
        "Pretax Income": NaN,
        "Other Income Expense": NaN,
        "Other Non Operating Income Expenses": NaN,
        "Special Income Charges": NaN,
        "Other Special Charges": NaN,
        "Impairment Of Capital Assets": NaN,
        "Gain On Sale Of Security": NaN,
        "Net Non Operating Interest Income Expense": NaN,
        "Total Other Finance Cost": NaN,
        "Interest Expense Non Operating": NaN,
        "Interest Income Non Operating": NaN,
        "Operating Income": NaN,
        "Operating Expense": NaN,
        "Other Operating Expenses": 7247000.0,
        "Provision For Doubtful Accounts": NaN,
        "Depreciation Amortization Depletion Income Statement": NaN,
        "Depreciation And Amortization In Income Statement": NaN,
        "Selling General And Administration": NaN,
        "General And Administrative Expense": NaN,
        "Other Gand A": NaN,
        "Salaries And Wages": NaN,
        "Gross Profit": NaN,
        "Cost Of Revenue": NaN,
        "Total Revenue": NaN,
        "Operating Revenue": NaN
    },
    "2022-09-30": {
        "Tax Effect Of Unusual Items": NaN,
        "Tax Rate For Calcs": NaN,
        "Normalized EBITDA": NaN,
        "Total Unusual Items": NaN,
        "Total Unusual Items Excluding Goodwill": NaN,
        "Net Income From Continuing Operation Net Minority Interest": NaN,
        "Reconciled Depreciation": NaN,
        "Reconciled Cost Of Revenue": NaN,
        "EBITDA": NaN,
        "EBIT": NaN,
        "Net Interest Income": NaN,
        "Interest Expense": NaN,
        "Interest Income": NaN,
        "Normalized Income": NaN,
        "Net Income From Continuing And Discontinued Operation": NaN,
        "Total Expenses": NaN,
        "Total Operating Income As Reported": NaN,
        "Diluted Average Shares": NaN,
        "Basic Average Shares": NaN,
        "Diluted EPS": NaN,
        "Basic EPS": NaN,
        "Diluted NI Availto Com Stockholders": NaN,
        "Average Dilution Earnings": 0.0,
        "Net Income Common Stockholders": NaN,
        "Net Income": NaN,
        "Minority Interests": NaN,
        "Net Income Including Noncontrolling Interests": NaN,
        "Net Income Continuous Operations": NaN,
        "Tax Provision": NaN,
        "Pretax Income": NaN,
        "Other Income Expense": NaN,
        "Other Non Operating Income Expenses": NaN,
        "Special Income Charges": NaN,
        "Other Special Charges": NaN,
        "Impairment Of Capital Assets": 0.0,
        "Gain On Sale Of Security": NaN,
        "Net Non Operating Interest Income Expense": NaN,
        "Total Other Finance Cost": NaN,
        "Interest Expense Non Operating": NaN,
        "Interest Income Non Operating": NaN,
        "Operating Income": NaN,
        "Operating Expense": NaN,
        "Other Operating Expenses": NaN,
        "Provision For Doubtful Accounts": NaN,
        "Depreciation Amortization Depletion Income Statement": NaN,
        "Depreciation And Amortization In Income Statement": NaN,
        "Selling General And Administration": NaN,
        "General And Administrative Expense": NaN,
        "Other Gand A": NaN,
        "Salaries And Wages": NaN,
        "Gross Profit": NaN,
        "Cost Of Revenue": NaN,
        "Total Revenue": NaN,
        "Operating Revenue": NaN
    },
    "2022-06-30": {
        "Tax Effect Of Unusual Items": 624800.0,
        "Tax Rate For Calcs": 0.4,
        "Normalized EBITDA": 103532000.0,
        "Total Unusual Items": 1562000.0,
        "Total Unusual Items Excluding Goodwill": 1562000.0,
        "Net Income From Continuing Operation Net Minority Interest": -130051000.0,
        "Reconciled Depreciation": 162968000.0,
        "Reconciled Cost Of Revenue": 569590000.0,
        "EBITDA": 105094000.0,
        "EBIT": -57874000.0,
        "Net Interest Income": -152139000.0,
        "Interest Expense": 154830000.0,
        "Interest Income": 2691000.0,
        "Normalized Income": -130988200.0,
        "Net Income From Continuing And Discontinued Operation": -130051000.0,
        "Total Expenses": 933951000.0,
        "Total Operating Income As Reported": -52028000.0,
        "Diluted Average Shares": 114471000.0,
        "Basic Average Shares": 114471000.0,
        "Diluted EPS": -1.14,
        "Basic EPS": -1.14,
        "Diluted NI Availto Com Stockholders": -130051000.0,
        "Average Dilution Earnings": NaN,
        "Net Income Common Stockholders": -130051000.0,
        "Net Income": -130051000.0,
        "Minority Interests": 83371000.0,
        "Net Income Including Noncontrolling Interests": -213422000.0,
        "Net Income Continuous Operations": -213422000.0,
        "Tax Provision": 718000.0,
        "Pretax Income": -212704000.0,
        "Other Income Expense": -35446000.0,
        "Other Non Operating Income Expenses": -37008000.0,
        "Special Income Charges": 0.0,
        "Other Special Charges": NaN,
        "Gain On Sale Of Security": 1562000.0,
        "Net Non Operating Interest Income Expense": -152139000.0,
        "Total Other Finance Cost": NaN,
        "Interest Expense Non Operating": 154830000.0,
        "Interest Income Non Operating": 2691000.0,
        "Operating Income": -25119000.0,
        "Operating Expense": 364361000.0,
        "Other Operating Expenses": 4502000.0,
        "Provision For Doubtful Accounts": -3487000.0,
        "Depreciation Amortization Depletion Income Statement": 162968000.0,
        "Depreciation And Amortization In Income Statement": 162968000.0,
        "Selling General And Administration": 200378000.0,
        "General And Administrative Expense": 200378000.0,
        "Other Gand A": 200378000.0,
        "Salaries And Wages": NaN,
        "Gross Profit": 339242000.0,
        "Cost Of Revenue": 569590000.0,
        "Total Revenue": 908832000.0,
        "Operating Revenue": 908832000.0
    },
    "2022-03-31": {
        "Diluted EPS": -1.59,
        "Total Revenue": 953,
        "Gross Profit": 335,
        "Operating Income": -95,
        "EBIT": 97,
        "Net Income": -183
    },
    "2021-12-31": {
        "Diluted EPS": -1.51,
        "Total Revenue": NaN,
        "Gross Profit": 334,
        "Operating Income": -106,
        "EBIT": 72,
        "Net Income": -177
    },
    "2021-09-30": {
        "Diluted EPS": -1.45,
        "Total Revenue": 995,
        "Gross Profit": 307,
        "Operating Income": -84,
        "EBIT": 100,
        "Net Income": -166
    },
    "2021-06-30": {
        "Diluted EPS": -1.15,
        "Total Revenue": 990,
        "Gross Profit": 360,
        "Operating Income": -30,
        "EBIT": 160,
        "Net Income": -131
    },
    "2021-03-31": {
        "Diluted EPS": -2.53,
        "Total Revenue": 737,
        "Gross Profit": 204,
        "Operating Income": -176,
        "EBIT": 16,
        "Net Income": -281
    },
    "2020-12-31": {
        "Diluted EPS": -2.53,
        "Total Revenue": 686,
        "Gross Profit": 207,
        "Operating Income": -179,
        "EBIT": 13,
        "Net Income": -270
    },
    "2020-09-30": {
        "Diluted EPS": -7.1,
        "Total Revenue": 370,
        "Gross Profit": 84,
        "Operating Income": -283,
        "EBIT": -92,
        "Net Income": -758
    },
    "2020-06-30": {
        "Diluted EPS": -5.97,
        "Total Revenue": 86,
        "Gross Profit": -155,
        "Operating Income": -523,
        "EBIT": -337,
        "Net Income": -638
    },
    "2020-03-31": {
        "Diluted EPS": -3.77,
        "Total Revenue": 954,
        "Gross Profit": 216,
        "Operating Income": -247,
        "EBIT": -62,
        "Net Income": -402
    },
    "2019-12-31": {
        "Diluted EPS": -0.68,
        "Total Revenue": NaN,
        "Gross Profit": 646,
        "Operating Income": 227,
        "EBIT": 408,
        "Net Income": -73
    },
    "2019-09-30": {
        "Diluted EPS": -0.03,
        "Total Revenue": NaN,
        "Gross Profit": 611,
        "Operating Income": 178,
        "EBIT": 358,
        "Net Income": -3
    },
    "2019-06-30": {
        "Diluted EPS": 0.88,
        "Total Revenue": NaN,
        "Gross Profit": 642,
        "Operating Income": 219,
        "EBIT": 366,
        "Net Income": 95
    },
    "2019-03-31": {
        "Diluted EPS": 0.98,
        "Total Revenue": NaN,
        "Gross Profit": 645,
        "Operating Income": 255,
        "EBIT": 399,
        "Net Income": 105
    },
    "2018-12-31": {
        "Diluted EPS": 4.46,
        "Total Revenue": NaN,
        "Gross Profit": 653,
        "Operating Income": 246,
        "EBIT": 397,
        "Net Income": 465
    },
    "2018-09-30": {
        "Diluted EPS": 1.44,
        "Total Revenue": NaN,
        "Gross Profit": 657,
        "Operating Income": 291,
        "EBIT": 436,
        "Net Income": 156
    },
    "2018-06-30": {
        "Diluted EPS": 1.44,
        "Total Revenue": NaN,
        "Gross Profit": 620,
        "Operating Income": 280,
        "EBIT": 426,
        "Net Income": 156
    },
    "2018-03-31": {
        "Diluted EPS": -1.99,
        "Total Revenue": NaN,
        "Gross Profit": 702,
        "Operating Income": -81,
        "EBIT": 64,
        "Net Income": -204
    },
    "2017-12-31": {
        "Diluted EPS": 4.78,
        "Total Revenue": NaN,
        "Gross Profit": 617,
        "Operating Income": 301,
        "EBIT": 445,
        "Net Income": 492
    },
    "2017-09-30": {
        "Diluted EPS": 0.78,
        "Total Revenue": NaN,
        "Gross Profit": 611,
        "Operating Income": 257,
        "EBIT": 402,
        "Net Income": 80
    },
    "2017-06-30": {
        "Diluted EPS": 0.73,
        "Total Revenue": NaN,
        "Gross Profit": 561,
        "Operating Income": 247,
        "EBIT": 391,
        "Net Income": 75
    },
    "2017-03-31": {
        "Diluted EPS": 0.99,
        "Total Revenue": NaN,
        "Gross Profit": 554,
        "Operating Income": 250,
        "EBIT": 396,
        "Net Income": 101
    },
    "2016-12-31": {
        "Diluted EPS": 1.12,
        "Total Revenue": NaN,
        "Gross Profit": 481,
        "Operating Income": 139,
        "EBIT": 286,
        "Net Income": 114
    },
    "2016-09-30": {
        "Diluted EPS": -0.17,
        "Total Revenue": NaN,
        "Gross Profit": 415,
        "Operating Income": 77,
        "EBIT": 190,
        "Net Income": -17
    },
    "2016-06-30": {
        "Diluted EPS": 0.69,
        "Total Revenue": NaN,
        "Gross Profit": 407,
        "Operating Income": 148,
        "EBIT": 233,
        "Net Income": 70
    },
    "2016-03-31": {
        "Diluted EPS": 0.74,
        "Total Revenue": 998,
        "Gross Profit": 390,
        "Operating Income": 158,
        "EBIT": 242,
        "Net Income": 75
    },
    "2015-12-31": {
        "Diluted EPS": 0.85,
        "Total Revenue": 947,
        "Gross Profit": 371,
        "Operating Income": 152,
        "EBIT": 236,
        "Net Income": 87
    },
    "2015-09-30": {
        "Diluted EPS": 0.95,
        "Total Revenue": 996,
        "Gross Profit": 373,
        "Operating Income": 153,
        "EBIT": 235,
        "Net Income": 96
    },
    "2015-06-30": {
        "Diluted EPS": 0.56,
        "Total Revenue": NaN,
        "Gross Profit": 386,
        "Operating Income": 169,
        "EBIT": 256,
        "Net Income": 56
    },
    "2015-03-31": {
        "Diluted EPS": -0.44,
        "Total Revenue": NaN,
        "Gross Profit": 415,
        "Operating Income": 185,
        "EBIT": 274,
        "Net Income": -45
    },
    "2014-12-31": {
        "Diluted EPS": 1.08,
        "Total Revenue": NaN,
        "Gross Profit": 438,
        "Operating Income": 216,
        "EBIT": 312,
        "Net Income": 109
    },
    "2014-09-30": {
        "Diluted EPS": 1.88,
        "Total Revenue": NaN,
        "Gross Profit": 551,
        "Operating Income": 333,
        "EBIT": 420,
        "Net Income": 191
    },
    "2014-06-30": {
        "Diluted EPS": 2.0,
        "Total Revenue": NaN,
        "Gross Profit": 553,
        "Operating Income": 341,
        "EBIT": 425,
        "Net Income": 204
    },
    "2014-03-31": {
        "Diluted EPS": 2.22,
        "Total Revenue": NaN,
        "Gross Profit": 575,
        "Operating Income": 377,
        "EBIT": 460,
        "Net Income": 227
    },
    "2013-12-31": {
        "Diluted EPS": 2.1,
        "Total Revenue": NaN,
        "Gross Profit": 587,
        "Operating Income": 368,
        "EBIT": 469,
        "Net Income": 214
    },
    "2013-09-30": {
        "Diluted EPS": 1.79,
        "Total Revenue": NaN,
        "Gross Profit": 527,
        "Operating Income": 314,
        "EBIT": 413,
        "Net Income": 182
    },
    "2013-06-30": {
        "Diluted EPS": 1.28,
        "Total Revenue": NaN,
        "Gross Profit": 494,
        "Operating Income": 274,
        "EBIT": 371,
        "Net Income": 130
    },
    "2013-03-31": {
        "Diluted EPS": 2.0,
        "Total Revenue": NaN,
        "Gross Profit": 534,
        "Operating Income": 334,
        "EBIT": 431,
        "Net Income": 203
    },
    "2012-12-31": {
        "Diluted EPS": 1.11,
        "Total Revenue": NaN,
        "Gross Profit": 487,
        "Operating Income": 258,
        "EBIT": 356,
        "Net Income": 111
    },
    "2012-09-30": {
        "Diluted EPS": 1.11,
        "Total Revenue": NaN,
        "Gross Profit": 485,
        "Operating Income": 247,
        "EBIT": 347,
        "Net Income": 112
    },
    "2012-06-30": {
        "Diluted EPS": 1.37,
        "Total Revenue": NaN,
        "Gross Profit": 444,
        "Operating Income": 264,
        "EBIT": 363,
        "Net Income": 138
    },
    "2012-03-31": {
        "Diluted EPS": 1.23,
        "Total Revenue": NaN,
        "Gross Profit": 487,
        "Operating Income": 260,
        "EBIT": 359,
        "Net Income": 141
    },
    "2011-12-31": {
        "Diluted EPS": 1.51,
        "Total Revenue": NaN,
        "Gross Profit": 493,
        "Operating Income": 275,
        "EBIT": 374,
        "Net Income": 190
    },
    "2011-09-30": {
        "Diluted EPS": 1.01,
        "Total Revenue": NaN,
        "Gross Profit": 462,
        "Operating Income": 240,
        "EBIT": 346,
        "Net Income": 127
    },
    "2011-06-30": {
        "Diluted EPS": 0.97,
        "Total Revenue": NaN,
        "Gross Profit": 522,
        "Operating Income": 213,
        "EBIT": 321,
        "Net Income": 122
    },
    "2011-03-31": {
        "Diluted EPS": 1.39,
        "Total Revenue": NaN,
        "Gross Profit": 483,
        "Operating Income": 281,
        "EBIT": 385,
        "Net Income": 174
    },
    "2010-12-31": {
        "Diluted EPS": 0.92,
        "Total Revenue": NaN,
        "Gross Profit": 453,
        "Operating Income": 230,
        "EBIT": 336,
        "Net Income": 114
    },
    "2010-09-30": {
        "Diluted EPS": -0.27,
        "Total Revenue": NaN,
        "Gross Profit": 353,
        "Operating Income": 132,
        "EBIT": 239,
        "Net Income": -34
    },
    "2010-06-30": {
        "Diluted EPS": 0.42,
        "Total Revenue": NaN,
        "Gross Profit": 362,
        "Operating Income": 148,
        "EBIT": 256,
        "Net Income": 52
    },
    "2010-03-31": {
        "Diluted EPS": 0.22,
        "Total Revenue": 909,
        "Gross Profit": 318,
        "Operating Income": 115,
        "EBIT": 225,
        "Net Income": 27
    },
    "2009-12-31": {
        "Diluted EPS": -0.02,
        "Total Revenue": 809,
        "Gross Profit": 271,
        "Operating Income": 46,
        "EBIT": 155,
        "Net Income": -5
    },
    "2009-09-30": {
        "Diluted EPS": 0.28,
        "Total Revenue": 773,
        "Gross Profit": 277,
        "Operating Income": 79,
        "EBIT": 187,
        "Net Income": 34
    },
    "2009-06-30": {
        "Diluted EPS": 0.21,
        "Total Revenue": 723,
        "Gross Profit": 265,
        "Operating Income": 83,
        "EBIT": 193,
        "Net Income": 25
    },
    "2009-03-31": {
        "Diluted EPS": -0.3,
        "Total Revenue": 740,
        "Gross Profit": 242,
        "Operating Income": 27,
        "EBIT": 137,
        "Net Income": -34
    },
    "2023-06-30": {
        "Tax Effect Of Unusual Items": NaN,
        "Tax Rate For Calcs": NaN,
        "Normalized EBITDA": NaN,
        "Total Unusual Items": NaN,
        "Total Unusual Items Excluding Goodwill": NaN,
        "Net Income From Continuing Operation Net Minority Interest": NaN,
        "Reconciled Depreciation": NaN,
        "Reconciled Cost Of Revenue": NaN,
        "EBITDA": NaN,
        "EBIT": NaN,
        "Net Interest Income": NaN,
        "Interest Expense": NaN,
        "Interest Income": NaN,
        "Normalized Income": NaN,
        "Net Income From Continuing And Discontinued Operation": NaN,
        "Total Expenses": NaN,
        "Total Operating Income As Reported": NaN,
        "Diluted Average Shares": NaN,
        "Basic Average Shares": NaN,
        "Diluted EPS": NaN,
        "Basic EPS": NaN,
        "Diluted NI Availto Com Stockholders": NaN,
        "Average Dilution Earnings": NaN,
        "Net Income Common Stockholders": NaN,
        "Net Income": NaN,
        "Minority Interests": NaN,
        "Net Income Including Noncontrolling Interests": NaN,
        "Net Income Continuous Operations": NaN,
        "Tax Provision": NaN,
        "Pretax Income": NaN,
        "Other Income Expense": NaN,
        "Other Non Operating Income Expenses": NaN,
        "Special Income Charges": NaN,
        "Other Special Charges": NaN,
        "Impairment Of Capital Assets": NaN,
        "Gain On Sale Of Security": NaN,
        "Net Non Operating Interest Income Expense": NaN,
        "Total Other Finance Cost": 3375000.0,
        "Interest Expense Non Operating": NaN,
        "Interest Income Non Operating": NaN,
        "Operating Income": NaN,
        "Operating Expense": NaN,
        "Other Operating Expenses": 16019000.0,
        "Provision For Doubtful Accounts": NaN,
        "Depreciation Amortization Depletion Income Statement": NaN,
        "Depreciation And Amortization In Income Statement": NaN,
        "Selling General And Administration": NaN,
        "General And Administrative Expense": NaN,
        "Other Gand A": NaN,
        "Salaries And Wages": 14339000.0,
        "Gross Profit": NaN,
        "Cost Of Revenue": NaN,
        "Total Revenue": NaN,
        "Operating Revenue": NaN
    },
    "2023-09-30": {
        "Tax Effect Of Unusual Items": NaN,
        "Tax Rate For Calcs": NaN,
        "Normalized EBITDA": NaN,
        "Total Unusual Items": NaN,
        "Total Unusual Items Excluding Goodwill": NaN,
        "Net Income From Continuing Operation Net Minority Interest": NaN,
        "Reconciled Depreciation": NaN,
        "Reconciled Cost Of Revenue": NaN,
        "EBITDA": NaN,
        "EBIT": NaN,
        "Net Interest Income": NaN,
        "Interest Expense": NaN,
        "Interest Income": NaN,
        "Normalized Income": NaN,
        "Net Income From Continuing And Discontinued Operation": NaN,
        "Total Expenses": NaN,
        "Total Operating Income As Reported": NaN,
        "Diluted Average Shares": NaN,
        "Basic Average Shares": NaN,
        "Diluted EPS": NaN,
        "Basic EPS": NaN,
        "Diluted NI Availto Com Stockholders": NaN,
        "Average Dilution Earnings": NaN,
        "Net Income Common Stockholders": NaN,
        "Net Income": NaN,
        "Minority Interests": NaN,
        "Net Income Including Noncontrolling Interests": NaN,
        "Net Income Continuous Operations": NaN,
        "Tax Provision": NaN,
        "Pretax Income": NaN,
        "Other Income Expense": NaN,
        "Other Non Operating Income Expenses": NaN,
        "Special Income Charges": NaN,
        "Other Special Charges": NaN,
        "Impairment Of Capital Assets": 93990000.0,
        "Gain On Sale Of Security": NaN,
        "Net Non Operating Interest Income Expense": NaN,
        "Total Other Finance Cost": -2928000.0,
        "Interest Expense Non Operating": NaN,
        "Interest Income Non Operating": NaN,
        "Operating Income": NaN,
        "Operating Expense": NaN,
        "Other Operating Expenses": 114288000.0,
        "Provision For Doubtful Accounts": NaN,
        "Depreciation Amortization Depletion Income Statement": NaN,
        "Depreciation And Amortization In Income Statement": NaN,
        "Selling General And Administration": NaN,
        "General And Administrative Expense": NaN,
        "Other Gand A": NaN,
        "Gross Profit": NaN,
        "Cost Of Revenue": NaN,
        "Total Revenue": NaN,
        "Operating Revenue": NaN
    },
    "2023-12-31": {
        "Tax Effect Of Unusual Items": NaN,
        "Tax Rate For Calcs": NaN,
        "Normalized EBITDA": NaN,
        "Total Unusual Items": NaN,
        "Total Unusual Items Excluding Goodwill": NaN,
        "Net Income From Continuing Operation Net Minority Interest": NaN,
        "Reconciled Depreciation": NaN,
        "Reconciled Cost Of Revenue": NaN,
        "EBITDA": NaN,
        "EBIT": NaN,
        "Net Interest Income": NaN,
        "Interest Expense": NaN,
        "Interest Income": NaN,
        "Normalized Income": NaN,
        "Net Income From Continuing And Discontinued Operation": NaN,
        "Total Expenses": NaN,
        "Total Operating Income As Reported": NaN,
        "Diluted Average Shares": NaN,
        "Basic Average Shares": NaN,
        "Diluted EPS": NaN,
        "Basic EPS": NaN,
        "Diluted NI Availto Com Stockholders": NaN,
        "Average Dilution Earnings": NaN,
        "Net Income Common Stockholders": NaN,
        "Net Income": NaN,
        "Minority Interests": NaN,
        "Net Income Including Noncontrolling Interests": NaN,
        "Net Income Continuous Operations": NaN,
        "Tax Provision": NaN,
        "Pretax Income": NaN,
        "Other Income Expense": NaN,
        "Other Non Operating Income Expenses": NaN,
        "Special Income Charges": NaN,
        "Other Special Charges": NaN,
        "Impairment Of Capital Assets": 0.0,
        "Gain On Sale Of Security": NaN,
        "Net Non Operating Interest Income Expense": NaN,
        "Total Other Finance Cost": 0.0,
        "Interest Expense Non Operating": NaN,
        "Interest Income Non Operating": NaN,
        "Operating Income": NaN,
        "Operating Expense": NaN,
        "Other Operating Expenses": NaN,
        "Provision For Doubtful Accounts": NaN,
        "Depreciation Amortization Depletion Income Statement": NaN,
        "Depreciation And Amortization In Income Statement": NaN,
        "Selling General And Administration": NaN,
        "General And Administrative Expense": NaN,
        "Other Gand A": NaN,
        "Gross Profit": NaN,
        "Cost Of Revenue": NaN,
        "Total Revenue": NaN,
        "Operating Revenue": NaN
    },
    "2024-03-31": {
        "Tax Effect Of Unusual Items": NaN,
        "Tax Rate For Calcs": NaN,
        "Normalized EBITDA": NaN,
        "Total Unusual Items": NaN,
        "Total Unusual Items Excluding Goodwill": NaN,
        "Net Income From Continuing Operation Net Minority Interest": NaN,
        "Reconciled Depreciation": NaN,
        "Reconciled Cost Of Revenue": NaN,
        "EBITDA": NaN,
        "EBIT": NaN,
        "Net Interest Income": NaN,
        "Interest Expense": NaN,
        "Interest Income": NaN,
        "Normalized Income": NaN,
        "Net Income From Continuing And Discontinued Operation": NaN,
        "Total Expenses": NaN,
        "Total Operating Income As Reported": NaN,
        "Diluted Average Shares": NaN,
        "Basic Average Shares": NaN,
        "Diluted EPS": NaN,
        "Basic EPS": NaN,
        "Diluted NI Availto Com Stockholders": NaN,
        "Average Dilution Earnings": NaN,
        "Net Income Common Stockholders": NaN,
        "Net Income": NaN,
        "Minority Interests": NaN,
        "Net Income Including Noncontrolling Interests": NaN,
        "Net Income Continuous Operations": NaN,
        "Tax Provision": NaN,
        "Pretax Income": NaN,
        "Other Income Expense": NaN,
        "Other Non Operating Income Expenses": NaN,
        "Special Income Charges": NaN,
        "Other Special Charges": NaN,
        "Impairment Of Capital Assets": NaN,
        "Gain On Sale Of Security": NaN,
        "Net Non Operating Interest Income Expense": NaN,
        "Total Other Finance Cost": NaN,
        "Interest Expense Non Operating": NaN,
        "Interest Income Non Operating": NaN,
        "Operating Income": NaN,
        "Operating Expense": NaN,
        "Other Operating Expenses": 16948000.0,
        "Provision For Doubtful Accounts": NaN,
        "Depreciation Amortization Depletion Income Statement": NaN,
        "Depreciation And Amortization In Income Statement": NaN,
        "Selling General And Administration": NaN,
        "General And Administrative Expense": NaN,
        "Other Gand A": NaN,
        "Gross Profit": NaN,
        "Cost Of Revenue": NaN,
        "Total Revenue": NaN,
        "Operating Revenue": NaN
    },
    "2024-06-30": {
        "Tax Effect Of Unusual Items": NaN,
        "Tax Rate For Calcs": NaN,
        "Normalized EBITDA": NaN,
        "Total Unusual Items": NaN,
        "Total Unusual Items Excluding Goodwill": NaN,
        "Net Income From Continuing Operation Net Minority Interest": NaN,
        "Reconciled Depreciation": NaN,
        "Reconciled Cost Of Revenue": NaN,
        "EBITDA": NaN,
        "EBIT": NaN,
        "Net Interest Income": NaN,
        "Interest Expense": NaN,
        "Interest Income": NaN,
        "Normalized Income": NaN,
        "Net Income From Continuing And Discontinued Operation": NaN,
        "Total Expenses": NaN,
        "Total Operating Income As Reported": NaN,
        "Diluted Average Shares": NaN,
        "Basic Average Shares": NaN,
        "Diluted EPS": NaN,
        "Basic EPS": NaN,
        "Diluted NI Availto Com Stockholders": NaN,
        "Average Dilution Earnings": NaN,
        "Net Income Common Stockholders": NaN,
        "Net Income": NaN,
        "Minority Interests": NaN,
        "Net Income Including Noncontrolling Interests": NaN,
        "Net Income Continuous Operations": NaN,
        "Tax Provision": NaN,
        "Pretax Income": NaN,
        "Other Income Expense": NaN,
        "Other Non Operating Income Expenses": NaN,
        "Special Income Charges": NaN,
        "Other Special Charges": NaN,
        "Impairment Of Capital Assets": NaN,
        "Gain On Sale Of Security": NaN,
        "Net Non Operating Interest Income Expense": NaN,
        "Total Other Finance Cost": NaN,
        "Interest Expense Non Operating": NaN,
        "Interest Income Non Operating": NaN,
        "Operating Income": NaN,
        "Operating Expense": NaN,
        "Other Operating Expenses": 38815000.0,
        "Provision For Doubtful Accounts": NaN,
        "Depreciation Amortization Depletion Income Statement": NaN,
        "Depreciation And Amortization In Income Statement": NaN,
        "Selling General And Administration": NaN,
        "General And Administrative Expense": NaN,
        "Other Gand A": NaN,
        "Gross Profit": NaN,
        "Cost Of Revenue": NaN,
        "Total Revenue": NaN,
        "Operating Revenue": NaN
    },
    "2024-09-30": {
        "Tax Effect Of Unusual Items": -1675800.0,
        "Tax Rate For Calcs": 0.21,
        "Normalized EBITDA": 343887000.0,
        "Total Unusual Items": -7980000.0,
        "Total Unusual Items Excluding Goodwill": -7980000.0,
        "Net Income From Continuing Operation Net Minority Interest": -32053000.0,
        "Reconciled Depreciation": 156273000.0,
        "Reconciled Cost Of Revenue": 977216000.0,
        "EBITDA": 335907000.0,
        "EBIT": 179634000.0,
        "Net Interest Income": -137302000.0,
        "Interest Expense": 167922000.0,
        "Interest Income": 30729000.0,
        "Normalized Income": -25748800.0,
        "Net Income From Continuing And Discontinued Operation": -32053000.0,
        "Total Expenses": 1557629000.0,
        "Total Operating Income As Reported": 133237000.0,
        "Diluted Average Shares": 109727000.0,
        "Basic Average Shares": 109727000.0,
        "Diluted EPS": -0.29,
        "Basic EPS": -0.29,
        "Diluted NI Availto Com Stockholders": -32053000.0,
        "Average Dilution Earnings": 0.0,
        "Net Income Common Stockholders": -32053000.0,
        "Net Income": -32053000.0,
        "Minority Interests": -26638000.0,
        "Net Income Including Noncontrolling Interests": -5415000.0,
        "Net Income Continuous Operations": -5415000.0,
        "Tax Provision": 17127000.0,
        "Pretax Income": 11712000.0,
        "Other Income Expense": 13320000.0,
        "Other Non Operating Income Expenses": 21300000.0,
        "Special Income Charges": -2457000.0,
        "Other Special Charges": 2457000.0,
        "Impairment Of Capital Assets": 0.0,
        "Gain On Sale Of Security": -5523000.0,
        "Net Non Operating Interest Income Expense": -137302000.0,
        "Total Other Finance Cost": 109000.0,
        "Interest Expense Non Operating": 167922000.0,
        "Interest Income Non Operating": 30729000.0,
        "Operating Income": 135694000.0,
        "Operating Expense": 580413000.0,
        "Other Operating Expenses": 150475000.0,
        "Provision For Doubtful Accounts": 1836000.0,
        "Depreciation Amortization Depletion Income Statement": 156273000.0,
        "Depreciation And Amortization In Income Statement": 156273000.0,
        "Selling General And Administration": 271829000.0,
        "General And Administrative Expense": 271829000.0,
        "Other Gand A": 271829000.0,
        "Gross Profit": 716107000.0,
        "Cost Of Revenue": 977216000.0,
        "Total Revenue": 1693323000.0,
        "Operating Revenue": 1693323000.0
    },
    "2024-12-31": {
        "Tax Effect Of Unusual Items": -35280420.0,
        "Tax Rate For Calcs": 0.21,
        "Normalized EBITDA": 763740000.0,
        "Total Unusual Items": -168002000.0,
        "Total Unusual Items Excluding Goodwill": -168002000.0,
        "Net Income From Continuing Operation Net Minority Interest": 276972000.0,
        "Reconciled Depreciation": 151284000.0,
        "Reconciled Cost Of Revenue": 1035519000.0,
        "EBITDA": 595738000.0,
        "EBIT": 444454000.0,
        "Net Interest Income": -140174000.0,
        "Interest Expense": 163488000.0,
        "Interest Income": 24557000.0,
        "Normalized Income": 409693580.0,
        "Net Income From Continuing And Discontinued Operation": 276972000.0,
        "Total Expenses": 1253502000.0,
        "Total Operating Income As Reported": 366895000.0,
        "Diluted Average Shares": 108652000.0,
        "Basic Average Shares": 108199000.0,
        "Diluted EPS": 2.29,
        "Basic EPS": 2.56,
        "Diluted NI Availto Com Stockholders": 255967000.0,
        "Average Dilution Earnings": -21005000.0,
        "Net Income Common Stockholders": 276972000.0,
        "Net Income": 276972000.0,
        "Minority Interests": -45388000.0,
        "Net Income Including Noncontrolling Interests": 322360000.0,
        "Net Income Continuous Operations": 322360000.0,
        "Tax Provision": -41394000.0,
        "Pretax Income": 280966000.0,
        "Other Income Expense": -164155000.0,
        "Other Non Operating Income Expenses": 3847000.0,
        "Special Income Charges": -218400000.0,
        "Other Special Charges": 222300000.0,
        "Impairment Of Capital Assets": 0.0,
        "Gain On Sale Of Security": 50398000.0,
        "Net Non Operating Interest Income Expense": -140174000.0,
        "Total Other Finance Cost": 1243000.0,
        "Interest Expense Non Operating": 163488000.0,
        "Interest Income Non Operating": 24557000.0,
        "Operating Income": 585295000.0,
        "Operating Expense": 217983000.0,
        "Other Operating Expenses": NaN,
        "Provision For Doubtful Accounts": 634000.0,
        "Depreciation Amortization Depletion Income Statement": 151284000.0,
        "Depreciation And Amortization In Income Statement": 151284000.0,
        "Selling General And Administration": 272303000.0,
        "General And Administrative Expense": 272303000.0,
        "Other Gand A": 272303000.0,
        "Gross Profit": 803278000.0,
        "Cost Of Revenue": 1035519000.0,
        "Total Revenue": 1838797000.0,
        "Operating Revenue": 1838797000.0
    },
    "2025-03-31": {
        "Tax Effect Of Unusual Items": -4144294.0,
        "Tax Rate For Calcs": 0.119,
        "Normalized EBITDA": 440282000.0,
        "Total Unusual Items": -34826000.0,
        "Total Unusual Items Excluding Goodwill": -34826000.0,
        "Net Income From Continuing Operation Net Minority Interest": 72747000.0,
        "Reconciled Depreciation": 155421000.0,
        "Reconciled Cost Of Revenue": 981783000.0,
        "EBITDA": 405456000.0,
        "EBIT": 250035000.0,
        "Net Interest Income": -138249000.0,
        "Interest Expense": 157608000.0,
        "Interest Income": 19359000.0,
        "Normalized Income": 103428706.0,
        "Net Income From Continuing And Discontinued Operation": 72747000.0,
        "Total Expenses": 1426521000.0,
        "Total Operating Income As Reported": 268589000.0,
        "Diluted Average Shares": 105730000.0,
        "Basic Average Shares": 105492000.0,
        "Diluted EPS": 0.69,
        "Basic EPS": 0.69,
        "Diluted NI Availto Com Stockholders": 72747000.0,
        "Average Dilution Earnings": 0.0,
        "Net Income Common Stockholders": 72747000.0,
        "Net Income": 72747000.0,
        "Minority Interests": -8658000.0,
        "Net Income Including Noncontrolling Interests": 81405000.0,
        "Net Income Continuous Operations": 81405000.0,
        "Tax Provision": 11022000.0,
        "Pretax Income": 92427000.0,
        "Other Income Expense": -43200000.0,
        "Other Non Operating Income Expenses": -8374000.0,
        "Special Income Charges": -5287000.0,
        "Other Special Charges": 5287000.0,
        "Impairment Of Capital Assets": NaN,
        "Gain On Sale Of Security": -29539000.0,
        "Net Non Operating Interest Income Expense": -138249000.0,
        "Total Other Finance Cost": NaN,
        "Interest Expense Non Operating": 157608000.0,
        "Interest Income Non Operating": 19359000.0,
        "Operating Income": 273876000.0,
        "Operating Expense": 444738000.0,
        "Other Operating Expenses": 12232000.0,
        "Provision For Doubtful Accounts": 1396000.0,
        "Depreciation Amortization Depletion Income Statement": 155421000.0,
        "Depreciation And Amortization In Income Statement": 155421000.0,
        "Selling General And Administration": 275689000.0,
        "General And Administrative Expense": 275689000.0,
        "Other Gand A": 275689000.0,
        "Gross Profit": 718614000.0,
        "Cost Of Revenue": 981783000.0,
        "Total Revenue": 1700397000.0,
        "Operating Revenue": 1700397000.0
    },
    "2025-06-30": {
        "Tax Effect Of Unusual Items": -1499389.187769,
        "Tax Rate For Calcs": 0.120938,
        "Normalized EBITDA": 407405000.0,
        "Total Unusual Items": -12398000.0,
        "Total Unusual Items Excluding Goodwill": -12398000.0,
        "Net Income From Continuing Operation Net Minority Interest": 66218000.0,
        "Reconciled Depreciation": 152907000.0,
        "Reconciled Cost Of Revenue": 1011591000.0,
        "EBITDA": 395007000.0,
        "EBIT": 242100000.0,
        "Net Interest Income": -139775000.0,
        "Interest Expense": 154551000.0,
        "Interest Income": 15859000.0,
        "Normalized Income": 77116610.812231,
        "Net Income From Continuing And Discontinued Operation": 66218000.0,
        "Total Expenses": 1461911000.0,
        "Total Operating Income As Reported": 264600000.0,
        "Diluted Average Shares": 103780000.0,
        "Basic Average Shares": 103491000.0,
        "Diluted EPS": 0.64,
        "Basic EPS": 0.64,
        "Diluted NI Availto Com Stockholders": 66218000.0,
        "Average Dilution Earnings": 0.0,
        "Net Income Common Stockholders": 66218000.0,
        "Net Income": 66218000.0,
        "Minority Interests": -10743000.0,
        "Net Income Including Noncontrolling Interests": 76961000.0,
        "Net Income Continuous Operations": 76961000.0,
        "Tax Provision": 10588000.0,
        "Pretax Income": 87549000.0,
        "Other Income Expense": -48562000.0,
        "Other Non Operating Income Expenses": -36164000.0,
        "Special Income Charges": -11286000.0,
        "Other Special Charges": 11286000.0,
        "Impairment Of Capital Assets": NaN,
        "Gain On Sale Of Security": -1112000.0,
        "Net Non Operating Interest Income Expense": -139775000.0,
        "Total Other Finance Cost": 1083000.0,
        "Interest Expense Non Operating": 154551000.0,
        "Interest Income Non Operating": 15859000.0,
        "Operating Income": 275886000.0,
        "Operating Expense": 450320000.0,
        "Other Operating Expenses": 13245000.0,
        "Provision For Doubtful Accounts": 3353000.0,
        "Depreciation Amortization Depletion Income Statement": 152907000.0,
        "Depreciation And Amortization In Income Statement": 152907000.0,
        "Selling General And Administration": 280815000.0,
        "General And Administrative Expense": 280815000.0,
        "Other Gand A": 280815000.0,
        "Gross Profit": 726206000.0,
        "Cost Of Revenue": 1011591000.0,
        "Total Revenue": 1737797000.0,
        "Operating Revenue": 1737797000.0
    },
    "2025-09-30": {
        "Tax Effect Of Unusual Items": -6600171.130442,
        "Tax Rate For Calcs": 0.32251,
        "Normalized EBITDA": 520437000.0,
        "Total Unusual Items": -20465000.0,
        "Total Unusual Items Excluding Goodwill": -20465000.0,
        "Net Income From Continuing Operation Net Minority Interest": 88341000.0,
        "Reconciled Depreciation": 152828000.0,
        "Reconciled Cost Of Revenue": 1077447000.0,
        "EBITDA": 499972000.0,
        "EBIT": 347144000.0,
        "Net Interest Income": -141618000.0,
        "Interest Expense": 157581000.0,
        "Interest Income": 16581000.0,
        "Normalized Income": 102205828.869558,
        "Net Income From Continuing And Discontinued Operation": 88341000.0,
        "Total Expenses": 1515969000.0,
        "Total Operating Income As Reported": 310489000.0,
        "Diluted Average Shares": 103636000.0,
        "Basic Average Shares": 102909000.0,
        "Diluted EPS": 0.85,
        "Basic EPS": 0.86,
        "Diluted NI Availto Com Stockholders": 88341000.0,
        "Average Dilution Earnings": 0.0,
        "Net Income Common Stockholders": 88341000.0,
        "Net Income": 88341000.0,
        "Minority Interests": -40086000.0,
        "Net Income Including Noncontrolling Interests": 128427000.0,
        "Net Income Continuous Operations": 128427000.0,
        "Tax Provision": 61136000.0,
        "Pretax Income": 189563000.0,
        "Other Income Expense": 13403000.0,
        "Other Non Operating Income Expenses": 33868000.0,
        "Special Income Charges": -7289000.0,
        "Other Special Charges": 7289000.0,
        "Impairment Of Capital Assets": NaN,
        "Gain On Sale Of Security": -13176000.0,
        "Net Non Operating Interest Income Expense": -141618000.0,
        "Total Other Finance Cost": 618000.0,
        "Interest Expense Non Operating": 157581000.0,
        "Interest Income Non Operating": 16581000.0,
        "Operating Income": 317778000.0,
        "Operating Expense": 438522000.0,
        "Other Operating Expenses": 6154000.0,
        "Provision For Doubtful Accounts": 4505000.0,
        "Depreciation Amortization Depletion Income Statement": 152828000.0,
        "Depreciation And Amortization In Income Statement": 152828000.0,
        "Selling General And Administration": 275035000.0,
        "General And Administrative Expense": 275035000.0,
        "Other Gand A": 275035000.0,
        "Gross Profit": 756300000.0,
        "Cost Of Revenue": 1077447000.0,
        "Total Revenue": 1833747000.0,
        "Operating Revenue": 1833747000.0
    }
}