{
    "2023-03-31": {
        "Tax Effect Of Unusual Items": NaN,
        "Tax Rate For Calcs": NaN,
        "Normalized EBITDA": NaN,
        "Total Unusual Items": NaN,
        "Total Unusual Items Excluding Goodwill": NaN,
        "Net Income From Continuing Operation Net Minority Interest": NaN,
        "Reconciled Depreciation": NaN,
        "Reconciled Cost Of Revenue": 0.0,
        "EBITDA": NaN,
        "EBIT": NaN,
        "Net Interest Income": NaN,
        "Interest Expense": NaN,
        "Interest Income": NaN,
        "Normalized Income": NaN,
        "Net Income From Continuing And Discontinued Operation": NaN,
        "Total Expenses": NaN,
        "Total Operating Income As Reported": NaN,
        "Diluted Average Shares": NaN,
        "Basic Average Shares": NaN,
        "Diluted EPS": NaN,
        "Basic EPS": NaN,
        "Diluted NI Availto Com Stockholders": NaN,
        "Net Income Common Stockholders": NaN,
        "Net Income": NaN,
        "Net Income Including Noncontrolling Interests": NaN,
        "Net Income Continuous Operations": NaN,
        "Tax Provision": NaN,
        "Pretax Income": NaN,
        "Other Income Expense": NaN,
        "Other Non Operating Income Expenses": NaN,
        "Gain On Sale Of Security": NaN,
        "Net Non Operating Interest Income Expense": NaN,
        "Interest Expense Non Operating": NaN,
        "Interest Income Non Operating": NaN,
        "Operating Income": NaN,
        "Operating Expense": NaN,
        "Research And Development": NaN,
        "Selling General And Administration": NaN,
        "General And Administrative Expense": NaN,
        "Other Gand A": NaN,
        "Salaries And Wages": NaN,
        "Gross Profit": 0.0,
        "Cost Of Revenue": 0.0,
        "Total Revenue": NaN,
        "Operating Revenue": NaN
    },
    "2022-12-31": {
        "Tax Effect Of Unusual Items": NaN,
        "Tax Rate For Calcs": NaN,
        "Normalized EBITDA": NaN,
        "Total Unusual Items": NaN,
        "Total Unusual Items Excluding Goodwill": NaN,
        "Net Income From Continuing Operation Net Minority Interest": NaN,
        "Reconciled Depreciation": NaN,
        "Reconciled Cost Of Revenue": 16000.0,
        "EBITDA": NaN,
        "EBIT": NaN,
        "Net Interest Income": NaN,
        "Interest Income": NaN,
        "Normalized Income": NaN,
        "Net Income From Continuing And Discontinued Operation": NaN,
        "Total Expenses": NaN,
        "Total Operating Income As Reported": NaN,
        "Diluted Average Shares": NaN,
        "Basic Average Shares": NaN,
        "Diluted EPS": NaN,
        "Basic EPS": NaN,
        "Diluted NI Availto Com Stockholders": NaN,
        "Net Income Common Stockholders": NaN,
        "Net Income": NaN,
        "Net Income Including Noncontrolling Interests": NaN,
        "Net Income Continuous Operations": NaN,
        "Tax Provision": NaN,
        "Pretax Income": NaN,
        "Other Income Expense": NaN,
        "Other Non Operating Income Expenses": NaN,
        "Gain On Sale Of Security": NaN,
        "Net Non Operating Interest Income Expense": NaN,
        "Interest Income Non Operating": NaN,
        "Operating Income": NaN,
        "Operating Expense": NaN,
        "Research And Development": NaN,
        "Selling General And Administration": NaN,
        "General And Administrative Expense": NaN,
        "Other Gand A": NaN,
        "Salaries And Wages": NaN,
        "Gross Profit": 284000.0,
        "Cost Of Revenue": 16000.0,
        "Total Revenue": NaN,
        "Operating Revenue": NaN
    },
    "2022-09-30": {
        "Tax Effect Of Unusual Items": NaN,
        "Tax Rate For Calcs": NaN,
        "Normalized EBITDA": NaN,
        "Total Unusual Items": NaN,
        "Total Unusual Items Excluding Goodwill": NaN,
        "Net Income From Continuing Operation Net Minority Interest": NaN,
        "Reconciled Depreciation": NaN,
        "Reconciled Cost Of Revenue": NaN,
        "EBITDA": NaN,
        "EBIT": NaN,
        "Net Interest Income": NaN,
        "Interest Income": NaN,
        "Normalized Income": NaN,
        "Net Income From Continuing And Discontinued Operation": NaN,
        "Total Expenses": NaN,
        "Total Operating Income As Reported": NaN,
        "Diluted Average Shares": 30439277.0,
        "Basic Average Shares": 30439277.0,
        "Diluted EPS": -0.42,
        "Basic EPS": -0.42,
        "Diluted NI Availto Com Stockholders": NaN,
        "Net Income Common Stockholders": NaN,
        "Net Income": NaN,
        "Net Income Including Noncontrolling Interests": NaN,
        "Net Income Continuous Operations": NaN,
        "Tax Provision": NaN,
        "Pretax Income": NaN,
        "Other Income Expense": NaN,
        "Other Non Operating Income Expenses": NaN,
        "Gain On Sale Of Security": NaN,
        "Net Non Operating Interest Income Expense": NaN,
        "Interest Income Non Operating": NaN,
        "Operating Income": NaN,
        "Operating Expense": NaN,
        "Research And Development": NaN,
        "Selling General And Administration": NaN,
        "General And Administrative Expense": NaN,
        "Other Gand A": NaN,
        "Salaries And Wages": NaN,
        "Gross Profit": NaN,
        "Cost Of Revenue": NaN,
        "Total Revenue": NaN,
        "Operating Revenue": NaN
    },
    "2022-06-30": {
        "Tax Effect Of Unusual Items": -417240.0,
        "Tax Rate For Calcs": 0.183,
        "Normalized EBITDA": -9087000.0,
        "Total Unusual Items": -2280000.0,
        "Total Unusual Items Excluding Goodwill": -2280000.0,
        "Net Income From Continuing Operation Net Minority Interest": -11644000.0,
        "Reconciled Depreciation": 727000.0,
        "Reconciled Cost Of Revenue": 207000.0,
        "EBITDA": -11367000.0,
        "EBIT": -12094000.0,
        "Net Interest Income": 241000.0,
        "Interest Income": 241000.0,
        "Normalized Income": -9781240.0,
        "Net Income From Continuing And Discontinued Operation": -11644000.0,
        "Total Expenses": 13624000.0,
        "Total Operating Income As Reported": -12094000.0,
        "Diluted Average Shares": 30439277.0,
        "Basic Average Shares": 30439277.0,
        "Diluted EPS": -0.38,
        "Basic EPS": -0.38,
        "Diluted NI Availto Com Stockholders": -11644000.0,
        "Net Income Common Stockholders": -11644000.0,
        "Net Income": -11644000.0,
        "Net Income Including Noncontrolling Interests": -11644000.0,
        "Net Income Continuous Operations": -11644000.0,
        "Tax Provision": -2608000.0,
        "Pretax Income": -14252000.0,
        "Other Income Expense": -2399000.0,
        "Other Non Operating Income Expenses": -119000.0,
        "Gain On Sale Of Security": -2280000.0,
        "Net Non Operating Interest Income Expense": 241000.0,
        "Interest Income Non Operating": 241000.0,
        "Operating Income": -12094000.0,
        "Operating Expense": 13417000.0,
        "Research And Development": 10394000.0,
        "Selling General And Administration": 3023000.0,
        "General And Administrative Expense": 3023000.0,
        "Other Gand A": 806000.0,
        "Salaries And Wages": 2217000.0,
        "Gross Profit": 1323000.0,
        "Cost Of Revenue": 207000.0,
        "Total Revenue": 1530000.0,
        "Operating Revenue": 1530000.0
    },
    "2022-03-31": {
        "Diluted EPS": -0.18,
        "Total Revenue": 1,
        "Gross Profit": 0,
        "Operating Income": -8,
        "EBIT": -7,
        "Net Income": -5
    },
    "2021-12-31": {
        "Diluted EPS": -0.21,
        "Total Revenue": 5,
        "Gross Profit": 3,
        "Operating Income": -7,
        "EBIT": -6,
        "Net Income": -6
    },
    "2021-09-30": {
        "Diluted EPS": -0.11,
        "Total Revenue": 5,
        "Gross Profit": 3,
        "Operating Income": -4,
        "EBIT": -3,
        "Net Income": -3
    },
    "2021-06-30": {
        "Diluted EPS": -0.17,
        "Total Revenue": 5,
        "Gross Profit": 3,
        "Operating Income": -11,
        "EBIT": -10,
        "Net Income": -5
    },
    "2021-03-31": {
        "Diluted EPS": -0.09,
        "Total Revenue": 5,
        "Gross Profit": 3,
        "Operating Income": -4,
        "EBIT": -3,
        "Net Income": -3
    },
    "2020-12-31": {
        "Diluted EPS": -0.03,
        "Total Revenue": 5,
        "Gross Profit": 3,
        "Operating Income": -5,
        "EBIT": -4,
        "Net Income": -2
    },
    "2020-09-30": {
        "Diluted EPS": -0.09,
        "Total Revenue": 11,
        "Gross Profit": 1,
        "Operating Income": -5,
        "EBIT": -4,
        "Net Income": -3
    },
    "2020-06-30": {
        "Diluted EPS": -0.24,
        "Total Revenue": 15,
        "Gross Profit": 2,
        "Operating Income": -7,
        "EBIT": -6,
        "Net Income": -7
    },
    "2020-03-31": {
        "Diluted EPS": 0.0,
        "Total Revenue": 13,
        "Gross Profit": 3,
        "Operating Income": -2,
        "EBIT": -2,
        "Net Income": 0
    },
    "2019-12-31": {
        "Diluted EPS": 14.91,
        "Total Revenue": NaN,
        "Gross Profit": NaN,
        "Operating Income": -13,
        "EBIT": -13,
        "Net Income": 686
    },
    "2019-09-30": {
        "Diluted EPS": -0.15,
        "Total Revenue": NaN,
        "Gross Profit": NaN,
        "Operating Income": -6,
        "EBIT": -6,
        "Net Income": -6
    },
    "2019-06-30": {
        "Diluted EPS": -0.16,
        "Total Revenue": NaN,
        "Gross Profit": NaN,
        "Operating Income": -6,
        "EBIT": -5,
        "Net Income": -6
    },
    "2019-03-31": {
        "Diluted EPS": -0.16,
        "Total Revenue": NaN,
        "Gross Profit": NaN,
        "Operating Income": -6,
        "EBIT": -5,
        "Net Income": -6
    },
    "2018-12-31": {
        "Diluted EPS": -0.18,
        "Total Revenue": NaN,
        "Gross Profit": NaN,
        "Operating Income": -6,
        "EBIT": -5,
        "Net Income": -6
    },
    "2018-09-30": {
        "Diluted EPS": -0.14,
        "Total Revenue": NaN,
        "Gross Profit": NaN,
        "Operating Income": -5,
        "EBIT": -4,
        "Net Income": -5
    },
    "2018-06-30": {
        "Diluted EPS": -0.16,
        "Total Revenue": NaN,
        "Gross Profit": NaN,
        "Operating Income": -6,
        "EBIT": -5,
        "Net Income": -6
    },
    "2018-03-31": {
        "Diluted EPS": -0.11,
        "Total Revenue": NaN,
        "Gross Profit": NaN,
        "Operating Income": -4,
        "EBIT": -4,
        "Net Income": -4
    },
    "2017-12-31": {
        "Diluted EPS": -0.19,
        "Total Revenue": NaN,
        "Gross Profit": NaN,
        "Operating Income": -8,
        "EBIT": -7,
        "Net Income": -7
    },
    "2017-09-30": {
        "Diluted EPS": -0.18,
        "Total Revenue": NaN,
        "Gross Profit": NaN,
        "Operating Income": -7,
        "EBIT": -6,
        "Net Income": -6
    },
    "2017-06-30": {
        "Diluted EPS": -0.26,
        "Total Revenue": NaN,
        "Gross Profit": NaN,
        "Operating Income": -10,
        "EBIT": -9,
        "Net Income": -9
    },
    "2017-03-31": {
        "Diluted EPS": -0.32,
        "Total Revenue": NaN,
        "Gross Profit": NaN,
        "Operating Income": -10,
        "EBIT": -10,
        "Net Income": -11
    },
    "2016-12-31": {
        "Diluted EPS": -0.51,
        "Total Revenue": NaN,
        "Gross Profit": NaN,
        "Operating Income": -16,
        "EBIT": -16,
        "Net Income": -16
    },
    "2016-09-30": {
        "Diluted EPS": -0.38,
        "Total Revenue": NaN,
        "Gross Profit": NaN,
        "Operating Income": -12,
        "EBIT": -12,
        "Net Income": -12
    },
    "2016-06-30": {
        "Diluted EPS": -0.42,
        "Total Revenue": NaN,
        "Gross Profit": NaN,
        "Operating Income": -14,
        "EBIT": -13,
        "Net Income": -14
    },
    "2016-03-31": {
        "Diluted EPS": -0.32,
        "Total Revenue": NaN,
        "Gross Profit": NaN,
        "Operating Income": -10,
        "EBIT": -10,
        "Net Income": -10
    },
    "2015-12-31": {
        "Diluted EPS": -0.38,
        "Total Revenue": NaN,
        "Gross Profit": NaN,
        "Operating Income": -12,
        "EBIT": -12,
        "Net Income": -12
    },
    "2015-09-30": {
        "Diluted EPS": -0.33,
        "Total Revenue": NaN,
        "Gross Profit": NaN,
        "Operating Income": -11,
        "EBIT": -11,
        "Net Income": -11
    },
    "2015-06-30": {
        "Diluted EPS": -0.22,
        "Total Revenue": NaN,
        "Gross Profit": NaN,
        "Operating Income": -6,
        "EBIT": -6,
        "Net Income": -7
    },
    "2015-03-31": {
        "Diluted EPS": -0.29,
        "Total Revenue": NaN,
        "Gross Profit": NaN,
        "Operating Income": -8,
        "EBIT": -8,
        "Net Income": -8
    },
    "2014-12-31": {
        "Diluted EPS": -0.26,
        "Total Revenue": NaN,
        "Gross Profit": NaN,
        "Operating Income": -6,
        "EBIT": -6,
        "Net Income": -6
    },
    "2014-09-30": {
        "Diluted EPS": -0.29,
        "Total Revenue": NaN,
        "Gross Profit": NaN,
        "Operating Income": -7,
        "EBIT": -7,
        "Net Income": -7
    },
    "2014-06-30": {
        "Diluted EPS": -0.16,
        "Total Revenue": NaN,
        "Gross Profit": NaN,
        "Operating Income": -4,
        "EBIT": -4,
        "Net Income": -4
    },
    "2014-03-31": {
        "Diluted EPS": -0.19,
        "Total Revenue": NaN,
        "Gross Profit": NaN,
        "Operating Income": -5,
        "EBIT": -4,
        "Net Income": -5
    },
    "2013-12-31": {
        "Diluted EPS": 0.0,
        "Total Revenue": NaN,
        "Gross Profit": NaN,
        "Operating Income": NaN,
        "EBIT": NaN,
        "Net Income": NaN
    },
    "2012-12-31": {
        "Diluted EPS": 0.0,
        "Total Revenue": NaN,
        "Gross Profit": NaN,
        "Operating Income": NaN,
        "EBIT": NaN,
        "Net Income": NaN
    },
    "2023-06-30": {
        "Tax Effect Of Unusual Items": NaN,
        "Tax Rate For Calcs": NaN,
        "Normalized EBITDA": NaN,
        "Total Unusual Items": NaN,
        "Total Unusual Items Excluding Goodwill": NaN,
        "Net Income From Continuing Operation Net Minority Interest": NaN,
        "Reconciled Depreciation": NaN,
        "Reconciled Cost Of Revenue": 0.0,
        "EBITDA": NaN,
        "EBIT": NaN,
        "Net Interest Income": NaN,
        "Interest Expense": NaN,
        "Interest Income": NaN,
        "Normalized Income": NaN,
        "Net Income From Continuing And Discontinued Operation": NaN,
        "Total Expenses": NaN,
        "Total Operating Income As Reported": NaN,
        "Diluted Average Shares": 30439118.0,
        "Basic Average Shares": 30439118.0,
        "Diluted EPS": -0.29,
        "Basic EPS": -0.29,
        "Diluted NI Availto Com Stockholders": NaN,
        "Net Income Common Stockholders": NaN,
        "Net Income": NaN,
        "Net Income Including Noncontrolling Interests": NaN,
        "Net Income Continuous Operations": NaN,
        "Tax Provision": NaN,
        "Pretax Income": NaN,
        "Other Income Expense": NaN,
        "Other Non Operating Income Expenses": NaN,
        "Gain On Sale Of Security": NaN,
        "Net Non Operating Interest Income Expense": NaN,
        "Interest Expense Non Operating": NaN,
        "Interest Income Non Operating": NaN,
        "Operating Income": NaN,
        "Operating Expense": NaN,
        "Research And Development": NaN,
        "Selling General And Administration": NaN,
        "General And Administrative Expense": NaN,
        "Other Gand A": NaN,
        "Salaries And Wages": NaN,
        "Gross Profit": 0.0,
        "Cost Of Revenue": 0.0,
        "Total Revenue": NaN,
        "Operating Revenue": NaN
    },
    "2023-09-30": {
        "Tax Effect Of Unusual Items": NaN,
        "Tax Rate For Calcs": NaN,
        "Normalized EBITDA": NaN,
        "Total Unusual Items": NaN,
        "Total Unusual Items Excluding Goodwill": NaN,
        "Net Income From Continuing Operation Net Minority Interest": NaN,
        "Reconciled Depreciation": NaN,
        "Reconciled Cost Of Revenue": 0.0,
        "EBITDA": NaN,
        "EBIT": NaN,
        "Net Interest Income": NaN,
        "Interest Expense": 0.0,
        "Interest Income": NaN,
        "Normalized Income": NaN,
        "Net Income From Continuing And Discontinued Operation": NaN,
        "Total Expenses": NaN,
        "Total Operating Income As Reported": NaN,
        "Diluted Average Shares": 30436638.0,
        "Basic Average Shares": 30436638.0,
        "Diluted EPS": -0.24,
        "Basic EPS": -0.24,
        "Diluted NI Availto Com Stockholders": NaN,
        "Net Income Common Stockholders": NaN,
        "Net Income": NaN,
        "Net Income Including Noncontrolling Interests": NaN,
        "Net Income Continuous Operations": NaN,
        "Tax Provision": NaN,
        "Pretax Income": NaN,
        "Other Income Expense": NaN,
        "Other Non Operating Income Expenses": NaN,
        "Gain On Sale Of Security": NaN,
        "Net Non Operating Interest Income Expense": NaN,
        "Interest Expense Non Operating": 0.0,
        "Interest Income Non Operating": NaN,
        "Operating Income": NaN,
        "Operating Expense": NaN,
        "Research And Development": NaN,
        "Selling General And Administration": NaN,
        "General And Administrative Expense": NaN,
        "Other Gand A": NaN,
        "Salaries And Wages": NaN,
        "Gross Profit": 0.0,
        "Cost Of Revenue": 0.0,
        "Total Revenue": NaN,
        "Operating Revenue": NaN
    },
    "2023-12-31": {
        "Tax Effect Of Unusual Items": NaN,
        "Tax Rate For Calcs": NaN,
        "Normalized EBITDA": NaN,
        "Total Unusual Items": NaN,
        "Total Unusual Items Excluding Goodwill": NaN,
        "Net Income From Continuing Operation Net Minority Interest": NaN,
        "Reconciled Depreciation": NaN,
        "Reconciled Cost Of Revenue": 0.0,
        "EBITDA": NaN,
        "EBIT": NaN,
        "Net Interest Income": NaN,
        "Interest Expense": NaN,
        "Interest Income": NaN,
        "Normalized Income": NaN,
        "Net Income From Continuing And Discontinued Operation": NaN,
        "Total Expenses": NaN,
        "Total Operating Income As Reported": NaN,
        "Diluted Average Shares": NaN,
        "Basic Average Shares": NaN,
        "Diluted EPS": NaN,
        "Basic EPS": NaN,
        "Diluted NI Availto Com Stockholders": NaN,
        "Net Income Common Stockholders": NaN,
        "Net Income": NaN,
        "Net Income Including Noncontrolling Interests": NaN,
        "Net Income Continuous Operations": NaN,
        "Tax Provision": NaN,
        "Pretax Income": NaN,
        "Other Income Expense": NaN,
        "Other Non Operating Income Expenses": NaN,
        "Gain On Sale Of Security": NaN,
        "Net Non Operating Interest Income Expense": NaN,
        "Interest Expense Non Operating": NaN,
        "Interest Income Non Operating": NaN,
        "Operating Income": NaN,
        "Operating Expense": NaN,
        "Research And Development": NaN,
        "Selling General And Administration": NaN,
        "General And Administrative Expense": NaN,
        "Other Gand A": NaN,
        "Salaries And Wages": NaN,
        "Gross Profit": 0.0,
        "Cost Of Revenue": 0.0,
        "Total Revenue": NaN,
        "Operating Revenue": NaN
    },
    "2024-03-31": {
        "Tax Effect Of Unusual Items": -332220.0,
        "Tax Rate For Calcs": 0.21,
        "Normalized EBITDA": -7763000.0,
        "Total Unusual Items": -1582000.0,
        "Total Unusual Items Excluding Goodwill": -1582000.0,
        "Net Income From Continuing Operation Net Minority Interest": -10002000.0,
        "Reconciled Depreciation": 432000.0,
        "Reconciled Cost Of Revenue": NaN,
        "EBITDA": -9345000.0,
        "EBIT": -9777000.0,
        "Net Interest Income": 2458000.0,
        "Interest Expense": 200000.0,
        "Interest Income": 2658000.0,
        "Normalized Income": -8752220.0,
        "Net Income From Continuing And Discontinued Operation": -10002000.0,
        "Total Expenses": 10853000.0,
        "Total Operating Income As Reported": -10853000.0,
        "Diluted Average Shares": 30443973.0,
        "Basic Average Shares": 30443973.0,
        "Diluted EPS": -0.33,
        "Basic EPS": -0.33,
        "Diluted NI Availto Com Stockholders": -10002000.0,
        "Net Income Common Stockholders": -10002000.0,
        "Net Income": -10002000.0,
        "Net Income Including Noncontrolling Interests": -10002000.0,
        "Net Income Continuous Operations": -10002000.0,
        "Tax Provision": 25000.0,
        "Pretax Income": -9977000.0,
        "Other Income Expense": -1582000.0,
        "Other Non Operating Income Expenses": -200000.0,
        "Gain On Sale Of Security": -1582000.0,
        "Net Non Operating Interest Income Expense": 2458000.0,
        "Interest Expense Non Operating": 200000.0,
        "Interest Income Non Operating": 2658000.0,
        "Operating Income": -10853000.0,
        "Operating Expense": 10853000.0,
        "Research And Development": 9825000.0,
        "Selling General And Administration": 1028000.0,
        "General And Administrative Expense": 1028000.0,
        "Other Gand A": 683000.0,
        "Salaries And Wages": 345000.0,
        "Gross Profit": NaN,
        "Cost Of Revenue": NaN,
        "Total Revenue": 0.0,
        "Operating Revenue": 0.0
    },
    "2024-06-30": {
        "Tax Effect Of Unusual Items": -1108.0,
        "Tax Rate For Calcs": 0.002,
        "Normalized EBITDA": -13977000.0,
        "Total Unusual Items": -554000.0,
        "Total Unusual Items Excluding Goodwill": -554000.0,
        "Net Income From Continuing Operation Net Minority Interest": -13006000.0,
        "Reconciled Depreciation": 435000.0,
        "Reconciled Cost Of Revenue": NaN,
        "EBITDA": -14531000.0,
        "EBIT": -14966000.0,
        "Net Interest Income": 2689000.0,
        "Interest Expense": NaN,
        "Interest Income": 2689000.0,
        "Normalized Income": -12453108.0,
        "Net Income From Continuing And Discontinued Operation": -13006000.0,
        "Total Expenses": 14966000.0,
        "Total Operating Income As Reported": -14966000.0,
        "Diluted Average Shares": 30456101.0,
        "Basic Average Shares": 30456101.0,
        "Diluted EPS": -0.43,
        "Basic EPS": -0.43,
        "Diluted NI Availto Com Stockholders": -13006000.0,
        "Net Income Common Stockholders": -13006000.0,
        "Net Income": -13006000.0,
        "Net Income Including Noncontrolling Interests": -13006000.0,
        "Net Income Continuous Operations": -13006000.0,
        "Tax Provision": -25000.0,
        "Pretax Income": -13031000.0,
        "Other Income Expense": -754000.0,
        "Other Non Operating Income Expenses": -200000.0,
        "Gain On Sale Of Security": -554000.0,
        "Net Non Operating Interest Income Expense": 2689000.0,
        "Interest Expense Non Operating": NaN,
        "Interest Income Non Operating": 2689000.0,
        "Operating Income": -14966000.0,
        "Operating Expense": 14966000.0,
        "Research And Development": 12984000.0,
        "Selling General And Administration": 1982000.0,
        "General And Administrative Expense": 1982000.0,
        "Other Gand A": 918000.0,
        "Salaries And Wages": 1064000.0,
        "Gross Profit": NaN,
        "Cost Of Revenue": NaN,
        "Total Revenue": 0.0,
        "Operating Revenue": 0.0
    },
    "2024-09-30": {
        "Tax Effect Of Unusual Items": 148470.0,
        "Tax Rate For Calcs": 0.21,
        "Normalized EBITDA": -5071000.0,
        "Total Unusual Items": 707000.0,
        "Total Unusual Items Excluding Goodwill": 707000.0,
        "Net Income From Continuing Operation Net Minority Interest": -5015000.0,
        "Reconciled Depreciation": 439000.0,
        "Reconciled Cost Of Revenue": NaN,
        "EBITDA": -4364000.0,
        "EBIT": -4803000.0,
        "Net Interest Income": 2166000.0,
        "Interest Expense": 203000.0,
        "Interest Income": 2369000.0,
        "Normalized Income": -5573530.0,
        "Net Income From Continuing And Discontinued Operation": -5015000.0,
        "Total Expenses": 7904000.0,
        "Total Operating Income As Reported": -7904000.0,
        "Diluted Average Shares": 30472557.0,
        "Basic Average Shares": 30472557.0,
        "Diluted EPS": -0.16,
        "Basic EPS": -0.16,
        "Diluted NI Availto Com Stockholders": -5015000.0,
        "Net Income Common Stockholders": -5015000.0,
        "Net Income": -5015000.0,
        "Net Income Including Noncontrolling Interests": -5015000.0,
        "Net Income Continuous Operations": -5015000.0,
        "Tax Provision": 9000.0,
        "Pretax Income": -5006000.0,
        "Other Income Expense": 732000.0,
        "Other Non Operating Income Expenses": 25000.0,
        "Gain On Sale Of Security": 707000.0,
        "Net Non Operating Interest Income Expense": 2166000.0,
        "Interest Expense Non Operating": 203000.0,
        "Interest Income Non Operating": 2369000.0,
        "Operating Income": -7904000.0,
        "Operating Expense": 7904000.0,
        "Research And Development": 7127000.0,
        "Selling General And Administration": 777000.0,
        "General And Administrative Expense": 777000.0,
        "Other Gand A": 502000.0,
        "Salaries And Wages": 275000.0,
        "Gross Profit": NaN,
        "Cost Of Revenue": NaN,
        "Total Revenue": 0.0,
        "Operating Revenue": 0.0
    },
    "2024-12-31": {
        "Tax Effect Of Unusual Items": -15935.159731,
        "Tax Rate For Calcs": 0.003887,
        "Normalized EBITDA": -5806000.0,
        "Total Unusual Items": -4100000.0,
        "Total Unusual Items Excluding Goodwill": -4100000.0,
        "Net Income From Continuing Operation Net Minority Interest": -10508000.0,
        "Reconciled Depreciation": 439000.0,
        "Reconciled Cost Of Revenue": NaN,
        "EBITDA": -9906000.0,
        "EBIT": -10345000.0,
        "Net Interest Income": 1892000.0,
        "Interest Expense": 204000.0,
        "Interest Income": 2096000.0,
        "Normalized Income": -6423935.159731,
        "Net Income From Continuing And Discontinued Operation": -10508000.0,
        "Total Expenses": 8748000.0,
        "Total Operating Income As Reported": -8748000.0,
        "Diluted Average Shares": NaN,
        "Basic Average Shares": NaN,
        "Diluted EPS": NaN,
        "Basic EPS": NaN,
        "Diluted NI Availto Com Stockholders": -10508000.0,
        "Net Income Common Stockholders": -10508000.0,
        "Net Income": -10508000.0,
        "Net Income Including Noncontrolling Interests": -10508000.0,
        "Net Income Continuous Operations": -10508000.0,
        "Tax Provision": -41000.0,
        "Pretax Income": -10549000.0,
        "Other Income Expense": -3693000.0,
        "Other Non Operating Income Expenses": 407000.0,
        "Gain On Sale Of Security": -4100000.0,
        "Net Non Operating Interest Income Expense": 1892000.0,
        "Interest Expense Non Operating": 204000.0,
        "Interest Income Non Operating": 2096000.0,
        "Operating Income": -8748000.0,
        "Operating Expense": 8748000.0,
        "Research And Development": 7821000.0,
        "Selling General And Administration": 927000.0,
        "General And Administrative Expense": 927000.0,
        "Other Gand A": 462000.0,
        "Salaries And Wages": 465000.0,
        "Gross Profit": NaN,
        "Cost Of Revenue": NaN,
        "Total Revenue": 0.0,
        "Operating Revenue": 0.0
    },
    "2025-03-31": {
        "Tax Effect Of Unusual Items": 59640.0,
        "Tax Rate For Calcs": 0.21,
        "Normalized EBITDA": -10609000.0,
        "Total Unusual Items": 284000.0,
        "Total Unusual Items Excluding Goodwill": 284000.0,
        "Net Income From Continuing Operation Net Minority Interest": -10884000.0,
        "Reconciled Depreciation": 442000.0,
        "Reconciled Cost Of Revenue": NaN,
        "EBITDA": -10325000.0,
        "EBIT": -10767000.0,
        "Net Interest Income": 1416000.0,
        "Interest Expense": 88000.0,
        "Interest Income": 1504000.0,
        "Normalized Income": -11108360.0,
        "Net Income From Continuing And Discontinued Operation": -10884000.0,
        "Total Expenses": 13550000.0,
        "Total Operating Income As Reported": -13550000.0,
        "Diluted Average Shares": 30487731.0,
        "Basic Average Shares": 30487731.0,
        "Diluted EPS": -0.36,
        "Basic EPS": -0.36,
        "Diluted NI Availto Com Stockholders": -10884000.0,
        "Net Income Common Stockholders": -10884000.0,
        "Net Income": -10884000.0,
        "Net Income Including Noncontrolling Interests": -10884000.0,
        "Net Income Continuous Operations": -10884000.0,
        "Tax Provision": 29000.0,
        "Pretax Income": -10855000.0,
        "Other Income Expense": 1279000.0,
        "Other Non Operating Income Expenses": 995000.0,
        "Gain On Sale Of Security": 284000.0,
        "Net Non Operating Interest Income Expense": 1416000.0,
        "Interest Expense Non Operating": 88000.0,
        "Interest Income Non Operating": 1504000.0,
        "Operating Income": -13550000.0,
        "Operating Expense": 13550000.0,
        "Research And Development": 11619000.0,
        "Selling General And Administration": 1931000.0,
        "General And Administrative Expense": 1931000.0,
        "Other Gand A": 636000.0,
        "Salaries And Wages": 1295000.0,
        "Gross Profit": NaN,
        "Cost Of Revenue": NaN,
        "Total Revenue": 0.0,
        "Operating Revenue": 0.0
    }
}