{
    "2023-03-31": {
        "Tax Effect Of Unusual Items": NaN,
        "Tax Rate For Calcs": NaN,
        "Normalized EBITDA": NaN,
        "Total Unusual Items": NaN,
        "Total Unusual Items Excluding Goodwill": NaN,
        "Net Income From Continuing Operation Net Minority Interest": NaN,
        "Reconciled Depreciation": NaN,
        "Reconciled Cost Of Revenue": NaN,
        "EBITDA": NaN,
        "EBIT": NaN,
        "Net Interest Income": NaN,
        "Interest Expense": NaN,
        "Interest Income": NaN,
        "Normalized Income": NaN,
        "Net Income From Continuing And Discontinued Operation": NaN,
        "Total Expenses": NaN,
        "Total Operating Income As Reported": NaN,
        "Diluted Average Shares": 137142565.0,
        "Basic Average Shares": 137142565.0,
        "Diluted EPS": -0.12,
        "Basic EPS": -0.12,
        "Diluted NI Availto Com Stockholders": NaN,
        "Net Income Common Stockholders": NaN,
        "Net Income": NaN,
        "Net Income Including Noncontrolling Interests": NaN,
        "Net Income Continuous Operations": NaN,
        "Tax Provision": NaN,
        "Pretax Income": NaN,
        "Other Income Expense": NaN,
        "Special Income Charges": NaN,
        "Other Special Charges": NaN,
        "Restructuring And Mergern Acquisition": NaN,
        "Gain On Sale Of Security": NaN,
        "Net Non Operating Interest Income Expense": NaN,
        "Interest Expense Non Operating": NaN,
        "Interest Income Non Operating": NaN,
        "Operating Income": NaN,
        "Operating Expense": NaN,
        "Depreciation Amortization Depletion Income Statement": NaN,
        "Depreciation And Amortization In Income Statement": NaN,
        "Amortization": NaN,
        "Amortization Of Intangibles Income Statement": NaN,
        "Research And Development": NaN,
        "Selling General And Administration": NaN,
        "Gross Profit": NaN,
        "Cost Of Revenue": NaN,
        "Total Revenue": NaN,
        "Operating Revenue": NaN
    },
    "2022-12-31": {
        "Tax Effect Of Unusual Items": NaN,
        "Tax Rate For Calcs": NaN,
        "Normalized EBITDA": NaN,
        "Total Unusual Items": NaN,
        "Total Unusual Items Excluding Goodwill": NaN,
        "Net Income From Continuing Operation Net Minority Interest": NaN,
        "Reconciled Depreciation": NaN,
        "Reconciled Cost Of Revenue": NaN,
        "EBITDA": NaN,
        "EBIT": NaN,
        "Net Interest Income": NaN,
        "Interest Expense": NaN,
        "Interest Income": NaN,
        "Normalized Income": NaN,
        "Net Income From Continuing And Discontinued Operation": NaN,
        "Total Expenses": NaN,
        "Total Operating Income As Reported": NaN,
        "Diluted Average Shares": 135986345.0,
        "Basic Average Shares": 135986345.0,
        "Diluted EPS": -0.1,
        "Basic EPS": -0.1,
        "Diluted NI Availto Com Stockholders": NaN,
        "Net Income Common Stockholders": NaN,
        "Net Income": NaN,
        "Net Income Including Noncontrolling Interests": NaN,
        "Net Income Continuous Operations": NaN,
        "Tax Provision": NaN,
        "Pretax Income": NaN,
        "Other Income Expense": NaN,
        "Special Income Charges": NaN,
        "Other Special Charges": NaN,
        "Restructuring And Mergern Acquisition": NaN,
        "Gain On Sale Of Security": 14000.0,
        "Net Non Operating Interest Income Expense": NaN,
        "Interest Expense Non Operating": NaN,
        "Interest Income Non Operating": NaN,
        "Operating Income": NaN,
        "Operating Expense": NaN,
        "Depreciation Amortization Depletion Income Statement": NaN,
        "Depreciation And Amortization In Income Statement": NaN,
        "Amortization": NaN,
        "Amortization Of Intangibles Income Statement": NaN,
        "Research And Development": NaN,
        "Selling General And Administration": NaN,
        "Gross Profit": NaN,
        "Cost Of Revenue": NaN,
        "Total Revenue": NaN,
        "Operating Revenue": NaN
    },
    "2022-09-30": {
        "Tax Effect Of Unusual Items": 0.0,
        "Tax Rate For Calcs": 0.015291,
        "Normalized EBITDA": -16069000.0,
        "Total Unusual Items": 127000.0,
        "Total Unusual Items Excluding Goodwill": 127000.0,
        "Net Income From Continuing Operation Net Minority Interest": -21831000.0,
        "Reconciled Depreciation": 2711000.0,
        "Reconciled Cost Of Revenue": 5260000.0,
        "EBITDA": -16069000.0,
        "EBIT": -18780000.0,
        "Net Interest Income": -3517000.0,
        "Interest Expense": 3989000.0,
        "Interest Income": 472000.0,
        "Normalized Income": -21831000.0,
        "Net Income From Continuing And Discontinued Operation": -21831000.0,
        "Total Expenses": 48505000.0,
        "Total Operating Income As Reported": -18780000.0,
        "Diluted Average Shares": 135951761.0,
        "Basic Average Shares": 135951761.0,
        "Diluted EPS": -0.16,
        "Basic EPS": -0.16,
        "Diluted NI Availto Com Stockholders": -21831000.0,
        "Net Income Common Stockholders": -21831000.0,
        "Net Income": -21831000.0,
        "Net Income Including Noncontrolling Interests": -21831000.0,
        "Net Income Continuous Operations": -21831000.0,
        "Tax Provision": -339000.0,
        "Pretax Income": -22170000.0,
        "Other Income Expense": -3390000.0,
        "Other Non Operating Income Expenses": -3390000.0,
        "Special Income Charges": 118000.0,
        "Other Special Charges": NaN,
        "Restructuring And Mergern Acquisition": -118000.0,
        "Gain On Sale Of Security": 9000.0,
        "Net Non Operating Interest Income Expense": -3517000.0,
        "Interest Expense Non Operating": 3989000.0,
        "Interest Income Non Operating": 472000.0,
        "Operating Income": -18780000.0,
        "Operating Expense": 43245000.0,
        "Depreciation Amortization Depletion Income Statement": 2711000.0,
        "Depreciation And Amortization In Income Statement": 2711000.0,
        "Amortization": 2711000.0,
        "Amortization Of Intangibles Income Statement": 2711000.0,
        "Research And Development": 6043000.0,
        "Selling General And Administration": 34491000.0,
        "Gross Profit": 24465000.0,
        "Cost Of Revenue": 5260000.0,
        "Total Revenue": 29725000.0,
        "Operating Revenue": 29725000.0
    },
    "2022-06-30": {
        "Tax Effect Of Unusual Items": -55660.722365,
        "Tax Rate For Calcs": 0.012781,
        "Normalized EBITDA": -15659000.0,
        "Total Unusual Items": -4355000.0,
        "Total Unusual Items Excluding Goodwill": -4355000.0,
        "Net Income From Continuing Operation Net Minority Interest": -26185000.0,
        "Reconciled Depreciation": 3062000.0,
        "Reconciled Cost Of Revenue": 4458000.0,
        "EBITDA": -20014000.0,
        "EBIT": -23076000.0,
        "Net Interest Income": -3253000.0,
        "Interest Expense": 3448000.0,
        "Interest Income": 195000.0,
        "Normalized Income": -21885660.722365,
        "Net Income From Continuing And Discontinued Operation": -26185000.0,
        "Total Expenses": 44222000.0,
        "Total Operating Income As Reported": -18916000.0,
        "Diluted Average Shares": 135529968.0,
        "Basic Average Shares": 135529968.0,
        "Diluted EPS": -0.19,
        "Basic EPS": -0.19,
        "Diluted NI Availto Com Stockholders": -26185000.0,
        "Net Income Common Stockholders": -26185000.0,
        "Net Income": -26185000.0,
        "Net Income Including Noncontrolling Interests": -26185000.0,
        "Net Income Continuous Operations": -26185000.0,
        "Tax Provision": -339000.0,
        "Pretax Income": -26524000.0,
        "Other Income Expense": -4355000.0,
        "Other Non Operating Income Expenses": NaN,
        "Special Income Charges": -4871000.0,
        "Restructuring And Mergern Acquisition": 4871000.0,
        "Gain On Sale Of Security": 516000.0,
        "Net Non Operating Interest Income Expense": -3253000.0,
        "Interest Expense Non Operating": 3448000.0,
        "Interest Income Non Operating": 195000.0,
        "Operating Income": -18916000.0,
        "Operating Expense": 39412000.0,
        "Depreciation Amortization Depletion Income Statement": 2710000.0,
        "Depreciation And Amortization In Income Statement": 2710000.0,
        "Amortization": 2710000.0,
        "Amortization Of Intangibles Income Statement": 2710000.0,
        "Research And Development": 3718000.0,
        "Selling General And Administration": 32984000.0,
        "Gross Profit": 20496000.0,
        "Cost Of Revenue": 4810000.0,
        "Total Revenue": 25306000.0,
        "Operating Revenue": 25306000.0
    },
    "2022-03-31": {
        "Diluted EPS": -0.25,
        "Total Revenue": 22,
        "Gross Profit": 16,
        "Operating Income": -29,
        "EBIT": -26,
        "Net Income": -34
    },
    "2021-12-31": {
        "Diluted EPS": -0.45,
        "Total Revenue": 21,
        "Gross Profit": 17,
        "Operating Income": -48,
        "EBIT": -47,
        "Net Income": -51
    },
    "2021-09-30": {
        "Diluted EPS": -0.39,
        "Total Revenue": 11,
        "Gross Profit": 8,
        "Operating Income": -24,
        "EBIT": -24,
        "Net Income": -26
    },
    "2021-06-30": {
        "Diluted EPS": -0.41,
        "Total Revenue": 9,
        "Gross Profit": 6,
        "Operating Income": -26,
        "EBIT": -25,
        "Net Income": -28
    },
    "2021-03-31": {
        "Diluted EPS": -0.3,
        "Total Revenue": 8,
        "Gross Profit": 6,
        "Operating Income": -17,
        "EBIT": -16,
        "Net Income": -18
    },
    "2020-12-31": {
        "Diluted EPS": -0.27,
        "Total Revenue": 7,
        "Gross Profit": 4,
        "Operating Income": -19,
        "EBIT": -19,
        "Net Income": -22
    },
    "2020-09-30": {
        "Diluted EPS": -0.35,
        "Total Revenue": 9,
        "Gross Profit": 7,
        "Operating Income": -14,
        "EBIT": -13,
        "Net Income": -16
    },
    "2020-06-30": {
        "Diluted EPS": -0.63,
        "Total Revenue": 2,
        "Gross Profit": 1,
        "Operating Income": -22,
        "EBIT": -22,
        "Net Income": -24
    },
    "2020-03-31": {
        "Diluted EPS": -0.89,
        "Total Revenue": 2,
        "Gross Profit": 0,
        "Operating Income": -28,
        "EBIT": -28,
        "Net Income": -29
    },
    "2019-12-31": {
        "Diluted EPS": -1.24,
        "Total Revenue": 2,
        "Gross Profit": 2,
        "Operating Income": -33,
        "EBIT": -32,
        "Net Income": -33
    },
    "2019-09-30": {
        "Diluted EPS": -1.22,
        "Total Revenue": 0,
        "Gross Profit": 0,
        "Operating Income": -30,
        "EBIT": -29,
        "Net Income": -33
    },
    "2019-06-30": {
        "Diluted EPS": -1.28,
        "Total Revenue": 0,
        "Gross Profit": 0,
        "Operating Income": -34,
        "EBIT": -34,
        "Net Income": -34
    },
    "2019-03-31": {
        "Diluted EPS": -1.07,
        "Total Revenue": 0,
        "Gross Profit": 0,
        "Operating Income": -25,
        "EBIT": -25,
        "Net Income": -25
    },
    "2018-12-31": {
        "Diluted EPS": 4.28,
        "Total Revenue": 1,
        "Gross Profit": 1,
        "Operating Income": -20,
        "EBIT": -20,
        "Net Income": -20
    },
    "2018-09-30": {
        "Diluted EPS": -0.71,
        "Total Revenue": 1,
        "Gross Profit": 1,
        "Operating Income": -15,
        "EBIT": -15,
        "Net Income": -15
    },
    "2018-06-30": {
        "Diluted EPS": -3.07,
        "Total Revenue": 1,
        "Gross Profit": 1,
        "Operating Income": -12,
        "EBIT": -12,
        "Net Income": -13
    },
    "2018-03-31": {
        "Diluted EPS": -5.49,
        "Total Revenue": 0,
        "Gross Profit": 0,
        "Operating Income": -12,
        "EBIT": -12,
        "Net Income": -12
    },
    "2017-12-31": {
        "Diluted EPS": 0.0,
        "Total Revenue": NaN,
        "Gross Profit": NaN,
        "Operating Income": NaN,
        "EBIT": NaN,
        "Net Income": NaN
    },
    "2017-09-30": {
        "Diluted EPS": -3.72,
        "Total Revenue": 0,
        "Gross Profit": 0,
        "Operating Income": -8,
        "EBIT": -8,
        "Net Income": -8
    },
    "2017-06-30": {
        "Diluted EPS": -2.59,
        "Total Revenue": 1,
        "Gross Profit": 1,
        "Operating Income": -5,
        "EBIT": -5,
        "Net Income": -5
    },
    "2016-12-31": {
        "Diluted EPS": 0.0,
        "Total Revenue": NaN,
        "Gross Profit": NaN,
        "Operating Income": NaN,
        "EBIT": NaN,
        "Net Income": NaN
    },
    "2023-06-30": {
        "Tax Effect Of Unusual Items": NaN,
        "Tax Rate For Calcs": NaN,
        "Normalized EBITDA": NaN,
        "Total Unusual Items": NaN,
        "Total Unusual Items Excluding Goodwill": NaN,
        "Net Income From Continuing Operation Net Minority Interest": NaN,
        "Reconciled Depreciation": NaN,
        "Reconciled Cost Of Revenue": NaN,
        "EBITDA": NaN,
        "EBIT": NaN,
        "Net Interest Income": NaN,
        "Interest Expense": NaN,
        "Interest Income": NaN,
        "Normalized Income": NaN,
        "Net Income From Continuing And Discontinued Operation": NaN,
        "Total Expenses": NaN,
        "Total Operating Income As Reported": NaN,
        "Diluted Average Shares": 137338071.0,
        "Basic Average Shares": 137338071.0,
        "Diluted EPS": -0.14,
        "Basic EPS": -0.14,
        "Diluted NI Availto Com Stockholders": NaN,
        "Net Income Common Stockholders": NaN,
        "Net Income": NaN,
        "Net Income Including Noncontrolling Interests": NaN,
        "Net Income Continuous Operations": NaN,
        "Tax Provision": NaN,
        "Pretax Income": NaN,
        "Other Income Expense": NaN,
        "Special Income Charges": NaN,
        "Other Special Charges": NaN,
        "Restructuring And Mergern Acquisition": NaN,
        "Gain On Sale Of Security": NaN,
        "Net Non Operating Interest Income Expense": NaN,
        "Total Other Finance Cost": NaN,
        "Interest Expense Non Operating": NaN,
        "Interest Income Non Operating": NaN,
        "Operating Income": NaN,
        "Operating Expense": NaN,
        "Depreciation Amortization Depletion Income Statement": NaN,
        "Depreciation And Amortization In Income Statement": NaN,
        "Amortization": NaN,
        "Amortization Of Intangibles Income Statement": NaN,
        "Research And Development": NaN,
        "Selling General And Administration": NaN,
        "Gross Profit": NaN,
        "Cost Of Revenue": NaN,
        "Total Revenue": NaN,
        "Operating Revenue": NaN
    },
    "2023-09-30": {
        "Tax Effect Of Unusual Items": NaN,
        "Tax Rate For Calcs": NaN,
        "Normalized EBITDA": NaN,
        "Total Unusual Items": NaN,
        "Total Unusual Items Excluding Goodwill": NaN,
        "Net Income From Continuing Operation Net Minority Interest": NaN,
        "Reconciled Depreciation": NaN,
        "Reconciled Cost Of Revenue": NaN,
        "EBITDA": NaN,
        "EBIT": NaN,
        "Net Interest Income": NaN,
        "Interest Expense": NaN,
        "Interest Income": NaN,
        "Normalized Income": NaN,
        "Net Income From Continuing And Discontinued Operation": NaN,
        "Total Expenses": NaN,
        "Total Operating Income As Reported": NaN,
        "Diluted Average Shares": 138059781.0,
        "Basic Average Shares": 138059781.0,
        "Diluted EPS": -0.09,
        "Basic EPS": -0.09,
        "Diluted NI Availto Com Stockholders": NaN,
        "Net Income Common Stockholders": NaN,
        "Net Income": NaN,
        "Net Income Including Noncontrolling Interests": NaN,
        "Net Income Continuous Operations": NaN,
        "Tax Provision": NaN,
        "Pretax Income": NaN,
        "Other Income Expense": NaN,
        "Special Income Charges": NaN,
        "Other Special Charges": 2837000.0,
        "Restructuring And Mergern Acquisition": NaN,
        "Gain On Sale Of Security": 17000.0,
        "Net Non Operating Interest Income Expense": NaN,
        "Total Other Finance Cost": NaN,
        "Interest Expense Non Operating": NaN,
        "Interest Income Non Operating": NaN,
        "Operating Income": NaN,
        "Operating Expense": NaN,
        "Depreciation Amortization Depletion Income Statement": NaN,
        "Depreciation And Amortization In Income Statement": NaN,
        "Amortization": NaN,
        "Amortization Of Intangibles Income Statement": NaN,
        "Research And Development": NaN,
        "Selling General And Administration": NaN,
        "Gross Profit": NaN,
        "Cost Of Revenue": NaN,
        "Total Revenue": NaN,
        "Operating Revenue": NaN
    },
    "2023-12-31": {
        "Tax Effect Of Unusual Items": NaN,
        "Tax Rate For Calcs": NaN,
        "Normalized EBITDA": NaN,
        "Total Unusual Items": NaN,
        "Total Unusual Items Excluding Goodwill": NaN,
        "Net Income From Continuing Operation Net Minority Interest": NaN,
        "Reconciled Depreciation": NaN,
        "Reconciled Cost Of Revenue": NaN,
        "EBITDA": NaN,
        "EBIT": NaN,
        "Net Interest Income": NaN,
        "Interest Expense": NaN,
        "Interest Income": NaN,
        "Normalized Income": NaN,
        "Net Income From Continuing And Discontinued Operation": NaN,
        "Total Expenses": NaN,
        "Total Operating Income As Reported": NaN,
        "Diluted Average Shares": NaN,
        "Basic Average Shares": NaN,
        "Diluted EPS": NaN,
        "Basic EPS": NaN,
        "Diluted NI Availto Com Stockholders": NaN,
        "Net Income Common Stockholders": NaN,
        "Net Income": NaN,
        "Net Income Including Noncontrolling Interests": NaN,
        "Net Income Continuous Operations": NaN,
        "Tax Provision": NaN,
        "Pretax Income": NaN,
        "Other Income Expense": 2126000.0,
        "Special Income Charges": NaN,
        "Other Special Charges": 0.0,
        "Restructuring And Mergern Acquisition": NaN,
        "Gain On Sale Of Security": -2000.0,
        "Net Non Operating Interest Income Expense": NaN,
        "Total Other Finance Cost": NaN,
        "Interest Expense Non Operating": NaN,
        "Interest Income Non Operating": NaN,
        "Operating Income": NaN,
        "Operating Expense": NaN,
        "Depreciation Amortization Depletion Income Statement": NaN,
        "Depreciation And Amortization In Income Statement": NaN,
        "Amortization": NaN,
        "Amortization Of Intangibles Income Statement": NaN,
        "Research And Development": NaN,
        "Selling General And Administration": NaN,
        "Gross Profit": NaN,
        "Cost Of Revenue": NaN,
        "Total Revenue": NaN,
        "Operating Revenue": NaN
    },
    "2024-03-31": {
        "Tax Effect Of Unusual Items": NaN,
        "Tax Rate For Calcs": NaN,
        "Normalized EBITDA": NaN,
        "Total Unusual Items": NaN,
        "Total Unusual Items Excluding Goodwill": NaN,
        "Net Income From Continuing Operation Net Minority Interest": NaN,
        "Reconciled Depreciation": NaN,
        "Reconciled Cost Of Revenue": NaN,
        "EBITDA": NaN,
        "EBIT": NaN,
        "Net Interest Income": NaN,
        "Interest Expense": NaN,
        "Interest Income": NaN,
        "Normalized Income": NaN,
        "Net Income From Continuing And Discontinued Operation": NaN,
        "Total Expenses": NaN,
        "Total Operating Income As Reported": NaN,
        "Diluted Average Shares": NaN,
        "Basic Average Shares": NaN,
        "Diluted EPS": NaN,
        "Basic EPS": NaN,
        "Diluted NI Availto Com Stockholders": NaN,
        "Net Income Common Stockholders": NaN,
        "Net Income": NaN,
        "Net Income Including Noncontrolling Interests": NaN,
        "Net Income Continuous Operations": NaN,
        "Tax Provision": NaN,
        "Pretax Income": NaN,
        "Other Income Expense": 681000.0,
        "Special Income Charges": NaN,
        "Other Special Charges": 2690000.0,
        "Restructuring And Mergern Acquisition": NaN,
        "Gain On Sale Of Security": 4000.0,
        "Net Non Operating Interest Income Expense": NaN,
        "Total Other Finance Cost": 2690000.0,
        "Interest Expense Non Operating": NaN,
        "Interest Income Non Operating": NaN,
        "Operating Income": NaN,
        "Operating Expense": NaN,
        "Depreciation Amortization Depletion Income Statement": NaN,
        "Depreciation And Amortization In Income Statement": NaN,
        "Amortization": NaN,
        "Amortization Of Intangibles Income Statement": NaN,
        "Research And Development": NaN,
        "Selling General And Administration": NaN,
        "Gross Profit": NaN,
        "Cost Of Revenue": NaN,
        "Total Revenue": NaN,
        "Operating Revenue": NaN
    },
    "2024-06-30": {
        "Tax Effect Of Unusual Items": NaN,
        "Tax Rate For Calcs": NaN,
        "Normalized EBITDA": NaN,
        "Total Unusual Items": NaN,
        "Total Unusual Items Excluding Goodwill": NaN,
        "Net Income From Continuing Operation Net Minority Interest": NaN,
        "Reconciled Depreciation": NaN,
        "Reconciled Cost Of Revenue": NaN,
        "EBITDA": NaN,
        "EBIT": NaN,
        "Net Interest Income": NaN,
        "Interest Expense": NaN,
        "Interest Income": NaN,
        "Normalized Income": NaN,
        "Net Income From Continuing And Discontinued Operation": NaN,
        "Total Expenses": NaN,
        "Total Operating Income As Reported": NaN,
        "Diluted Average Shares": NaN,
        "Basic Average Shares": NaN,
        "Diluted EPS": NaN,
        "Basic EPS": NaN,
        "Diluted NI Availto Com Stockholders": NaN,
        "Net Income Common Stockholders": NaN,
        "Net Income": NaN,
        "Net Income Including Noncontrolling Interests": NaN,
        "Net Income Continuous Operations": NaN,
        "Tax Provision": NaN,
        "Pretax Income": NaN,
        "Other Income Expense": 604000.0,
        "Special Income Charges": NaN,
        "Other Special Charges": NaN,
        "Restructuring And Mergern Acquisition": NaN,
        "Gain On Sale Of Security": 3000.0,
        "Net Non Operating Interest Income Expense": NaN,
        "Total Other Finance Cost": NaN,
        "Interest Expense Non Operating": NaN,
        "Interest Income Non Operating": NaN,
        "Operating Income": NaN,
        "Operating Expense": NaN,
        "Depreciation Amortization Depletion Income Statement": NaN,
        "Depreciation And Amortization In Income Statement": NaN,
        "Amortization": NaN,
        "Amortization Of Intangibles Income Statement": NaN,
        "Research And Development": NaN,
        "Selling General And Administration": NaN,
        "Gross Profit": NaN,
        "Cost Of Revenue": NaN,
        "Total Revenue": NaN,
        "Operating Revenue": NaN
    },
    "2024-09-30": {
        "Tax Effect Of Unusual Items": 73238.904627,
        "Tax Rate For Calcs": 0.174378,
        "Normalized EBITDA": -8572000.0,
        "Total Unusual Items": 420000.0,
        "Total Unusual Items Excluding Goodwill": 420000.0,
        "Net Income From Continuing Operation Net Minority Interest": -15738000.0,
        "Reconciled Depreciation": 3124000.0,
        "Reconciled Cost Of Revenue": 13180000.0,
        "EBITDA": -8152000.0,
        "EBIT": -11276000.0,
        "Net Interest Income": -6589000.0,
        "Interest Expense": 7786000.0,
        "Interest Income": 1197000.0,
        "Normalized Income": -16084761.095373,
        "Net Income From Continuing And Discontinued Operation": -15738000.0,
        "Total Expenses": 67161000.0,
        "Total Operating Income As Reported": -12893000.0,
        "Diluted Average Shares": 148993823.0,
        "Basic Average Shares": 148993823.0,
        "Diluted EPS": -0.11,
        "Basic EPS": -0.11,
        "Diluted NI Availto Com Stockholders": -15738000.0,
        "Net Income Common Stockholders": -15738000.0,
        "Net Income": -15738000.0,
        "Net Income Including Noncontrolling Interests": -15738000.0,
        "Net Income Continuous Operations": -15738000.0,
        "Tax Provision": -3324000.0,
        "Pretax Income": -19062000.0,
        "Other Income Expense": 420000.0,
        "Special Income Charges": 420000.0,
        "Other Special Charges": NaN,
        "Restructuring And Mergern Acquisition": -420000.0,
        "Gain On Sale Of Security": NaN,
        "Net Non Operating Interest Income Expense": -6589000.0,
        "Total Other Finance Cost": NaN,
        "Interest Expense Non Operating": 7786000.0,
        "Interest Income Non Operating": 1197000.0,
        "Operating Income": -12893000.0,
        "Operating Expense": 53568000.0,
        "Depreciation Amortization Depletion Income Statement": 2711000.0,
        "Depreciation And Amortization In Income Statement": 2711000.0,
        "Amortization": 2711000.0,
        "Amortization Of Intangibles Income Statement": 2711000.0,
        "Research And Development": 5888000.0,
        "Selling General And Administration": 44969000.0,
        "Gross Profit": 40675000.0,
        "Cost Of Revenue": 13593000.0,
        "Total Revenue": 54268000.0,
        "Operating Revenue": 54268000.0
    },
    "2024-12-31": {
        "Tax Effect Of Unusual Items": 0.0,
        "Tax Rate For Calcs": 0.0,
        "Normalized EBITDA": 5722000.0,
        "Total Unusual Items": 1000.0,
        "Total Unusual Items Excluding Goodwill": 1000.0,
        "Net Income From Continuing Operation Net Minority Interest": -5113000.0,
        "Reconciled Depreciation": 3133000.0,
        "Reconciled Cost Of Revenue": 9056000.0,
        "EBITDA": 5723000.0,
        "EBIT": 2590000.0,
        "Net Interest Income": -6793000.0,
        "Interest Expense": 7703000.0,
        "Interest Income": 910000.0,
        "Normalized Income": -5114000.0,
        "Net Income From Continuing And Discontinued Operation": -5113000.0,
        "Total Expenses": 58420000.0,
        "Total Operating Income As Reported": 1679000.0,
        "Diluted Average Shares": 149092881.0,
        "Basic Average Shares": 149092881.0,
        "Diluted EPS": -0.03,
        "Basic EPS": -0.03,
        "Diluted NI Availto Com Stockholders": -5113000.0,
        "Net Income Common Stockholders": -5113000.0,
        "Net Income": -5113000.0,
        "Net Income Including Noncontrolling Interests": -5113000.0,
        "Net Income Continuous Operations": -5113000.0,
        "Tax Provision": 0.0,
        "Pretax Income": -5113000.0,
        "Other Income Expense": 1000.0,
        "Special Income Charges": 0.0,
        "Other Special Charges": 0.0,
        "Restructuring And Mergern Acquisition": 0.0,
        "Gain On Sale Of Security": 1000.0,
        "Net Non Operating Interest Income Expense": -6793000.0,
        "Total Other Finance Cost": 0.0,
        "Interest Expense Non Operating": 7703000.0,
        "Interest Income Non Operating": 910000.0,
        "Operating Income": 1679000.0,
        "Operating Expense": 48942000.0,
        "Depreciation Amortization Depletion Income Statement": 2711000.0,
        "Depreciation And Amortization In Income Statement": 2711000.0,
        "Amortization": 2711000.0,
        "Amortization Of Intangibles Income Statement": 2711000.0,
        "Research And Development": 6092000.0,
        "Selling General And Administration": 40139000.0,
        "Gross Profit": 50621000.0,
        "Cost Of Revenue": 9478000.0,
        "Total Revenue": 60099000.0,
        "Operating Revenue": 60099000.0
    },
    "2025-03-31": {
        "Tax Effect Of Unusual Items": 0.0,
        "Tax Rate For Calcs": 0.0,
        "Normalized EBITDA": 1228000.0,
        "Total Unusual Items": 0.0,
        "Total Unusual Items Excluding Goodwill": 0.0,
        "Net Income From Continuing Operation Net Minority Interest": -9220000.0,
        "Reconciled Depreciation": 3143000.0,
        "Reconciled Cost Of Revenue": 8295000.0,
        "EBITDA": 1228000.0,
        "EBIT": -1915000.0,
        "Net Interest Income": -6130000.0,
        "Interest Expense": 7305000.0,
        "Interest Income": 1175000.0,
        "Normalized Income": -9220000.0,
        "Net Income From Continuing And Discontinued Operation": -9220000.0,
        "Total Expenses": 63209000.0,
        "Total Operating Income As Reported": -3090000.0,
        "Diluted Average Shares": 152445935.0,
        "Basic Average Shares": 152445935.0,
        "Diluted EPS": -0.06,
        "Basic EPS": -0.06,
        "Diluted NI Availto Com Stockholders": -9220000.0,
        "Net Income Common Stockholders": -9220000.0,
        "Net Income": -9220000.0,
        "Net Income Including Noncontrolling Interests": -9220000.0,
        "Net Income Continuous Operations": -9220000.0,
        "Tax Provision": 0.0,
        "Pretax Income": -9220000.0,
        "Other Income Expense": NaN,
        "Special Income Charges": 0.0,
        "Other Special Charges": NaN,
        "Restructuring And Mergern Acquisition": 0.0,
        "Gain On Sale Of Security": NaN,
        "Net Non Operating Interest Income Expense": -6130000.0,
        "Total Other Finance Cost": NaN,
        "Interest Expense Non Operating": 7305000.0,
        "Interest Income Non Operating": 1175000.0,
        "Operating Income": -3090000.0,
        "Operating Expense": 54481000.0,
        "Depreciation Amortization Depletion Income Statement": 2710000.0,
        "Depreciation And Amortization In Income Statement": 2710000.0,
        "Amortization": 2710000.0,
        "Amortization Of Intangibles Income Statement": 2710000.0,
        "Research And Development": 7753000.0,
        "Selling General And Administration": 44018000.0,
        "Gross Profit": 51391000.0,
        "Cost Of Revenue": 8728000.0,
        "Total Revenue": 60119000.0,
        "Operating Revenue": 60119000.0
    },
    "2025-06-30": {
        "Tax Effect Of Unusual Items": 0.0,
        "Tax Rate For Calcs": 0.0,
        "Normalized EBITDA": 8594000.0,
        "Total Unusual Items": 0.0,
        "Total Unusual Items Excluding Goodwill": 0.0,
        "Net Income From Continuing Operation Net Minority Interest": -1928000.0,
        "Reconciled Depreciation": 3164000.0,
        "Reconciled Cost Of Revenue": 11445000.0,
        "EBITDA": 8594000.0,
        "EBIT": 5430000.0,
        "Net Interest Income": -6410000.0,
        "Interest Expense": 7358000.0,
        "Interest Income": 948000.0,
        "Normalized Income": -1928000.0,
        "Net Income From Continuing And Discontinued Operation": -1928000.0,
        "Total Expenses": 67057000.0,
        "Total Operating Income As Reported": 4482000.0,
        "Diluted Average Shares": 159459413.0,
        "Basic Average Shares": 159459413.0,
        "Diluted EPS": -0.01,
        "Basic EPS": -0.01,
        "Diluted NI Availto Com Stockholders": -1928000.0,
        "Net Income Common Stockholders": -1928000.0,
        "Net Income": -1928000.0,
        "Net Income Including Noncontrolling Interests": -1928000.0,
        "Net Income Continuous Operations": -1928000.0,
        "Tax Provision": 0.0,
        "Pretax Income": -1928000.0,
        "Other Income Expense": NaN,
        "Special Income Charges": 0.0,
        "Other Special Charges": NaN,
        "Restructuring And Mergern Acquisition": 0.0,
        "Gain On Sale Of Security": NaN,
        "Net Non Operating Interest Income Expense": -6410000.0,
        "Total Other Finance Cost": NaN,
        "Interest Expense Non Operating": 7358000.0,
        "Interest Income Non Operating": 948000.0,
        "Operating Income": 4482000.0,
        "Operating Expense": 55159000.0,
        "Depreciation Amortization Depletion Income Statement": 2711000.0,
        "Depreciation And Amortization In Income Statement": 2711000.0,
        "Amortization": 2711000.0,
        "Amortization Of Intangibles Income Statement": 2711000.0,
        "Research And Development": 8055000.0,
        "Selling General And Administration": 44393000.0,
        "Gross Profit": 59641000.0,
        "Cost Of Revenue": 11898000.0,
        "Total Revenue": 71539000.0,
        "Operating Revenue": 71539000.0
    },
    "2025-09-30": {
        "Tax Effect Of Unusual Items": 0.0,
        "Tax Rate For Calcs": 0.0,
        "Normalized EBITDA": 11078000.0,
        "Total Unusual Items": 0.0,
        "Total Unusual Items Excluding Goodwill": 0.0,
        "Net Income From Continuing Operation Net Minority Interest": 621000.0,
        "Reconciled Depreciation": 3189000.0,
        "Reconciled Cost Of Revenue": 10518000.0,
        "EBITDA": 11078000.0,
        "EBIT": 7889000.0,
        "Net Interest Income": -6110000.0,
        "Interest Expense": 7268000.0,
        "Interest Income": 1158000.0,
        "Normalized Income": 621000.0,
        "Net Income From Continuing And Discontinued Operation": 621000.0,
        "Total Expenses": 67649000.0,
        "Total Operating Income As Reported": 6731000.0,
        "Diluted Average Shares": 177617307.0,
        "Basic Average Shares": 177617307.0,
        "Diluted EPS": 0.0,
        "Basic EPS": 0.0,
        "Diluted NI Availto Com Stockholders": 621000.0,
        "Net Income Common Stockholders": 621000.0,
        "Net Income": 621000.0,
        "Net Income Including Noncontrolling Interests": 621000.0,
        "Net Income Continuous Operations": 621000.0,
        "Tax Provision": 0.0,
        "Pretax Income": 621000.0,
        "Other Income Expense": NaN,
        "Special Income Charges": 0.0,
        "Other Special Charges": NaN,
        "Restructuring And Mergern Acquisition": 0.0,
        "Gain On Sale Of Security": NaN,
        "Net Non Operating Interest Income Expense": -6110000.0,
        "Total Other Finance Cost": NaN,
        "Interest Expense Non Operating": 7268000.0,
        "Interest Income Non Operating": 1158000.0,
        "Operating Income": 6731000.0,
        "Operating Expense": 56653000.0,
        "Depreciation Amortization Depletion Income Statement": 2711000.0,
        "Depreciation And Amortization In Income Statement": 2711000.0,
        "Amortization": 2711000.0,
        "Amortization Of Intangibles Income Statement": 2711000.0,
        "Research And Development": 7483000.0,
        "Selling General And Administration": 46459000.0,
        "Gross Profit": 63384000.0,
        "Cost Of Revenue": 10996000.0,
        "Total Revenue": 74380000.0,
        "Operating Revenue": 74380000.0
    }
}