{
    "2024-09-30": {
        "Tax Effect Of Unusual Items": 2940000.0,
        "Tax Rate For Calcs": 0.21,
        "Normalized EBITDA": 257000000.0,
        "Total Unusual Items": 14000000.0,
        "Total Unusual Items Excluding Goodwill": 14000000.0,
        "Net Income From Continuing Operation Net Minority Interest": -40000000.0,
        "Reconciled Depreciation": 159000000.0,
        "Reconciled Cost Of Revenue": 107000000.0,
        "EBITDA": 271000000.0,
        "EBIT": 112000000.0,
        "Net Interest Income": -165000000.0,
        "Interest Expense": 165000000.0,
        "Normalized Income": -51060000.0,
        "Net Income From Continuing And Discontinued Operation": -40000000.0,
        "Total Expenses": 284000000.0,
        "Total Operating Income As Reported": 49000000.0,
        "Diluted Average Shares": 93500000.0,
        "Basic Average Shares": 93500000.0,
        "Diluted EPS": -0.43,
        "Basic EPS": -0.43,
        "Diluted NI Availto Com Stockholders": -40000000.0,
        "Net Income Common Stockholders": -40000000.0,
        "Net Income": -40000000.0,
        "Minority Interests": 43000000.0,
        "Net Income Including Noncontrolling Interests": -83000000.0,
        "Net Income Discontinuous Operations": 0.0,
        "Net Income Continuous Operations": -83000000.0,
        "Tax Provision": 30000000.0,
        "Pretax Income": -53000000.0,
        "Other Income Expense": 77000000.0,
        "Other Non Operating Income Expenses": 4000000.0,
        "Special Income Charges": 14000000.0,
        "Gain On Sale Of Business": 14000000.0,
        "Impairment Of Capital Assets": NaN,
        "Earnings From Equity Interest": 59000000.0,
        "Net Non Operating Interest Income Expense": -165000000.0,
        "Interest Expense Non Operating": 165000000.0,
        "Operating Income": 35000000.0,
        "Operating Expense": 156000000.0,
        "Other Taxes": 18000000.0,
        "Depreciation Amortization Depletion Income Statement": 138000000.0,
        "Depreciation And Amortization In Income Statement": 138000000.0,
        "Gross Profit": 191000000.0,
        "Cost Of Revenue": 128000000.0,
        "Total Revenue": 319000000.0,
        "Operating Revenue": 319000000.0
    },
    "2024-06-30": {
        "Tax Effect Of Unusual Items": NaN,
        "Tax Rate For Calcs": NaN,
        "Normalized EBITDA": NaN,
        "Total Unusual Items": NaN,
        "Total Unusual Items Excluding Goodwill": NaN,
        "Net Income From Continuing Operation Net Minority Interest": NaN,
        "Reconciled Depreciation": NaN,
        "Reconciled Cost Of Revenue": NaN,
        "EBITDA": NaN,
        "EBIT": NaN,
        "Net Interest Income": NaN,
        "Interest Expense": NaN,
        "Normalized Income": NaN,
        "Net Income From Continuing And Discontinued Operation": NaN,
        "Total Expenses": NaN,
        "Total Operating Income As Reported": NaN,
        "Diluted Average Shares": NaN,
        "Basic Average Shares": NaN,
        "Diluted EPS": NaN,
        "Basic EPS": NaN,
        "Diluted NI Availto Com Stockholders": NaN,
        "Net Income Common Stockholders": NaN,
        "Net Income": NaN,
        "Minority Interests": NaN,
        "Net Income Including Noncontrolling Interests": NaN,
        "Net Income Discontinuous Operations": 0.0,
        "Net Income Continuous Operations": NaN,
        "Tax Provision": NaN,
        "Pretax Income": NaN,
        "Other Income Expense": NaN,
        "Other Non Operating Income Expenses": NaN,
        "Special Income Charges": NaN,
        "Gain On Sale Of Business": -1000000.0,
        "Impairment Of Capital Assets": 0.0,
        "Earnings From Equity Interest": NaN,
        "Net Non Operating Interest Income Expense": NaN,
        "Interest Expense Non Operating": NaN,
        "Operating Income": NaN,
        "Operating Expense": NaN,
        "Other Taxes": NaN,
        "Depreciation Amortization Depletion Income Statement": NaN,
        "Depreciation And Amortization In Income Statement": NaN,
        "Gross Profit": NaN,
        "Cost Of Revenue": NaN,
        "Total Revenue": NaN,
        "Operating Revenue": NaN
    },
    "2024-03-31": {
        "Tax Effect Of Unusual Items": NaN,
        "Tax Rate For Calcs": NaN,
        "Normalized EBITDA": NaN,
        "Total Unusual Items": NaN,
        "Total Unusual Items Excluding Goodwill": NaN,
        "Net Income From Continuing Operation Net Minority Interest": NaN,
        "Reconciled Depreciation": NaN,
        "Reconciled Cost Of Revenue": NaN,
        "EBITDA": NaN,
        "EBIT": NaN,
        "Net Interest Income": NaN,
        "Interest Expense": NaN,
        "Normalized Income": NaN,
        "Net Income From Continuing And Discontinued Operation": NaN,
        "Total Expenses": NaN,
        "Total Operating Income As Reported": NaN,
        "Diluted Average Shares": NaN,
        "Basic Average Shares": NaN,
        "Diluted EPS": NaN,
        "Basic EPS": NaN,
        "Diluted NI Availto Com Stockholders": NaN,
        "Net Income Common Stockholders": NaN,
        "Net Income": NaN,
        "Minority Interests": NaN,
        "Net Income Including Noncontrolling Interests": NaN,
        "Net Income Discontinuous Operations": 0.0,
        "Net Income Continuous Operations": NaN,
        "Tax Provision": NaN,
        "Pretax Income": NaN,
        "Other Income Expense": NaN,
        "Other Non Operating Income Expenses": NaN,
        "Special Income Charges": NaN,
        "Gain On Sale Of Business": NaN,
        "Impairment Of Capital Assets": 0.0,
        "Earnings From Equity Interest": NaN,
        "Net Non Operating Interest Income Expense": NaN,
        "Interest Expense Non Operating": NaN,
        "Operating Income": NaN,
        "Operating Expense": NaN,
        "Other Taxes": NaN,
        "Depreciation Amortization Depletion Income Statement": NaN,
        "Depreciation And Amortization In Income Statement": NaN,
        "Gross Profit": NaN,
        "Cost Of Revenue": NaN,
        "Total Revenue": NaN,
        "Operating Revenue": NaN
    },
    "2023-12-31": {
        "Tax Effect Of Unusual Items": NaN,
        "Tax Rate For Calcs": NaN,
        "Normalized EBITDA": NaN,
        "Total Unusual Items": NaN,
        "Total Unusual Items Excluding Goodwill": NaN,
        "Net Income From Continuing Operation Net Minority Interest": NaN,
        "Reconciled Depreciation": NaN,
        "Reconciled Cost Of Revenue": NaN,
        "EBITDA": NaN,
        "EBIT": NaN,
        "Net Interest Income": NaN,
        "Interest Expense": NaN,
        "Normalized Income": NaN,
        "Net Income From Continuing And Discontinued Operation": NaN,
        "Total Expenses": NaN,
        "Total Operating Income As Reported": NaN,
        "Diluted Average Shares": NaN,
        "Basic Average Shares": NaN,
        "Diluted EPS": NaN,
        "Basic EPS": NaN,
        "Diluted NI Availto Com Stockholders": NaN,
        "Net Income Common Stockholders": NaN,
        "Net Income": NaN,
        "Minority Interests": NaN,
        "Net Income Including Noncontrolling Interests": NaN,
        "Net Income Discontinuous Operations": NaN,
        "Net Income Continuous Operations": NaN,
        "Tax Provision": NaN,
        "Pretax Income": NaN,
        "Other Income Expense": NaN,
        "Other Non Operating Income Expenses": NaN,
        "Special Income Charges": NaN,
        "Gain On Sale Of Business": 0.0,
        "Impairment Of Capital Assets": NaN,
        "Earnings From Equity Interest": NaN,
        "Net Non Operating Interest Income Expense": NaN,
        "Interest Expense Non Operating": NaN,
        "Operating Income": NaN,
        "Operating Expense": NaN,
        "Other Taxes": NaN,
        "Depreciation Amortization Depletion Income Statement": NaN,
        "Depreciation And Amortization In Income Statement": NaN,
        "Gross Profit": NaN,
        "Cost Of Revenue": NaN,
        "Total Revenue": NaN,
        "Operating Revenue": NaN
    },
    "2023-09-30": {
        "Tax Effect Of Unusual Items": NaN,
        "Tax Rate For Calcs": NaN,
        "Normalized EBITDA": NaN,
        "Total Unusual Items": NaN,
        "Total Unusual Items Excluding Goodwill": NaN,
        "Net Income From Continuing Operation Net Minority Interest": NaN,
        "Reconciled Depreciation": NaN,
        "Reconciled Cost Of Revenue": NaN,
        "EBITDA": NaN,
        "EBIT": NaN,
        "Net Interest Income": NaN,
        "Interest Expense": NaN,
        "Interest Income": 24000000.0,
        "Normalized Income": NaN,
        "Net Income From Continuing And Discontinued Operation": NaN,
        "Total Expenses": NaN,
        "Total Operating Income As Reported": NaN,
        "Diluted Average Shares": NaN,
        "Basic Average Shares": NaN,
        "Diluted EPS": NaN,
        "Basic EPS": NaN,
        "Diluted NI Availto Com Stockholders": NaN,
        "Net Income Common Stockholders": NaN,
        "Net Income": NaN,
        "Minority Interests": NaN,
        "Net Income Including Noncontrolling Interests": NaN,
        "Net Income Discontinuous Operations": 32000000.0,
        "Net Income Continuous Operations": NaN,
        "Tax Provision": NaN,
        "Pretax Income": NaN,
        "Other Income Expense": NaN,
        "Other Non Operating Income Expenses": NaN,
        "Special Income Charges": NaN,
        "Gain On Sale Of Business": 0.0,
        "Impairment Of Capital Assets": NaN,
        "Earnings From Equity Interest": NaN,
        "Net Non Operating Interest Income Expense": NaN,
        "Interest Expense Non Operating": NaN,
        "Interest Income Non Operating": 24000000.0,
        "Operating Income": NaN,
        "Operating Expense": NaN,
        "Other Taxes": NaN,
        "Depreciation Amortization Depletion Income Statement": NaN,
        "Depreciation And Amortization In Income Statement": NaN,
        "Gross Profit": NaN,
        "Cost Of Revenue": NaN,
        "Total Revenue": NaN,
        "Operating Revenue": NaN
    },
    "2023-06-30": {
        "Tax Effect Of Unusual Items": NaN,
        "Tax Rate For Calcs": NaN,
        "Normalized EBITDA": NaN,
        "Total Unusual Items": 0.0,
        "Total Unusual Items Excluding Goodwill": 0.0,
        "Net Income From Continuing Operation Net Minority Interest": NaN,
        "Reconciled Depreciation": NaN,
        "Reconciled Cost Of Revenue": NaN,
        "EBITDA": NaN,
        "EBIT": NaN,
        "Net Interest Income": NaN,
        "Interest Expense": NaN,
        "Interest Income": NaN,
        "Normalized Income": NaN,
        "Net Income From Continuing And Discontinued Operation": NaN,
        "Total Expenses": NaN,
        "Total Operating Income As Reported": NaN,
        "Diluted Average Shares": NaN,
        "Basic Average Shares": NaN,
        "Diluted EPS": NaN,
        "Basic EPS": NaN,
        "Diluted NI Availto Com Stockholders": NaN,
        "Net Income Common Stockholders": NaN,
        "Net Income": NaN,
        "Minority Interests": NaN,
        "Net Income Including Noncontrolling Interests": NaN,
        "Net Income Discontinuous Operations": NaN,
        "Net Income Continuous Operations": NaN,
        "Tax Provision": NaN,
        "Pretax Income": NaN,
        "Other Income Expense": NaN,
        "Other Non Operating Income Expenses": NaN,
        "Special Income Charges": 0.0,
        "Gain On Sale Of Business": 0.0,
        "Earnings From Equity Interest": NaN,
        "Net Non Operating Interest Income Expense": NaN,
        "Interest Expense Non Operating": NaN,
        "Interest Income Non Operating": NaN,
        "Operating Income": NaN,
        "Operating Expense": NaN,
        "Other Taxes": NaN,
        "Depreciation Amortization Depletion Income Statement": NaN,
        "Depreciation And Amortization In Income Statement": NaN,
        "Gross Profit": NaN,
        "Cost Of Revenue": NaN,
        "Total Revenue": NaN,
        "Operating Revenue": NaN
    },
    "2024-12-31": {
        "Tax Effect Of Unusual Items": -95833333.333333,
        "Tax Rate For Calcs": 0.166667,
        "Normalized EBITDA": 166000000.0,
        "Total Unusual Items": -575000000.0,
        "Total Unusual Items Excluding Goodwill": -575000000.0,
        "Net Income From Continuing Operation Net Minority Interest": -114000000.0,
        "Reconciled Depreciation": 158000000.0,
        "Reconciled Cost Of Revenue": 95000000.0,
        "EBITDA": -409000000.0,
        "EBIT": -567000000.0,
        "Net Interest Income": 63000000.0,
        "Interest Expense": -63000000.0,
        "Normalized Income": 365166666.666667,
        "Net Income From Continuing And Discontinued Operation": -114000000.0,
        "Total Expenses": 271000000.0,
        "Total Operating Income As Reported": -552000000.0,
        "Diluted Average Shares": 93500000.0,
        "Basic Average Shares": 93500000.0,
        "Diluted EPS": -1.08,
        "Basic EPS": -1.08,
        "Diluted NI Availto Com Stockholders": -114000000.0,
        "Net Income Common Stockholders": -114000000.0,
        "Net Income": -114000000.0,
        "Minority Interests": 306000000.0,
        "Net Income Including Noncontrolling Interests": -420000000.0,
        "Net Income Discontinuous Operations": 0.0,
        "Net Income Continuous Operations": -420000000.0,
        "Tax Provision": -84000000.0,
        "Pretax Income": -504000000.0,
        "Other Income Expense": -590000000.0,
        "Other Non Operating Income Expenses": 2000000.0,
        "Special Income Charges": -575000000.0,
        "Gain On Sale Of Business": 0.0,
        "Impairment Of Capital Assets": NaN,
        "Earnings From Equity Interest": -17000000.0,
        "Net Non Operating Interest Income Expense": 63000000.0,
        "Interest Expense Non Operating": -63000000.0,
        "Operating Income": 23000000.0,
        "Operating Expense": 156000000.0,
        "Other Taxes": 18000000.0,
        "Depreciation Amortization Depletion Income Statement": 138000000.0,
        "Depreciation And Amortization In Income Statement": 138000000.0,
        "Gross Profit": 179000000.0,
        "Cost Of Revenue": 115000000.0,
        "Total Revenue": 294000000.0,
        "Operating Revenue": 294000000.0
    },
    "2025-03-31": {
        "Tax Effect Of Unusual Items": -30360000.0,
        "Tax Rate For Calcs": 0.12,
        "Normalized EBITDA": 195000000.0,
        "Total Unusual Items": -253000000.0,
        "Total Unusual Items Excluding Goodwill": -253000000.0,
        "Net Income From Continuing Operation Net Minority Interest": -98000000.0,
        "Reconciled Depreciation": 156000000.0,
        "Reconciled Cost Of Revenue": 90000000.0,
        "EBITDA": -58000000.0,
        "EBIT": -214000000.0,
        "Net Interest Income": -159000000.0,
        "Interest Expense": 159000000.0,
        "Normalized Income": 124640000.0,
        "Net Income From Continuing And Discontinued Operation": -98000000.0,
        "Total Expenses": 262000000.0,
        "Total Operating Income As Reported": -233000000.0,
        "Diluted Average Shares": 93700000.0,
        "Basic Average Shares": 93700000.0,
        "Diluted EPS": -1.05,
        "Basic EPS": -1.05,
        "Diluted NI Availto Com Stockholders": -98000000.0,
        "Net Income Common Stockholders": -98000000.0,
        "Net Income": -98000000.0,
        "Minority Interests": 230000000.0,
        "Net Income Including Noncontrolling Interests": -328000000.0,
        "Net Income Discontinuous Operations": NaN,
        "Net Income Continuous Operations": -328000000.0,
        "Tax Provision": -45000000.0,
        "Pretax Income": -373000000.0,
        "Other Income Expense": -234000000.0,
        "Other Non Operating Income Expenses": 2000000.0,
        "Special Income Charges": -253000000.0,
        "Gain On Sale Of Business": NaN,
        "Impairment Of Capital Assets": 253000000.0,
        "Earnings From Equity Interest": 17000000.0,
        "Net Non Operating Interest Income Expense": -159000000.0,
        "Interest Expense Non Operating": 159000000.0,
        "Operating Income": 20000000.0,
        "Operating Expense": 152000000.0,
        "Other Taxes": 16000000.0,
        "Depreciation Amortization Depletion Income Statement": 136000000.0,
        "Depreciation And Amortization In Income Statement": 136000000.0,
        "Gross Profit": 172000000.0,
        "Cost Of Revenue": 110000000.0,
        "Total Revenue": 282000000.0,
        "Operating Revenue": 282000000.0
    },
    "2025-06-30": {
        "Tax Effect Of Unusual Items": 1890000.0,
        "Tax Rate For Calcs": 0.21,
        "Normalized EBITDA": 279000000.0,
        "Total Unusual Items": 9000000.0,
        "Total Unusual Items Excluding Goodwill": 9000000.0,
        "Net Income From Continuing Operation Net Minority Interest": 79000000.0,
        "Reconciled Depreciation": 162000000.0,
        "Reconciled Cost Of Revenue": 81000000.0,
        "EBITDA": 288000000.0,
        "EBIT": 126000000.0,
        "Net Interest Income": -131000000.0,
        "Interest Expense": 131000000.0,
        "Normalized Income": 71890000.0,
        "Net Income From Continuing And Discontinued Operation": 79000000.0,
        "Total Expenses": 261000000.0,
        "Total Operating Income As Reported": 90000000.0,
        "Diluted Average Shares": 94000000.0,
        "Basic Average Shares": 94000000.0,
        "Diluted EPS": 0.84,
        "Basic EPS": 0.84,
        "Diluted NI Availto Com Stockholders": 79000000.0,
        "Net Income Common Stockholders": 79000000.0,
        "Net Income": 79000000.0,
        "Minority Interests": 43000000.0,
        "Net Income Including Noncontrolling Interests": 36000000.0,
        "Net Income Discontinuous Operations": NaN,
        "Net Income Continuous Operations": 36000000.0,
        "Tax Provision": -41000000.0,
        "Pretax Income": -5000000.0,
        "Other Income Expense": 45000000.0,
        "Other Non Operating Income Expenses": 8000000.0,
        "Special Income Charges": 9000000.0,
        "Gain On Sale Of Business": 9000000.0,
        "Impairment Of Capital Assets": 0.0,
        "Earnings From Equity Interest": 28000000.0,
        "Net Non Operating Interest Income Expense": -131000000.0,
        "Interest Expense Non Operating": 131000000.0,
        "Operating Income": 81000000.0,
        "Operating Expense": 159000000.0,
        "Other Taxes": 18000000.0,
        "Depreciation Amortization Depletion Income Statement": 141000000.0,
        "Depreciation And Amortization In Income Statement": 141000000.0,
        "Gross Profit": 240000000.0,
        "Cost Of Revenue": 102000000.0,
        "Total Revenue": 342000000.0,
        "Operating Revenue": 342000000.0
    },
    "2025-09-30": {
        "Tax Effect Of Unusual Items": -420000.0,
        "Tax Rate For Calcs": 0.21,
        "Normalized EBITDA": 240000000.0,
        "Total Unusual Items": -2000000.0,
        "Total Unusual Items Excluding Goodwill": -2000000.0,
        "Net Income From Continuing Operation Net Minority Interest": -34000000.0,
        "Reconciled Depreciation": 162000000.0,
        "Reconciled Cost Of Revenue": 131000000.0,
        "EBITDA": 238000000.0,
        "EBIT": 76000000.0,
        "Net Interest Income": -94000000.0,
        "Interest Expense": 94000000.0,
        "Normalized Income": -32420000.0,
        "Net Income From Continuing And Discontinued Operation": -37000000.0,
        "Total Expenses": 308000000.0,
        "Total Operating Income As Reported": 5000000.0,
        "Diluted Average Shares": 94000000.0,
        "Basic Average Shares": 94000000.0,
        "Diluted EPS": -0.4,
        "Basic EPS": -0.4,
        "Diluted NI Availto Com Stockholders": -37000000.0,
        "Net Income Common Stockholders": -37000000.0,
        "Net Income": -37000000.0,
        "Minority Interests": 27000000.0,
        "Net Income Including Noncontrolling Interests": -64000000.0,
        "Net Income Discontinuous Operations": -3000000.0,
        "Net Income Continuous Operations": -61000000.0,
        "Tax Provision": 43000000.0,
        "Pretax Income": -18000000.0,
        "Other Income Expense": 69000000.0,
        "Other Non Operating Income Expenses": 5000000.0,
        "Special Income Charges": -2000000.0,
        "Gain On Sale Of Business": -2000000.0,
        "Impairment Of Capital Assets": 0.0,
        "Earnings From Equity Interest": 66000000.0,
        "Net Non Operating Interest Income Expense": -94000000.0,
        "Interest Expense Non Operating": 94000000.0,
        "Operating Income": 7000000.0,
        "Operating Expense": 157000000.0,
        "Other Taxes": 15000000.0,
        "Depreciation Amortization Depletion Income Statement": 142000000.0,
        "Depreciation And Amortization In Income Statement": 142000000.0,
        "Gross Profit": 164000000.0,
        "Cost Of Revenue": 151000000.0,
        "Total Revenue": 315000000.0,
        "Operating Revenue": 315000000.0
    }
}