{
    "2023-06-30": {
        "Tax Effect Of Unusual Items": NaN,
        "Tax Rate For Calcs": NaN,
        "Normalized EBITDA": NaN,
        "Net Income From Continuing Operation Net Minority Interest": NaN,
        "Reconciled Depreciation": NaN,
        "Reconciled Cost Of Revenue": NaN,
        "EBITDA": NaN,
        "EBIT": NaN,
        "Net Interest Income": NaN,
        "Interest Expense": NaN,
        "Normalized Income": NaN,
        "Net Income From Continuing And Discontinued Operation": NaN,
        "Total Expenses": NaN,
        "Diluted Average Shares": NaN,
        "Basic Average Shares": NaN,
        "Diluted EPS": NaN,
        "Basic EPS": NaN,
        "Diluted NI Availto Com Stockholders": NaN,
        "Net Income Common Stockholders": NaN,
        "Net Income": NaN,
        "Minority Interests": NaN,
        "Net Income Including Noncontrolling Interests": NaN,
        "Net Income Continuous Operations": NaN,
        "Tax Provision": NaN,
        "Pretax Income": NaN,
        "Other Income Expense": NaN,
        "Other Non Operating Income Expenses": NaN,
        "Earnings From Equity Interest": NaN,
        "Net Non Operating Interest Income Expense": NaN,
        "Interest Expense Non Operating": NaN,
        "Operating Income": NaN,
        "Operating Expense": NaN,
        "Other Operating Expenses": NaN,
        "Other Taxes": NaN,
        "Selling General And Administration": NaN,
        "General And Administrative Expense": NaN,
        "Other Gand A": NaN,
        "Salaries And Wages": 164000000.0,
        "Gross Profit": NaN,
        "Cost Of Revenue": NaN,
        "Total Revenue": NaN,
        "Operating Revenue": NaN
    },
    "2023-03-31": {
        "Tax Effect Of Unusual Items": 0.0,
        "Tax Rate For Calcs": 0.34,
        "Normalized EBITDA": 21206000000.0,
        "Net Income From Continuing Operation Net Minority Interest": 11430000000.0,
        "Reconciled Depreciation": 4244000000.0,
        "Reconciled Cost Of Revenue": 59683000000.0,
        "EBITDA": 21206000000.0,
        "EBIT": 16962000000.0,
        "Net Interest Income": -159000000.0,
        "Interest Expense": 159000000.0,
        "Normalized Income": 11430000000.0,
        "Net Income From Continuing And Discontinued Operation": 11430000000.0,
        "Total Expenses": 69602000000.0,
        "Diluted Average Shares": 4102000000.0,
        "Basic Average Shares": 4102000000.0,
        "Diluted EPS": 2.79,
        "Basic EPS": 2.79,
        "Diluted NI Availto Com Stockholders": 11430000000.0,
        "Net Income Common Stockholders": 11430000000.0,
        "Net Income": 11430000000.0,
        "Minority Interests": -413000000.0,
        "Net Income Including Noncontrolling Interests": 11843000000.0,
        "Net Income Continuous Operations": 11843000000.0,
        "Tax Provision": 4960000000.0,
        "Pretax Income": 16803000000.0,
        "Other Income Expense": 2920000000.0,
        "Other Non Operating Income Expenses": 539000000.0,
        "Earnings From Equity Interest": 2381000000.0,
        "Net Non Operating Interest Income Expense": -159000000.0,
        "Interest Expense Non Operating": 159000000.0,
        "Operating Income": 14042000000.0,
        "Operating Expense": 9919000000.0,
        "Other Operating Expenses": 141000000.0,
        "Other Taxes": 7221000000.0,
        "Selling General And Administration": 2557000000.0,
        "General And Administrative Expense": 2557000000.0,
        "Other Gand A": 2390000000.0,
        "Salaries And Wages": 167000000.0,
        "Gross Profit": 23961000000.0,
        "Cost Of Revenue": 59683000000.0,
        "Total Revenue": 83644000000.0,
        "Operating Revenue": 83644000000.0
    },
    "2022-12-31": {
        "Tax Effect Of Unusual Items": 0.0,
        "Tax Rate For Calcs": 0.307133,
        "Normalized EBITDA": 24113000000.0,
        "Net Income From Continuing Operation Net Minority Interest": 12750000000.0,
        "Reconciled Depreciation": 5064000000.0,
        "Reconciled Cost Of Revenue": 66190000000.0,
        "EBITDA": 24113000000.0,
        "EBIT": 19049000000.0,
        "Net Interest Income": -207000000.0,
        "Interest Expense": 207000000.0,
        "Normalized Income": 12750000000.0,
        "Net Income From Continuing And Discontinued Operation": 12750000000.0,
        "Total Expenses": 76380000000.0,
        "Diluted Average Shares": 4138000000.0,
        "Basic Average Shares": 4126213592.0,
        "Diluted EPS": 3.09,
        "Basic EPS": 3.09,
        "Diluted NI Availto Com Stockholders": 12750000000.0,
        "Net Income Common Stockholders": 12750000000.0,
        "Net Income": 12750000000.0,
        "Minority Interests": -305000000.0,
        "Net Income Including Noncontrolling Interests": 13055000000.0,
        "Net Income Continuous Operations": 13055000000.0,
        "Tax Provision": 5787000000.0,
        "Pretax Income": 18842000000.0,
        "Other Income Expense": 2265000000.0,
        "Other Non Operating Income Expenses": 1660000000.0,
        "Earnings From Equity Interest": 605000000.0,
        "Net Non Operating Interest Income Expense": -207000000.0,
        "Interest Expense Non Operating": 207000000.0,
        "Operating Income": 16784000000.0,
        "Operating Expense": 10190000000.0,
        "Other Operating Expenses": 348000000.0,
        "Other Taxes": 6910000000.0,
        "Selling General And Administration": 2932000000.0,
        "General And Administrative Expense": 2932000000.0,
        "Other Gand A": 2832000000.0,
        "Salaries And Wages": 100000000.0,
        "Gross Profit": 26974000000.0,
        "Cost Of Revenue": 66190000000.0,
        "Total Revenue": 93164000000.0,
        "Operating Revenue": 93164000000.0
    },
    "2022-09-30": {
        "Tax Effect Of Unusual Items": 0.0,
        "Tax Rate For Calcs": 0.205491,
        "Normalized EBITDA": 31273000000.0,
        "Net Income From Continuing Operation Net Minority Interest": 19660000000.0,
        "Reconciled Depreciation": 5642000000.0,
        "Reconciled Cost Of Revenue": 77156000000.0,
        "EBITDA": 31273000000.0,
        "EBIT": 25631000000.0,
        "Net Interest Income": -209000000.0,
        "Interest Expense": 209000000.0,
        "Normalized Income": 19660000000.0,
        "Net Income From Continuing And Discontinued Operation": 19660000000.0,
        "Total Expenses": 86439000000.0,
        "Diluted Average Shares": 4185000000.0,
        "Basic Average Shares": 4185000000.0,
        "Diluted EPS": 4.68,
        "Basic EPS": 4.68,
        "Diluted NI Availto Com Stockholders": 19660000000.0,
        "Net Income Common Stockholders": 19660000000.0,
        "Net Income": 19660000000.0,
        "Minority Interests": -538000000.0,
        "Net Income Including Noncontrolling Interests": 20198000000.0,
        "Net Income Continuous Operations": 20198000000.0,
        "Tax Provision": 5224000000.0,
        "Pretax Income": 25422000000.0,
        "Other Income Expense": 5558000000.0,
        "Other Non Operating Income Expenses": 926000000.0,
        "Earnings From Equity Interest": 4632000000.0,
        "Net Non Operating Interest Income Expense": -209000000.0,
        "Interest Expense Non Operating": 209000000.0,
        "Operating Income": 20073000000.0,
        "Operating Expense": 9283000000.0,
        "Other Operating Expenses": 218000000.0,
        "Other Taxes": 6587000000.0,
        "Selling General And Administration": 2478000000.0,
        "General And Administrative Expense": 2478000000.0,
        "Other Gand A": 2324000000.0,
        "Salaries And Wages": 154000000.0,
        "Gross Profit": 29356000000.0,
        "Cost Of Revenue": 77156000000.0,
        "Total Revenue": 106512000000.0,
        "Operating Revenue": 106512000000.0
    },
    "2022-06-30": {
        "Tax Effect Of Unusual Items": 0.0,
        "Tax Rate For Calcs": 0.31,
        "Normalized EBITDA": 29578000000.0,
        "Net Income From Continuing Operation Net Minority Interest": 17850000000.0,
        "Reconciled Depreciation": 4451000000.0,
        "Reconciled Cost Of Revenue": 80750000000.0,
        "EBITDA": 29578000000.0,
        "EBIT": 25127000000.0,
        "Net Interest Income": -194000000.0,
        "Interest Expense": 194000000.0,
        "Normalized Income": 17850000000.0,
        "Net Income From Continuing And Discontinued Operation": 17850000000.0,
        "Total Expenses": 90554000000.0,
        "Diluted Average Shares": 4233000000.0,
        "Basic Average Shares": 4233000000.0,
        "Diluted EPS": 4.21,
        "Basic EPS": 4.21,
        "Diluted NI Availto Com Stockholders": 17850000000.0,
        "Net Income Common Stockholders": 17850000000.0,
        "Net Income": 17850000000.0,
        "Minority Interests": -724000000.0,
        "Net Income Including Noncontrolling Interests": 18574000000.0,
        "Net Income Continuous Operations": 18574000000.0,
        "Tax Provision": 6359000000.0,
        "Pretax Income": 24933000000.0,
        "Other Income Expense": 4416000000.0,
        "Other Non Operating Income Expenses": 728000000.0,
        "Earnings From Equity Interest": 3688000000.0,
        "Net Non Operating Interest Income Expense": -194000000.0,
        "Interest Expense Non Operating": 194000000.0,
        "Operating Income": 20711000000.0,
        "Operating Expense": 9804000000.0,
        "Other Operating Expenses": 286000000.0,
        "Other Taxes": 6868000000.0,
        "Selling General And Administration": 2650000000.0,
        "General And Administrative Expense": 2650000000.0,
        "Other Gand A": 2530000000.0,
        "Salaries And Wages": 120000000.0,
        "Gross Profit": 30515000000.0,
        "Cost Of Revenue": 80750000000.0,
        "Total Revenue": 111265000000.0,
        "Operating Revenue": 111265000000.0
    },
    "2022-03-31": {
        "Diluted EPS": 1.28,
        "Total Revenue": NaN,
        "Gross Profit": NaN,
        "Operating Income": NaN,
        "EBIT": NaN,
        "Net Income": NaN
    },
    "2021-12-31": {
        "Diluted EPS": 2.08,
        "Total Revenue": NaN,
        "Gross Profit": NaN,
        "Operating Income": NaN,
        "EBIT": NaN,
        "Net Income": NaN
    },
    "2021-09-30": {
        "Diluted EPS": 1.57,
        "Total Revenue": NaN,
        "Gross Profit": NaN,
        "Operating Income": NaN,
        "EBIT": NaN,
        "Net Income": NaN
    },
    "2021-06-30": {
        "Diluted EPS": 1.1,
        "Total Revenue": NaN,
        "Gross Profit": NaN,
        "Operating Income": NaN,
        "EBIT": NaN,
        "Net Income": NaN
    },
    "2021-03-31": {
        "Diluted EPS": 0.64,
        "Total Revenue": NaN,
        "Gross Profit": NaN,
        "Operating Income": NaN,
        "EBIT": NaN,
        "Net Income": NaN
    },
    "2020-12-31": {
        "Diluted EPS": -4.7,
        "Total Revenue": NaN,
        "Gross Profit": NaN,
        "Operating Income": NaN,
        "EBIT": NaN,
        "Net Income": NaN
    },
    "2020-09-30": {
        "Diluted EPS": -0.15,
        "Total Revenue": NaN,
        "Gross Profit": NaN,
        "Operating Income": -372,
        "EBIT": NaN,
        "Net Income": -680
    },
    "2020-06-30": {
        "Diluted EPS": -0.26,
        "Total Revenue": NaN,
        "Gross Profit": NaN,
        "Operating Income": NaN,
        "EBIT": NaN,
        "Net Income": NaN
    },
    "2020-03-31": {
        "Diluted EPS": -0.14,
        "Total Revenue": NaN,
        "Gross Profit": NaN,
        "Operating Income": -258,
        "EBIT": NaN,
        "Net Income": -610
    },
    "2019-12-31": {
        "Diluted EPS": 1.33,
        "Total Revenue": NaN,
        "Gross Profit": NaN,
        "Operating Income": NaN,
        "EBIT": NaN,
        "Net Income": NaN
    },
    "2019-09-30": {
        "Diluted EPS": 0.75,
        "Total Revenue": NaN,
        "Gross Profit": NaN,
        "Operating Income": NaN,
        "EBIT": NaN,
        "Net Income": NaN
    },
    "2019-06-30": {
        "Diluted EPS": 0.73,
        "Total Revenue": NaN,
        "Gross Profit": NaN,
        "Operating Income": NaN,
        "EBIT": NaN,
        "Net Income": NaN
    },
    "2019-03-31": {
        "Diluted EPS": 0.55,
        "Total Revenue": NaN,
        "Gross Profit": NaN,
        "Operating Income": NaN,
        "EBIT": NaN,
        "Net Income": NaN
    },
    "2018-12-31": {
        "Diluted EPS": 1.41,
        "Total Revenue": NaN,
        "Gross Profit": NaN,
        "Operating Income": NaN,
        "EBIT": NaN,
        "Net Income": NaN
    },
    "2018-09-30": {
        "Diluted EPS": 1.46,
        "Total Revenue": NaN,
        "Gross Profit": NaN,
        "Operating Income": NaN,
        "EBIT": NaN,
        "Net Income": NaN
    },
    "2018-06-30": {
        "Diluted EPS": 0.92,
        "Total Revenue": NaN,
        "Gross Profit": NaN,
        "Operating Income": NaN,
        "EBIT": NaN,
        "Net Income": NaN
    },
    "2018-03-31": {
        "Diluted EPS": 1.09,
        "Total Revenue": NaN,
        "Gross Profit": NaN,
        "Operating Income": NaN,
        "EBIT": NaN,
        "Net Income": NaN
    },
    "2017-12-31": {
        "Diluted EPS": 1.97,
        "Total Revenue": NaN,
        "Gross Profit": NaN,
        "Operating Income": NaN,
        "EBIT": NaN,
        "Net Income": NaN
    },
    "2017-09-30": {
        "Diluted EPS": 0.93,
        "Total Revenue": NaN,
        "Gross Profit": NaN,
        "Operating Income": NaN,
        "EBIT": NaN,
        "Net Income": NaN
    },
    "2017-06-30": {
        "Diluted EPS": 0.78,
        "Total Revenue": NaN,
        "Gross Profit": NaN,
        "Operating Income": NaN,
        "EBIT": NaN,
        "Net Income": NaN
    },
    "2017-03-31": {
        "Diluted EPS": 0.95,
        "Total Revenue": NaN,
        "Gross Profit": NaN,
        "Operating Income": NaN,
        "EBIT": NaN,
        "Net Income": NaN
    },
    "2016-12-31": {
        "Diluted EPS": 0.41,
        "Total Revenue": NaN,
        "Gross Profit": NaN,
        "Operating Income": 617,
        "EBIT": NaN,
        "Net Income": NaN
    },
    "2016-09-30": {
        "Diluted EPS": 0.63,
        "Total Revenue": NaN,
        "Gross Profit": NaN,
        "Operating Income": NaN,
        "EBIT": NaN,
        "Net Income": NaN
    },
    "2016-06-30": {
        "Diluted EPS": 0.41,
        "Total Revenue": NaN,
        "Gross Profit": NaN,
        "Operating Income": NaN,
        "EBIT": NaN,
        "Net Income": NaN
    },
    "2016-03-31": {
        "Diluted EPS": 0.43,
        "Total Revenue": NaN,
        "Gross Profit": NaN,
        "Operating Income": NaN,
        "EBIT": NaN,
        "Net Income": NaN
    },
    "2015-12-31": {
        "Diluted EPS": 0.67,
        "Total Revenue": NaN,
        "Gross Profit": NaN,
        "Operating Income": NaN,
        "EBIT": NaN,
        "Net Income": NaN
    },
    "2015-09-30": {
        "Diluted EPS": 1.01,
        "Total Revenue": NaN,
        "Gross Profit": NaN,
        "Operating Income": NaN,
        "EBIT": NaN,
        "Net Income": NaN
    },
    "2015-06-30": {
        "Diluted EPS": 1.0,
        "Total Revenue": NaN,
        "Gross Profit": NaN,
        "Operating Income": NaN,
        "EBIT": NaN,
        "Net Income": NaN
    },
    "2015-03-31": {
        "Diluted EPS": 1.17,
        "Total Revenue": NaN,
        "Gross Profit": NaN,
        "Operating Income": NaN,
        "EBIT": NaN,
        "Net Income": NaN
    },
    "2014-12-31": {
        "Diluted EPS": 1.56,
        "Total Revenue": NaN,
        "Gross Profit": NaN,
        "Operating Income": NaN,
        "EBIT": NaN,
        "Net Income": NaN
    },
    "2014-09-30": {
        "Diluted EPS": 1.89,
        "Total Revenue": NaN,
        "Gross Profit": NaN,
        "Operating Income": NaN,
        "EBIT": NaN,
        "Net Income": NaN
    },
    "2014-06-30": {
        "Diluted EPS": 2.05,
        "Total Revenue": NaN,
        "Gross Profit": NaN,
        "Operating Income": NaN,
        "EBIT": NaN,
        "Net Income": NaN
    },
    "2014-03-31": {
        "Diluted EPS": 2.1,
        "Total Revenue": NaN,
        "Gross Profit": NaN,
        "Operating Income": NaN,
        "EBIT": NaN,
        "Net Income": NaN
    },
    "2013-12-31": {
        "Diluted EPS": 1.91,
        "Total Revenue": NaN,
        "Gross Profit": NaN,
        "Operating Income": NaN,
        "EBIT": NaN,
        "Net Income": NaN
    },
    "2013-09-30": {
        "Diluted EPS": 1.79,
        "Total Revenue": NaN,
        "Gross Profit": NaN,
        "Operating Income": NaN,
        "EBIT": NaN,
        "Net Income": NaN
    },
    "2013-06-30": {
        "Diluted EPS": 1.55,
        "Total Revenue": NaN,
        "Gross Profit": NaN,
        "Operating Income": NaN,
        "EBIT": NaN,
        "Net Income": NaN
    },
    "2013-03-31": {
        "Diluted EPS": 2.12,
        "Total Revenue": NaN,
        "Gross Profit": NaN,
        "Operating Income": NaN,
        "EBIT": NaN,
        "Net Income": NaN
    },
    "2012-12-31": {
        "Diluted EPS": 2.2,
        "Total Revenue": NaN,
        "Gross Profit": NaN,
        "Operating Income": NaN,
        "EBIT": NaN,
        "Net Income": NaN
    },
    "2012-09-30": {
        "Diluted EPS": 2.09,
        "Total Revenue": NaN,
        "Gross Profit": NaN,
        "Operating Income": NaN,
        "EBIT": NaN,
        "Net Income": NaN
    },
    "2012-06-30": {
        "Diluted EPS": 3.41,
        "Total Revenue": NaN,
        "Gross Profit": NaN,
        "Operating Income": NaN,
        "EBIT": NaN,
        "Net Income": NaN
    },
    "2012-03-31": {
        "Diluted EPS": 2.0,
        "Total Revenue": NaN,
        "Gross Profit": NaN,
        "Operating Income": NaN,
        "EBIT": NaN,
        "Net Income": NaN
    },
    "2011-12-31": {
        "Diluted EPS": 1.97,
        "Total Revenue": NaN,
        "Gross Profit": NaN,
        "Operating Income": NaN,
        "EBIT": NaN,
        "Net Income": NaN
    },
    "2011-09-30": {
        "Diluted EPS": 2.13,
        "Total Revenue": NaN,
        "Gross Profit": NaN,
        "Operating Income": NaN,
        "EBIT": NaN,
        "Net Income": NaN
    },
    "2011-06-30": {
        "Diluted EPS": 2.18,
        "Total Revenue": NaN,
        "Gross Profit": NaN,
        "Operating Income": NaN,
        "EBIT": NaN,
        "Net Income": NaN
    },
    "2011-03-31": {
        "Diluted EPS": 2.14,
        "Total Revenue": NaN,
        "Gross Profit": NaN,
        "Operating Income": NaN,
        "EBIT": NaN,
        "Net Income": NaN
    },
    "2010-12-31": {
        "Diluted EPS": 1.85,
        "Total Revenue": NaN,
        "Gross Profit": NaN,
        "Operating Income": NaN,
        "EBIT": NaN,
        "Net Income": NaN
    },
    "2010-09-30": {
        "Diluted EPS": 1.44,
        "Total Revenue": NaN,
        "Gross Profit": NaN,
        "Operating Income": NaN,
        "EBIT": NaN,
        "Net Income": NaN
    },
    "2010-06-30": {
        "Diluted EPS": 1.6,
        "Total Revenue": NaN,
        "Gross Profit": NaN,
        "Operating Income": NaN,
        "EBIT": NaN,
        "Net Income": NaN
    },
    "2010-03-31": {
        "Diluted EPS": 1.33,
        "Total Revenue": NaN,
        "Gross Profit": NaN,
        "Operating Income": NaN,
        "EBIT": NaN,
        "Net Income": NaN
    },
    "2009-12-31": {
        "Diluted EPS": 1.27,
        "Total Revenue": NaN,
        "Gross Profit": NaN,
        "Operating Income": NaN,
        "EBIT": NaN,
        "Net Income": NaN
    },
    "2009-09-30": {
        "Diluted EPS": 0.98,
        "Total Revenue": NaN,
        "Gross Profit": NaN,
        "Operating Income": NaN,
        "EBIT": NaN,
        "Net Income": NaN
    },
    "2009-06-30": {
        "Diluted EPS": 0.81,
        "Total Revenue": NaN,
        "Gross Profit": NaN,
        "Operating Income": NaN,
        "EBIT": NaN,
        "Net Income": NaN
    },
    "2009-03-31": {
        "Diluted EPS": 0.92,
        "Total Revenue": NaN,
        "Gross Profit": NaN,
        "Operating Income": NaN,
        "EBIT": NaN,
        "Net Income": NaN
    },
    "2023-09-30": {
        "Tax Effect Of Unusual Items": NaN,
        "Tax Rate For Calcs": NaN,
        "Normalized EBITDA": NaN,
        "Net Income From Continuing Operation Net Minority Interest": NaN,
        "Reconciled Depreciation": NaN,
        "Reconciled Cost Of Revenue": NaN,
        "EBITDA": NaN,
        "EBIT": NaN,
        "Net Interest Income": NaN,
        "Interest Expense": NaN,
        "Normalized Income": NaN,
        "Net Income From Continuing And Discontinued Operation": NaN,
        "Total Expenses": NaN,
        "Diluted Average Shares": NaN,
        "Basic Average Shares": NaN,
        "Diluted EPS": NaN,
        "Basic EPS": NaN,
        "Diluted NI Availto Com Stockholders": NaN,
        "Net Income Common Stockholders": NaN,
        "Net Income": NaN,
        "Minority Interests": NaN,
        "Net Income Including Noncontrolling Interests": NaN,
        "Net Income Continuous Operations": NaN,
        "Tax Provision": NaN,
        "Pretax Income": NaN,
        "Other Income Expense": NaN,
        "Other Non Operating Income Expenses": NaN,
        "Earnings From Equity Interest": NaN,
        "Net Non Operating Interest Income Expense": NaN,
        "Interest Expense Non Operating": NaN,
        "Operating Income": NaN,
        "Operating Expense": NaN,
        "Other Operating Expenses": NaN,
        "Other Taxes": NaN,
        "Selling General And Administration": NaN,
        "General And Administrative Expense": NaN,
        "Other Gand A": NaN,
        "Salaries And Wages": 166000000.0,
        "Gross Profit": NaN,
        "Cost Of Revenue": NaN,
        "Total Revenue": NaN,
        "Operating Revenue": NaN
    },
    "2023-12-31": {
        "Tax Effect Of Unusual Items": NaN,
        "Tax Rate For Calcs": NaN,
        "Normalized EBITDA": NaN,
        "Net Income From Continuing Operation Net Minority Interest": NaN,
        "Reconciled Depreciation": NaN,
        "Reconciled Cost Of Revenue": NaN,
        "EBITDA": NaN,
        "EBIT": NaN,
        "Net Interest Income": NaN,
        "Interest Expense": NaN,
        "Normalized Income": NaN,
        "Net Income From Continuing And Discontinued Operation": NaN,
        "Total Expenses": NaN,
        "Diluted Average Shares": NaN,
        "Basic Average Shares": NaN,
        "Diluted EPS": NaN,
        "Basic EPS": NaN,
        "Diluted NI Availto Com Stockholders": NaN,
        "Net Income Common Stockholders": NaN,
        "Net Income": NaN,
        "Minority Interests": NaN,
        "Net Income Including Noncontrolling Interests": NaN,
        "Net Income Continuous Operations": NaN,
        "Tax Provision": NaN,
        "Pretax Income": NaN,
        "Other Income Expense": NaN,
        "Other Non Operating Income Expenses": NaN,
        "Earnings From Equity Interest": NaN,
        "Net Non Operating Interest Income Expense": NaN,
        "Interest Expense Non Operating": NaN,
        "Operating Income": NaN,
        "Operating Expense": NaN,
        "Other Operating Expenses": NaN,
        "Other Taxes": NaN,
        "Selling General And Administration": NaN,
        "General And Administrative Expense": NaN,
        "Other Gand A": NaN,
        "Salaries And Wages": 217000000.0,
        "Gross Profit": NaN,
        "Cost Of Revenue": NaN,
        "Total Revenue": NaN,
        "Operating Revenue": NaN
    },
    "2024-03-31": {
        "Tax Effect Of Unusual Items": 0.0,
        "Tax Rate For Calcs": 0.36,
        "Normalized EBITDA": 17402000000.0,
        "Net Income From Continuing Operation Net Minority Interest": 8220000000.0,
        "Reconciled Depreciation": 4812000000.0,
        "Reconciled Cost Of Revenue": 61504000000.0,
        "EBITDA": 17402000000.0,
        "EBIT": 12590000000.0,
        "Net Interest Income": -221000000.0,
        "Interest Expense": 221000000.0,
        "Normalized Income": 8220000000.0,
        "Net Income From Continuing And Discontinued Operation": 8220000000.0,
        "Total Expenses": 70470000000.0,
        "Diluted Average Shares": 3998000000.0,
        "Basic Average Shares": 3990291262.0,
        "Diluted EPS": 2.06,
        "Basic EPS": 2.06,
        "Diluted NI Availto Com Stockholders": 8220000000.0,
        "Net Income Common Stockholders": 8220000000.0,
        "Net Income": 8220000000.0,
        "Minority Interests": -346000000.0,
        "Net Income Including Noncontrolling Interests": 8566000000.0,
        "Net Income Continuous Operations": 8566000000.0,
        "Tax Provision": 3803000000.0,
        "Pretax Income": 12369000000.0,
        "Other Income Expense": 2649000000.0,
        "Other Non Operating Income Expenses": 807000000.0,
        "Earnings From Equity Interest": 1842000000.0,
        "Net Non Operating Interest Income Expense": -221000000.0,
        "Interest Expense Non Operating": 221000000.0,
        "Operating Income": 9941000000.0,
        "Operating Expense": 8966000000.0,
        "Other Operating Expenses": 148000000.0,
        "Other Taxes": 6323000000.0,
        "Selling General And Administration": 2495000000.0,
        "General And Administrative Expense": 2495000000.0,
        "Other Gand A": 2495000000.0,
        "Salaries And Wages": 23000000.0,
        "Gross Profit": 18907000000.0,
        "Cost Of Revenue": 61504000000.0,
        "Total Revenue": 80411000000.0,
        "Operating Revenue": 80411000000.0
    },
    "2024-06-30": {
        "Tax Effect Of Unusual Items": 0.0,
        "Tax Rate For Calcs": 0.34,
        "Normalized EBITDA": 19723000000.0,
        "Net Income From Continuing Operation Net Minority Interest": 9240000000.0,
        "Reconciled Depreciation": 5787000000.0,
        "Reconciled Cost Of Revenue": 69790000000.0,
        "EBITDA": 19723000000.0,
        "EBIT": 13936000000.0,
        "Net Interest Income": -271000000.0,
        "Interest Expense": 271000000.0,
        "Normalized Income": 9240000000.0,
        "Net Income From Continuing And Discontinued Operation": 9240000000.0,
        "Total Expenses": 79090000000.0,
        "Diluted Average Shares": 4317757009.0,
        "Basic Average Shares": 4317757009.0,
        "Diluted EPS": 2.14,
        "Basic EPS": 2.14,
        "Diluted NI Availto Com Stockholders": 9240000000.0,
        "Net Income Common Stockholders": 9240000000.0,
        "Net Income": 9240000000.0,
        "Minority Interests": -331000000.0,
        "Net Income Including Noncontrolling Interests": 9571000000.0,
        "Net Income Continuous Operations": 9571000000.0,
        "Tax Provision": 4094000000.0,
        "Pretax Income": 13665000000.0,
        "Other Income Expense": 3040000000.0,
        "Other Non Operating Income Expenses": 1296000000.0,
        "Earnings From Equity Interest": 1744000000.0,
        "Net Non Operating Interest Income Expense": -271000000.0,
        "Interest Expense Non Operating": 271000000.0,
        "Operating Income": 10896000000.0,
        "Operating Expense": 9300000000.0,
        "Other Operating Expenses": 153000000.0,
        "Other Taxes": 6579000000.0,
        "Selling General And Administration": 2568000000.0,
        "General And Administrative Expense": 2568000000.0,
        "Other Gand A": 2568000000.0,
        "Salaries And Wages": 34000000.0,
        "Gross Profit": 20196000000.0,
        "Cost Of Revenue": 69790000000.0,
        "Total Revenue": 89986000000.0,
        "Operating Revenue": 89986000000.0
    },
    "2024-09-30": {
        "Tax Effect Of Unusual Items": 0.0,
        "Tax Rate For Calcs": 0.35,
        "Normalized EBITDA": 19491000000.0,
        "Net Income From Continuing Operation Net Minority Interest": 8610000000.0,
        "Reconciled Depreciation": 6258000000.0,
        "Reconciled Cost Of Revenue": 67400000000.0,
        "EBITDA": 19491000000.0,
        "EBIT": 13233000000.0,
        "Net Interest Income": -207000000.0,
        "Interest Expense": 207000000.0,
        "Normalized Income": 8610000000.0,
        "Net Income From Continuing And Discontinued Operation": 8610000000.0,
        "Total Expenses": 76750000000.0,
        "Diluted Average Shares": 4484375000.0,
        "Basic Average Shares": 4484375000.0,
        "Diluted EPS": 1.92,
        "Basic EPS": 1.92,
        "Diluted NI Availto Com Stockholders": 8610000000.0,
        "Net Income Common Stockholders": 8610000000.0,
        "Net Income": 8610000000.0,
        "Minority Interests": -361000000.0,
        "Net Income Including Noncontrolling Interests": 8971000000.0,
        "Net Income Continuous Operations": 8971000000.0,
        "Tax Provision": 4055000000.0,
        "Pretax Income": 13026000000.0,
        "Other Income Expense": 2191000000.0,
        "Other Non Operating Income Expenses": 710000000.0,
        "Earnings From Equity Interest": 1481000000.0,
        "Net Non Operating Interest Income Expense": -207000000.0,
        "Interest Expense Non Operating": 207000000.0,
        "Operating Income": 11042000000.0,
        "Operating Expense": 9350000000.0,
        "Other Operating Expenses": 339000000.0,
        "Other Taxes": 6715000000.0,
        "Selling General And Administration": 2296000000.0,
        "General And Administrative Expense": 2296000000.0,
        "Other Gand A": 2296000000.0,
        "Salaries And Wages": NaN,
        "Gross Profit": 20392000000.0,
        "Cost Of Revenue": 67400000000.0,
        "Total Revenue": 87792000000.0,
        "Operating Revenue": 87792000000.0
    },
    "2024-12-31": {
        "Tax Effect Of Unusual Items": 0.0,
        "Tax Rate For Calcs": 0.189341,
        "Normalized EBITDA": 16695000000.0,
        "Net Income From Continuing Operation Net Minority Interest": 7610000000.0,
        "Reconciled Depreciation": 6585000000.0,
        "Reconciled Cost Of Revenue": 63811000000.0,
        "EBITDA": 16695000000.0,
        "EBIT": 10110000000.0,
        "Net Interest Income": -297000000.0,
        "Interest Expense": 297000000.0,
        "Normalized Income": 7610000000.0,
        "Net Income From Continuing And Discontinued Operation": 7610000000.0,
        "Total Expenses": 73285000000.0,
        "Diluted Average Shares": 4424418605.0,
        "Basic Average Shares": 4424418605.0,
        "Diluted EPS": 1.72,
        "Basic EPS": 1.72,
        "Diluted NI Availto Com Stockholders": 7610000000.0,
        "Net Income Common Stockholders": 7610000000.0,
        "Net Income": 7610000000.0,
        "Minority Interests": -345000000.0,
        "Net Income Including Noncontrolling Interests": 7955000000.0,
        "Net Income Continuous Operations": 7955000000.0,
        "Tax Provision": 1858000000.0,
        "Pretax Income": 9813000000.0,
        "Other Income Expense": 2337000000.0,
        "Other Non Operating Income Expenses": 1210000000.0,
        "Earnings From Equity Interest": 1127000000.0,
        "Net Non Operating Interest Income Expense": -297000000.0,
        "Interest Expense Non Operating": 297000000.0,
        "Operating Income": 7773000000.0,
        "Operating Expense": 9474000000.0,
        "Other Operating Expenses": 186000000.0,
        "Other Taxes": 6671000000.0,
        "Selling General And Administration": 2617000000.0,
        "General And Administrative Expense": 2617000000.0,
        "Other Gand A": 2617000000.0,
        "Salaries And Wages": NaN,
        "Gross Profit": 17247000000.0,
        "Cost Of Revenue": 63811000000.0,
        "Total Revenue": 81058000000.0,
        "Operating Revenue": 81058000000.0
    },
    "2025-03-31": {
        "Tax Effect Of Unusual Items": 0.0,
        "Tax Rate For Calcs": 0.34,
        "Normalized EBITDA": 17507000000.0,
        "Net Income From Continuing Operation Net Minority Interest": 7713000000.0,
        "Reconciled Depreciation": 5702000000.0,
        "Reconciled Cost Of Revenue": 62573000000.0,
        "EBITDA": 17507000000.0,
        "EBIT": 11805000000.0,
        "Net Interest Income": -205000000.0,
        "Interest Expense": 205000000.0,
        "Normalized Income": 7713000000.0,
        "Net Income From Continuing And Discontinued Operation": 7713000000.0,
        "Total Expenses": 71212000000.0,
        "Diluted Average Shares": 4372000000.0,
        "Basic Average Shares": 4372000000.0,
        "Diluted EPS": 1.76,
        "Basic EPS": 1.76,
        "Diluted NI Availto Com Stockholders": 7713000000.0,
        "Net Income Common Stockholders": 7713000000.0,
        "Net Income": 7713000000.0,
        "Minority Interests": -320000000.0,
        "Net Income Including Noncontrolling Interests": 8033000000.0,
        "Net Income Continuous Operations": 8033000000.0,
        "Tax Provision": 3567000000.0,
        "Pretax Income": 11600000000.0,
        "Other Income Expense": 1959000000.0,
        "Other Non Operating Income Expenses": 590000000.0,
        "Earnings From Equity Interest": 1369000000.0,
        "Net Non Operating Interest Income Expense": -205000000.0,
        "Interest Expense Non Operating": 205000000.0,
        "Operating Income": 9846000000.0,
        "Operating Expense": 8639000000.0,
        "Other Operating Expenses": 64000000.0,
        "Other Taxes": 6035000000.0,
        "Selling General And Administration": 2540000000.0,
        "General And Administrative Expense": 2540000000.0,
        "Other Gand A": 2540000000.0,
        "Salaries And Wages": NaN,
        "Gross Profit": 18485000000.0,
        "Cost Of Revenue": 62573000000.0,
        "Total Revenue": 81058000000.0,
        "Operating Revenue": 81058000000.0
    }
}