{
    "2023-03-31": {
        "Tax Effect Of Unusual Items": -31290.0,
        "Tax Rate For Calcs": 0.21,
        "Normalized EBITDA": -18497000.0,
        "Total Unusual Items": -149000.0,
        "Total Unusual Items Excluding Goodwill": -149000.0,
        "Net Income From Continuing Operation Net Minority Interest": -24331000.0,
        "Reconciled Depreciation": 1383000.0,
        "Reconciled Cost Of Revenue": 5574000.0,
        "EBITDA": -18646000.0,
        "EBIT": -20029000.0,
        "Normalized Income": -24213290.0,
        "Net Income From Continuing And Discontinued Operation": -24331000.0,
        "Total Expenses": 24726000.0,
        "Total Operating Income As Reported": -20029000.0,
        "Diluted Average Shares": 5628000.0,
        "Basic Average Shares": 5628000.0,
        "Diluted EPS": -4.32,
        "Basic EPS": -4.32,
        "Diluted NI Availto Com Stockholders": -24331000.0,
        "Average Dilution Earnings": NaN,
        "Net Income Common Stockholders": -24331000.0,
        "Net Income": -24331000.0,
        "Net Income Including Noncontrolling Interests": -24331000.0,
        "Net Income Continuous Operations": -24331000.0,
        "Tax Provision": 2000.0,
        "Pretax Income": -24329000.0,
        "Other Income Expense": -4300000.0,
        "Other Non Operating Income Expenses": -4151000.0,
        "Special Income Charges": -52000.0,
        "Write Off": NaN,
        "Restructuring And Mergern Acquisition": 52000.0,
        "Gain On Sale Of Security": -97000.0,
        "Operating Income": -20029000.0,
        "Operating Expense": 19152000.0,
        "Research And Development": 5749000.0,
        "Selling General And Administration": 13403000.0,
        "Selling And Marketing Expense": 1804000.0,
        "General And Administrative Expense": 11599000.0,
        "Other Gand A": 11599000.0,
        "Gross Profit": -877000.0,
        "Cost Of Revenue": 5574000.0,
        "Total Revenue": 4697000.0,
        "Operating Revenue": 4697000.0
    },
    "2022-12-31": {
        "Tax Effect Of Unusual Items": NaN,
        "Tax Rate For Calcs": NaN,
        "Normalized EBITDA": NaN,
        "Total Unusual Items": NaN,
        "Total Unusual Items Excluding Goodwill": NaN,
        "Net Income From Continuing Operation Net Minority Interest": NaN,
        "Reconciled Depreciation": NaN,
        "Reconciled Cost Of Revenue": NaN,
        "EBITDA": NaN,
        "EBIT": NaN,
        "Normalized Income": NaN,
        "Net Income From Continuing And Discontinued Operation": NaN,
        "Total Expenses": NaN,
        "Total Operating Income As Reported": NaN,
        "Diluted Average Shares": NaN,
        "Basic Average Shares": NaN,
        "Diluted EPS": NaN,
        "Basic EPS": NaN,
        "Diluted NI Availto Com Stockholders": NaN,
        "Average Dilution Earnings": NaN,
        "Net Income Common Stockholders": NaN,
        "Net Income": NaN,
        "Net Income Including Noncontrolling Interests": NaN,
        "Net Income Continuous Operations": NaN,
        "Tax Provision": NaN,
        "Pretax Income": NaN,
        "Other Income Expense": NaN,
        "Other Non Operating Income Expenses": NaN,
        "Special Income Charges": NaN,
        "Write Off": 0.0,
        "Restructuring And Mergern Acquisition": NaN,
        "Gain On Sale Of Security": NaN,
        "Operating Income": NaN,
        "Operating Expense": NaN,
        "Research And Development": NaN,
        "Selling General And Administration": NaN,
        "Selling And Marketing Expense": NaN,
        "General And Administrative Expense": NaN,
        "Other Gand A": NaN,
        "Gross Profit": NaN,
        "Cost Of Revenue": NaN,
        "Total Revenue": NaN,
        "Operating Revenue": NaN
    },
    "2022-09-30": {
        "Tax Effect Of Unusual Items": NaN,
        "Tax Rate For Calcs": NaN,
        "Normalized EBITDA": NaN,
        "Total Unusual Items": NaN,
        "Total Unusual Items Excluding Goodwill": NaN,
        "Net Income From Continuing Operation Net Minority Interest": NaN,
        "Reconciled Depreciation": NaN,
        "Reconciled Cost Of Revenue": NaN,
        "EBITDA": NaN,
        "EBIT": NaN,
        "Normalized Income": NaN,
        "Net Income From Continuing And Discontinued Operation": NaN,
        "Total Expenses": NaN,
        "Total Operating Income As Reported": NaN,
        "Diluted Average Shares": NaN,
        "Basic Average Shares": NaN,
        "Diluted EPS": NaN,
        "Basic EPS": NaN,
        "Diluted NI Availto Com Stockholders": NaN,
        "Average Dilution Earnings": -3014000.0,
        "Net Income Common Stockholders": NaN,
        "Net Income": NaN,
        "Net Income Including Noncontrolling Interests": NaN,
        "Net Income Continuous Operations": NaN,
        "Tax Provision": NaN,
        "Pretax Income": NaN,
        "Other Income Expense": NaN,
        "Other Non Operating Income Expenses": NaN,
        "Special Income Charges": NaN,
        "Write Off": 0.0,
        "Restructuring And Mergern Acquisition": NaN,
        "Gain On Sale Of Security": NaN,
        "Operating Income": NaN,
        "Operating Expense": NaN,
        "Research And Development": NaN,
        "Selling General And Administration": NaN,
        "Selling And Marketing Expense": NaN,
        "General And Administrative Expense": NaN,
        "Other Gand A": NaN,
        "Gross Profit": NaN,
        "Cost Of Revenue": NaN,
        "Total Revenue": NaN,
        "Operating Revenue": NaN
    },
    "2022-06-30": {
        "Tax Effect Of Unusual Items": 7429200.0,
        "Tax Rate For Calcs": 0.4,
        "Normalized EBITDA": -45632000.0,
        "Total Unusual Items": 18573000.0,
        "Total Unusual Items Excluding Goodwill": 18573000.0,
        "Net Income From Continuing Operation Net Minority Interest": -9467000.0,
        "Reconciled Depreciation": 754000.0,
        "Reconciled Cost Of Revenue": 14891000.0,
        "EBITDA": -27059000.0,
        "EBIT": -27813000.0,
        "Normalized Income": -20610800.0,
        "Net Income From Continuing And Discontinued Operation": -9467000.0,
        "Total Expenses": 37579000.0,
        "Total Operating Income As Reported": -27813000.0,
        "Diluted Average Shares": 164041000.0,
        "Basic Average Shares": 164041000.0,
        "Diluted EPS": -0.06,
        "Basic EPS": -0.06,
        "Diluted NI Availto Com Stockholders": -9467000.0,
        "Net Income Common Stockholders": -9467000.0,
        "Net Income": -9467000.0,
        "Net Income Including Noncontrolling Interests": -9467000.0,
        "Net Income Continuous Operations": -9467000.0,
        "Tax Provision": 1000.0,
        "Pretax Income": -9466000.0,
        "Other Income Expense": 18347000.0,
        "Other Non Operating Income Expenses": -226000.0,
        "Special Income Charges": 14870000.0,
        "Write Off": 0.0,
        "Restructuring And Mergern Acquisition": -14870000.0,
        "Gain On Sale Of Security": 3703000.0,
        "Operating Income": -27813000.0,
        "Operating Expense": 22688000.0,
        "Research And Development": 7635000.0,
        "Selling General And Administration": 15053000.0,
        "Selling And Marketing Expense": 2960000.0,
        "General And Administrative Expense": 12093000.0,
        "Other Gand A": 12093000.0,
        "Gross Profit": -5125000.0,
        "Cost Of Revenue": 14891000.0,
        "Total Revenue": 9766000.0,
        "Operating Revenue": 9766000.0
    },
    "2022-03-31": {
        "Diluted EPS": -0.15,
        "Total Revenue": 7,
        "Gross Profit": -6,
        "Operating Income": -26,
        "EBIT": -26,
        "Net Income": -24
    },
    "2021-12-31": {
        "Diluted EPS": 0.24,
        "Total Revenue": 3,
        "Gross Profit": -2,
        "Operating Income": -25,
        "EBIT": -25,
        "Net Income": 12
    },
    "2021-09-30": {
        "Diluted EPS": 0.3,
        "Total Revenue": 0,
        "Gross Profit": 0,
        "Operating Income": -14,
        "EBIT": -14,
        "Net Income": 35
    },
    "2021-06-30": {
        "Diluted EPS": -0.13,
        "Total Revenue": 1,
        "Gross Profit": 0,
        "Operating Income": -8,
        "EBIT": -8,
        "Net Income": -9
    },
    "2021-03-31": {
        "Diluted EPS": -0.19,
        "Total Revenue": 1,
        "Gross Profit": 0,
        "Operating Income": -6,
        "EBIT": -5,
        "Net Income": -14
    },
    "2020-12-31": {
        "Diluted EPS": 0.0,
        "Total Revenue": NaN,
        "Gross Profit": NaN,
        "Operating Income": NaN,
        "EBIT": NaN,
        "Net Income": NaN
    },
    "2020-09-30": {
        "Diluted EPS": -0.05,
        "Total Revenue": 1,
        "Gross Profit": 0,
        "Operating Income": -3,
        "EBIT": -3,
        "Net Income": -4
    },
    "2023-06-30": {
        "Tax Effect Of Unusual Items": 182700.0,
        "Tax Rate For Calcs": 0.21,
        "Normalized EBITDA": -20576000.0,
        "Total Unusual Items": 870000.0,
        "Total Unusual Items Excluding Goodwill": 870000.0,
        "Net Income From Continuing Operation Net Minority Interest": -23578000.0,
        "Reconciled Depreciation": 777000.0,
        "Reconciled Cost Of Revenue": 8479000.0,
        "EBITDA": -19706000.0,
        "EBIT": -20483000.0,
        "Normalized Income": -24265300.0,
        "Net Income From Continuing And Discontinued Operation": -23578000.0,
        "Total Expenses": 25237000.0,
        "Total Operating Income As Reported": -20483000.0,
        "Diluted Average Shares": 5700000.0,
        "Basic Average Shares": 5700000.0,
        "Diluted EPS": -4.14,
        "Basic EPS": -4.14,
        "Diluted NI Availto Com Stockholders": -23578000.0,
        "Average Dilution Earnings": NaN,
        "Net Income Common Stockholders": -23578000.0,
        "Net Income": -23578000.0,
        "Net Income Including Noncontrolling Interests": -23578000.0,
        "Net Income Continuous Operations": -23578000.0,
        "Tax Provision": 2000.0,
        "Pretax Income": -23576000.0,
        "Other Income Expense": -3093000.0,
        "Other Non Operating Income Expenses": -3963000.0,
        "Special Income Charges": 563000.0,
        "Restructuring And Mergern Acquisition": -563000.0,
        "Gain On Sale Of Security": 307000.0,
        "Operating Income": -20483000.0,
        "Operating Expense": 16758000.0,
        "Research And Development": 5181000.0,
        "Selling General And Administration": 11577000.0,
        "Selling And Marketing Expense": 1761000.0,
        "General And Administrative Expense": 9816000.0,
        "Other Gand A": 9816000.0,
        "Gross Profit": -3725000.0,
        "Cost Of Revenue": 8479000.0,
        "Total Revenue": 4754000.0,
        "Operating Revenue": 4754000.0
    },
    "2023-09-30": {
        "Tax Effect Of Unusual Items": NaN,
        "Tax Rate For Calcs": NaN,
        "Normalized EBITDA": NaN,
        "Total Unusual Items": NaN,
        "Total Unusual Items Excluding Goodwill": NaN,
        "Net Income From Continuing Operation Net Minority Interest": NaN,
        "Reconciled Depreciation": NaN,
        "Reconciled Cost Of Revenue": NaN,
        "EBITDA": NaN,
        "EBIT": NaN,
        "Normalized Income": NaN,
        "Net Income From Continuing And Discontinued Operation": NaN,
        "Total Expenses": NaN,
        "Total Operating Income As Reported": NaN,
        "Diluted Average Shares": NaN,
        "Basic Average Shares": NaN,
        "Diluted EPS": NaN,
        "Basic EPS": NaN,
        "Diluted NI Availto Com Stockholders": NaN,
        "Average Dilution Earnings": 0.0,
        "Net Income Common Stockholders": NaN,
        "Net Income": NaN,
        "Net Income Including Noncontrolling Interests": NaN,
        "Net Income Continuous Operations": NaN,
        "Tax Provision": NaN,
        "Pretax Income": NaN,
        "Other Income Expense": NaN,
        "Other Non Operating Income Expenses": NaN,
        "Special Income Charges": NaN,
        "Restructuring And Mergern Acquisition": NaN,
        "Gain On Sale Of Security": NaN,
        "Operating Income": NaN,
        "Operating Expense": NaN,
        "Research And Development": NaN,
        "Selling General And Administration": NaN,
        "Selling And Marketing Expense": NaN,
        "General And Administrative Expense": NaN,
        "Other Gand A": NaN,
        "Gross Profit": NaN,
        "Cost Of Revenue": NaN,
        "Total Revenue": NaN,
        "Operating Revenue": NaN
    },
    "2023-12-31": {
        "Tax Effect Of Unusual Items": NaN,
        "Tax Rate For Calcs": NaN,
        "Normalized EBITDA": NaN,
        "Total Unusual Items": NaN,
        "Total Unusual Items Excluding Goodwill": NaN,
        "Net Income From Continuing Operation Net Minority Interest": NaN,
        "Reconciled Depreciation": NaN,
        "Reconciled Cost Of Revenue": NaN,
        "EBITDA": NaN,
        "EBIT": NaN,
        "Normalized Income": NaN,
        "Net Income From Continuing And Discontinued Operation": NaN,
        "Total Expenses": NaN,
        "Total Operating Income As Reported": NaN,
        "Diluted Average Shares": NaN,
        "Basic Average Shares": NaN,
        "Diluted EPS": NaN,
        "Basic EPS": NaN,
        "Diluted NI Availto Com Stockholders": NaN,
        "Average Dilution Earnings": 0.0,
        "Net Income Common Stockholders": NaN,
        "Net Income": NaN,
        "Net Income Including Noncontrolling Interests": NaN,
        "Net Income Continuous Operations": NaN,
        "Tax Provision": NaN,
        "Pretax Income": NaN,
        "Other Income Expense": NaN,
        "Other Non Operating Income Expenses": NaN,
        "Special Income Charges": NaN,
        "Restructuring And Mergern Acquisition": NaN,
        "Gain On Sale Of Security": NaN,
        "Operating Income": NaN,
        "Operating Expense": NaN,
        "Research And Development": NaN,
        "Selling General And Administration": NaN,
        "Selling And Marketing Expense": NaN,
        "General And Administrative Expense": NaN,
        "Other Gand A": NaN,
        "Gross Profit": NaN,
        "Cost Of Revenue": NaN,
        "Total Revenue": NaN,
        "Operating Revenue": NaN
    },
    "2024-03-31": {
        "Tax Effect Of Unusual Items": -35910.0,
        "Tax Rate For Calcs": 0.21,
        "Normalized EBITDA": -8755000.0,
        "Total Unusual Items": -171000.0,
        "Total Unusual Items Excluding Goodwill": -171000.0,
        "Net Income From Continuing Operation Net Minority Interest": -11003000.0,
        "Reconciled Depreciation": 1317000.0,
        "Reconciled Cost Of Revenue": 10374000.0,
        "EBITDA": -8926000.0,
        "EBIT": -10243000.0,
        "Normalized Income": -10867910.0,
        "Net Income From Continuing And Discontinued Operation": -11003000.0,
        "Total Expenses": 23405000.0,
        "Total Operating Income As Reported": -10243000.0,
        "Diluted Average Shares": 6108000.0,
        "Basic Average Shares": 6108000.0,
        "Diluted EPS": -1.8,
        "Basic EPS": -1.8,
        "Diluted NI Availto Com Stockholders": -11003000.0,
        "Average Dilution Earnings": NaN,
        "Net Income Common Stockholders": -11003000.0,
        "Net Income": -11003000.0,
        "Net Income Including Noncontrolling Interests": -11003000.0,
        "Net Income Continuous Operations": -11003000.0,
        "Tax Provision": 5000.0,
        "Pretax Income": -10998000.0,
        "Other Income Expense": -755000.0,
        "Other Non Operating Income Expenses": -584000.0,
        "Special Income Charges": -3000.0,
        "Restructuring And Mergern Acquisition": 3000.0,
        "Gain On Sale Of Security": -168000.0,
        "Operating Income": -10243000.0,
        "Operating Expense": 13031000.0,
        "Research And Development": 3074000.0,
        "Selling General And Administration": 9957000.0,
        "Selling And Marketing Expense": 998000.0,
        "General And Administrative Expense": 8959000.0,
        "Other Gand A": 8959000.0,
        "Gross Profit": 2788000.0,
        "Cost Of Revenue": 10374000.0,
        "Total Revenue": 13162000.0,
        "Operating Revenue": 13162000.0
    },
    "2024-06-30": {
        "Tax Effect Of Unusual Items": 34440.0,
        "Tax Rate For Calcs": 0.21,
        "Normalized EBITDA": -10255000.0,
        "Total Unusual Items": 164000.0,
        "Total Unusual Items Excluding Goodwill": 164000.0,
        "Net Income From Continuing Operation Net Minority Interest": -9663000.0,
        "Reconciled Depreciation": 1277000.0,
        "Reconciled Cost Of Revenue": 13505000.0,
        "EBITDA": -10091000.0,
        "EBIT": -11368000.0,
        "Normalized Income": -9792560.0,
        "Net Income From Continuing And Discontinued Operation": -9663000.0,
        "Total Expenses": 26903000.0,
        "Total Operating Income As Reported": -11368000.0,
        "Diluted Average Shares": 7864000.0,
        "Basic Average Shares": 7864000.0,
        "Diluted EPS": -1.23,
        "Basic EPS": -1.23,
        "Diluted NI Availto Com Stockholders": -9663000.0,
        "Average Dilution Earnings": NaN,
        "Net Income Common Stockholders": -9663000.0,
        "Net Income": -9663000.0,
        "Net Income Including Noncontrolling Interests": -9663000.0,
        "Net Income Continuous Operations": -9663000.0,
        "Tax Provision": 4000.0,
        "Pretax Income": -9659000.0,
        "Other Income Expense": 1709000.0,
        "Other Non Operating Income Expenses": 1545000.0,
        "Special Income Charges": 36000.0,
        "Restructuring And Mergern Acquisition": -36000.0,
        "Gain On Sale Of Security": 128000.0,
        "Operating Income": -11368000.0,
        "Operating Expense": 13398000.0,
        "Research And Development": 2998000.0,
        "Selling General And Administration": 10400000.0,
        "Selling And Marketing Expense": 1224000.0,
        "General And Administrative Expense": 9176000.0,
        "Other Gand A": 9176000.0,
        "Gross Profit": 2030000.0,
        "Cost Of Revenue": 13505000.0,
        "Total Revenue": 15535000.0,
        "Operating Revenue": 15535000.0
    },
    "2024-09-30": {
        "Tax Effect Of Unusual Items": -22470.0,
        "Tax Rate For Calcs": 0.21,
        "Normalized EBITDA": -8398000.0,
        "Total Unusual Items": -107000.0,
        "Total Unusual Items Excluding Goodwill": -107000.0,
        "Net Income From Continuing Operation Net Minority Interest": -10512000.0,
        "Reconciled Depreciation": 1186000.0,
        "Reconciled Cost Of Revenue": 12926000.0,
        "EBITDA": -8505000.0,
        "EBIT": -9691000.0,
        "Normalized Income": -10427470.0,
        "Net Income From Continuing And Discontinued Operation": -10512000.0,
        "Total Expenses": 25481000.0,
        "Total Operating Income As Reported": -9691000.0,
        "Diluted Average Shares": 7984000.0,
        "Basic Average Shares": 7984000.0,
        "Diluted EPS": -1.32,
        "Basic EPS": -1.32,
        "Diluted NI Availto Com Stockholders": -10512000.0,
        "Average Dilution Earnings": NaN,
        "Net Income Common Stockholders": -10512000.0,
        "Net Income": -10512000.0,
        "Net Income Including Noncontrolling Interests": -10512000.0,
        "Net Income Continuous Operations": -10512000.0,
        "Tax Provision": 4000.0,
        "Pretax Income": -10508000.0,
        "Other Income Expense": -817000.0,
        "Other Non Operating Income Expenses": -710000.0,
        "Special Income Charges": 0.0,
        "Restructuring And Mergern Acquisition": 0.0,
        "Gain On Sale Of Security": -107000.0,
        "Operating Income": -9691000.0,
        "Operating Expense": 12555000.0,
        "Research And Development": 2619000.0,
        "Selling General And Administration": 9936000.0,
        "Selling And Marketing Expense": 1039000.0,
        "General And Administrative Expense": 8897000.0,
        "Other Gand A": 8897000.0,
        "Gross Profit": 2864000.0,
        "Cost Of Revenue": 12926000.0,
        "Total Revenue": 15790000.0,
        "Operating Revenue": 15790000.0
    },
    "2024-12-31": {
        "Tax Effect Of Unusual Items": 89670.0,
        "Tax Rate For Calcs": 0.21,
        "Normalized EBITDA": -13638000.0,
        "Total Unusual Items": 427000.0,
        "Total Unusual Items Excluding Goodwill": 427000.0,
        "Net Income From Continuing Operation Net Minority Interest": -18981000.0,
        "Reconciled Depreciation": 1361000.0,
        "Reconciled Cost Of Revenue": 15191000.0,
        "EBITDA": -13211000.0,
        "EBIT": -14572000.0,
        "Normalized Income": -19318330.0,
        "Net Income From Continuing And Discontinued Operation": -18981000.0,
        "Total Expenses": 26046000.0,
        "Total Operating Income As Reported": -14572000.0,
        "Diluted Average Shares": 8034000.0,
        "Basic Average Shares": 8034000.0,
        "Diluted EPS": -2.36,
        "Basic EPS": -2.36,
        "Diluted NI Availto Com Stockholders": -18981000.0,
        "Average Dilution Earnings": NaN,
        "Net Income Common Stockholders": -18981000.0,
        "Net Income": -18981000.0,
        "Net Income Including Noncontrolling Interests": -18981000.0,
        "Net Income Continuous Operations": -18981000.0,
        "Tax Provision": 24000.0,
        "Pretax Income": -18957000.0,
        "Other Income Expense": -4385000.0,
        "Other Non Operating Income Expenses": -4812000.0,
        "Special Income Charges": 6000.0,
        "Restructuring And Mergern Acquisition": -6000.0,
        "Gain On Sale Of Security": 421000.0,
        "Operating Income": -14572000.0,
        "Operating Expense": 10855000.0,
        "Research And Development": 1936000.0,
        "Selling General And Administration": 8919000.0,
        "Selling And Marketing Expense": 868000.0,
        "General And Administrative Expense": 8051000.0,
        "Other Gand A": 8051000.0,
        "Gross Profit": -3717000.0,
        "Cost Of Revenue": 15191000.0,
        "Total Revenue": 11474000.0,
        "Operating Revenue": 9696000.0
    },
    "2025-03-31": {
        "Tax Effect Of Unusual Items": -11340.0,
        "Tax Rate For Calcs": 0.21,
        "Normalized EBITDA": -8303000.0,
        "Total Unusual Items": -54000.0,
        "Total Unusual Items Excluding Goodwill": -54000.0,
        "Net Income From Continuing Operation Net Minority Interest": -10186000.0,
        "Reconciled Depreciation": 912000.0,
        "Reconciled Cost Of Revenue": 4668000.0,
        "EBITDA": -8357000.0,
        "EBIT": -9269000.0,
        "Normalized Income": -10143340.0,
        "Net Income From Continuing And Discontinued Operation": -10186000.0,
        "Total Expenses": 15148000.0,
        "Total Operating Income As Reported": -9269000.0,
        "Diluted Average Shares": 8076000.0,
        "Basic Average Shares": 8076000.0,
        "Diluted EPS": -1.26,
        "Basic EPS": -1.26,
        "Diluted NI Availto Com Stockholders": -10186000.0,
        "Average Dilution Earnings": NaN,
        "Net Income Common Stockholders": -10186000.0,
        "Net Income": -10186000.0,
        "Net Income Including Noncontrolling Interests": -10186000.0,
        "Net Income Continuous Operations": -10186000.0,
        "Tax Provision": 12000.0,
        "Pretax Income": -10174000.0,
        "Other Income Expense": -905000.0,
        "Other Non Operating Income Expenses": -851000.0,
        "Special Income Charges": 0.0,
        "Restructuring And Mergern Acquisition": 0.0,
        "Gain On Sale Of Security": -54000.0,
        "Operating Income": -9269000.0,
        "Operating Expense": 10480000.0,
        "Research And Development": 1930000.0,
        "Selling General And Administration": 8550000.0,
        "Selling And Marketing Expense": 654000.0,
        "General And Administrative Expense": 7896000.0,
        "Other Gand A": 7896000.0,
        "Gross Profit": 1211000.0,
        "Cost Of Revenue": 4668000.0,
        "Total Revenue": 5879000.0,
        "Operating Revenue": 5879000.0
    },
    "2025-06-30": {
        "Tax Effect Of Unusual Items": -1260.0,
        "Tax Rate For Calcs": 0.21,
        "Normalized EBITDA": -6099000.0,
        "Total Unusual Items": -6000.0,
        "Total Unusual Items Excluding Goodwill": -6000.0,
        "Net Income From Continuing Operation Net Minority Interest": -7505000.0,
        "Reconciled Depreciation": 976000.0,
        "Reconciled Cost Of Revenue": 16774000.0,
        "EBITDA": -6105000.0,
        "EBIT": -7081000.0,
        "Normalized Income": -7500260.0,
        "Net Income From Continuing And Discontinued Operation": -7505000.0,
        "Total Expenses": 25474000.0,
        "Total Operating Income As Reported": -7081000.0,
        "Diluted Average Shares": 8287000.0,
        "Basic Average Shares": 8287000.0,
        "Diluted EPS": -0.91,
        "Basic EPS": -0.91,
        "Diluted NI Availto Com Stockholders": -7505000.0,
        "Average Dilution Earnings": NaN,
        "Net Income Common Stockholders": -7505000.0,
        "Net Income": -7505000.0,
        "Net Income Including Noncontrolling Interests": -7505000.0,
        "Net Income Continuous Operations": -7505000.0,
        "Tax Provision": 13000.0,
        "Pretax Income": -7492000.0,
        "Other Income Expense": -411000.0,
        "Other Non Operating Income Expenses": -405000.0,
        "Special Income Charges": 0.0,
        "Restructuring And Mergern Acquisition": 0.0,
        "Gain On Sale Of Security": -6000.0,
        "Operating Income": -7081000.0,
        "Operating Expense": 8700000.0,
        "Research And Development": 2087000.0,
        "Selling General And Administration": 6613000.0,
        "Selling And Marketing Expense": 707000.0,
        "General And Administrative Expense": 5906000.0,
        "Other Gand A": 5906000.0,
        "Gross Profit": 1619000.0,
        "Cost Of Revenue": 16774000.0,
        "Total Revenue": 18393000.0,
        "Operating Revenue": 18169000.0
    }
}