{
    "2023-03-31": {
        "Tax Effect Of Unusual Items": NaN,
        "Tax Rate For Calcs": NaN,
        "Normalized EBITDA": NaN,
        "Total Unusual Items": NaN,
        "Total Unusual Items Excluding Goodwill": NaN,
        "Net Income From Continuing Operation Net Minority Interest": NaN,
        "Reconciled Depreciation": NaN,
        "Reconciled Cost Of Revenue": NaN,
        "EBITDA": NaN,
        "EBIT": NaN,
        "Net Interest Income": NaN,
        "Interest Expense": NaN,
        "Normalized Income": NaN,
        "Net Income From Continuing And Discontinued Operation": NaN,
        "Total Expenses": NaN,
        "Diluted Average Shares": NaN,
        "Basic Average Shares": NaN,
        "Diluted EPS": NaN,
        "Basic EPS": NaN,
        "Diluted NI Availto Com Stockholders": NaN,
        "Net Income Common Stockholders": NaN,
        "Net Income": NaN,
        "Minority Interests": NaN,
        "Net Income Including Noncontrolling Interests": NaN,
        "Net Income Continuous Operations": NaN,
        "Tax Provision": NaN,
        "Pretax Income": NaN,
        "Other Income Expense": NaN,
        "Special Income Charges": -4347000.0,
        "Other Special Charges": 4347000.0,
        "Earnings From Equity Interest": NaN,
        "Gain On Sale Of Security": NaN,
        "Net Non Operating Interest Income Expense": NaN,
        "Interest Expense Non Operating": NaN,
        "Operating Income": NaN,
        "Operating Expense": NaN,
        "Other Operating Expenses": NaN,
        "Other Taxes": NaN,
        "Provision For Doubtful Accounts": NaN,
        "Depreciation Amortization Depletion Income Statement": NaN,
        "Depreciation And Amortization In Income Statement": NaN,
        "Amortization": NaN,
        "Amortization Of Intangibles Income Statement": NaN,
        "Depreciation Income Statement": NaN,
        "Selling General And Administration": NaN,
        "Selling And Marketing Expense": NaN,
        "General And Administrative Expense": NaN,
        "Other Gand A": NaN,
        "Salaries And Wages": NaN,
        "Gross Profit": NaN,
        "Cost Of Revenue": NaN,
        "Total Revenue": NaN,
        "Excise Taxes": NaN,
        "Operating Revenue": NaN
    },
    "2022-12-31": {
        "Tax Effect Of Unusual Items": NaN,
        "Tax Rate For Calcs": NaN,
        "Normalized EBITDA": NaN,
        "Total Unusual Items": NaN,
        "Total Unusual Items Excluding Goodwill": NaN,
        "Net Income From Continuing Operation Net Minority Interest": NaN,
        "Reconciled Depreciation": NaN,
        "Reconciled Cost Of Revenue": NaN,
        "EBITDA": NaN,
        "EBIT": NaN,
        "Net Interest Income": NaN,
        "Interest Expense": NaN,
        "Normalized Income": NaN,
        "Net Income From Continuing And Discontinued Operation": NaN,
        "Total Expenses": NaN,
        "Diluted Average Shares": NaN,
        "Basic Average Shares": NaN,
        "Diluted EPS": NaN,
        "Basic EPS": NaN,
        "Diluted NI Availto Com Stockholders": NaN,
        "Net Income Common Stockholders": NaN,
        "Net Income": NaN,
        "Minority Interests": NaN,
        "Net Income Including Noncontrolling Interests": NaN,
        "Net Income Continuous Operations": NaN,
        "Tax Provision": NaN,
        "Pretax Income": NaN,
        "Other Income Expense": NaN,
        "Special Income Charges": -4077000.0,
        "Other Special Charges": 10617000.0,
        "Write Off": 4077000.0,
        "Earnings From Equity Interest": NaN,
        "Gain On Sale Of Security": NaN,
        "Net Non Operating Interest Income Expense": NaN,
        "Interest Expense Non Operating": NaN,
        "Operating Income": NaN,
        "Operating Expense": NaN,
        "Other Operating Expenses": NaN,
        "Other Taxes": NaN,
        "Provision For Doubtful Accounts": NaN,
        "Depreciation Amortization Depletion Income Statement": NaN,
        "Depreciation And Amortization In Income Statement": NaN,
        "Amortization": NaN,
        "Amortization Of Intangibles Income Statement": NaN,
        "Depreciation Income Statement": NaN,
        "Selling General And Administration": NaN,
        "Selling And Marketing Expense": NaN,
        "General And Administrative Expense": NaN,
        "Other Gand A": NaN,
        "Salaries And Wages": NaN,
        "Gross Profit": NaN,
        "Cost Of Revenue": NaN,
        "Total Revenue": NaN,
        "Excise Taxes": NaN,
        "Operating Revenue": NaN
    },
    "2022-09-30": {
        "Tax Effect Of Unusual Items": NaN,
        "Tax Rate For Calcs": NaN,
        "Normalized EBITDA": NaN,
        "Total Unusual Items": NaN,
        "Total Unusual Items Excluding Goodwill": NaN,
        "Net Income From Continuing Operation Net Minority Interest": NaN,
        "Reconciled Depreciation": NaN,
        "Reconciled Cost Of Revenue": NaN,
        "EBITDA": NaN,
        "EBIT": NaN,
        "Net Interest Income": NaN,
        "Interest Expense": NaN,
        "Normalized Income": NaN,
        "Net Income From Continuing And Discontinued Operation": NaN,
        "Total Expenses": NaN,
        "Diluted Average Shares": 573365000.0,
        "Basic Average Shares": 555705000.0,
        "Diluted EPS": 1.7977,
        "Basic EPS": 1.8548,
        "Diluted NI Availto Com Stockholders": NaN,
        "Net Income Common Stockholders": NaN,
        "Net Income": NaN,
        "Minority Interests": NaN,
        "Net Income Including Noncontrolling Interests": NaN,
        "Net Income Continuous Operations": NaN,
        "Tax Provision": NaN,
        "Pretax Income": NaN,
        "Other Income Expense": NaN,
        "Special Income Charges": -3658000.0,
        "Other Special Charges": 3658000.0,
        "Write Off": 931000.0,
        "Earnings From Equity Interest": NaN,
        "Gain On Sale Of Security": NaN,
        "Net Non Operating Interest Income Expense": NaN,
        "Interest Expense Non Operating": NaN,
        "Operating Income": NaN,
        "Operating Expense": NaN,
        "Other Operating Expenses": NaN,
        "Other Taxes": NaN,
        "Provision For Doubtful Accounts": NaN,
        "Depreciation Amortization Depletion Income Statement": NaN,
        "Depreciation And Amortization In Income Statement": NaN,
        "Amortization": NaN,
        "Amortization Of Intangibles Income Statement": NaN,
        "Depreciation Income Statement": NaN,
        "Selling General And Administration": NaN,
        "Selling And Marketing Expense": NaN,
        "General And Administrative Expense": NaN,
        "Other Gand A": NaN,
        "Salaries And Wages": NaN,
        "Gross Profit": NaN,
        "Cost Of Revenue": NaN,
        "Total Revenue": NaN,
        "Excise Taxes": NaN,
        "Operating Revenue": NaN
    },
    "2022-06-30": {
        "Tax Effect Of Unusual Items": 743642000.0,
        "Tax Rate For Calcs": 0.4,
        "Normalized EBITDA": -859100000.0,
        "Total Unusual Items": 1859105000.0,
        "Total Unusual Items Excluding Goodwill": 1859105000.0,
        "Net Income From Continuing Operation Net Minority Interest": 911251000.0,
        "Reconciled Depreciation": 55707000.0,
        "Reconciled Cost Of Revenue": 2189141000.0,
        "EBITDA": 1000005000.0,
        "EBIT": 944298000.0,
        "Net Interest Income": -77050000.0,
        "Interest Expense": 77050000.0,
        "Normalized Income": -204212000.0,
        "Net Income From Continuing And Discontinued Operation": 911251000.0,
        "Total Expenses": 2602838000.0,
        "Diluted Average Shares": 576938000.0,
        "Basic Average Shares": 558966000.0,
        "Diluted EPS": 1.58,
        "Basic EPS": 1.631,
        "Diluted NI Availto Com Stockholders": 911251000.0,
        "Net Income Common Stockholders": 911251000.0,
        "Net Income": 911251000.0,
        "Minority Interests": -1332000.0,
        "Net Income Including Noncontrolling Interests": 912583000.0,
        "Net Income Continuous Operations": 912583000.0,
        "Tax Provision": -45335000.0,
        "Pretax Income": 867248000.0,
        "Other Income Expense": 1858273000.0,
        "Special Income Charges": -17343000.0,
        "Other Special Charges": 14863000.0,
        "Write Off": 2480000.0,
        "Earnings From Equity Interest": -832000.0,
        "Gain On Sale Of Security": 1876448000.0,
        "Net Non Operating Interest Income Expense": -77050000.0,
        "Interest Expense Non Operating": 77050000.0,
        "Operating Income": -913975000.0,
        "Operating Expense": 413697000.0,
        "Other Operating Expenses": -8963000.0,
        "Other Taxes": 21037000.0,
        "Provision For Doubtful Accounts": 1410000.0,
        "Depreciation Amortization Depletion Income Statement": 55707000.0,
        "Depreciation And Amortization In Income Statement": 55707000.0,
        "Amortization": 30422000.0,
        "Amortization Of Intangibles Income Statement": 30422000.0,
        "Depreciation Income Statement": 25285000.0,
        "Selling General And Administration": 345916000.0,
        "Selling And Marketing Expense": 39310000.0,
        "General And Administrative Expense": 306606000.0,
        "Other Gand A": 306606000.0,
        "Salaries And Wages": 652965000.0,
        "Gross Profit": -500278000.0,
        "Cost Of Revenue": 2189141000.0,
        "Total Revenue": 1688863000.0,
        "Excise Taxes": 136311000.0,
        "Operating Revenue": 1688863000.0
    },
    "2023-06-30": {
        "Tax Effect Of Unusual Items": NaN,
        "Tax Rate For Calcs": NaN,
        "Normalized EBITDA": NaN,
        "Total Unusual Items": NaN,
        "Total Unusual Items Excluding Goodwill": NaN,
        "Net Income From Continuing Operation Net Minority Interest": NaN,
        "Reconciled Depreciation": NaN,
        "Reconciled Cost Of Revenue": NaN,
        "EBITDA": NaN,
        "EBIT": NaN,
        "Net Interest Income": NaN,
        "Interest Expense": NaN,
        "Normalized Income": NaN,
        "Net Income From Continuing And Discontinued Operation": NaN,
        "Total Expenses": NaN,
        "Diluted Average Shares": 531568000.0,
        "Basic Average Shares": 528210000.0,
        "Diluted EPS": 1.8349,
        "Basic EPS": 1.8465,
        "Diluted NI Availto Com Stockholders": NaN,
        "Net Income Common Stockholders": NaN,
        "Net Income": NaN,
        "Minority Interests": NaN,
        "Net Income Including Noncontrolling Interests": NaN,
        "Net Income Continuous Operations": NaN,
        "Tax Provision": NaN,
        "Pretax Income": NaN,
        "Other Income Expense": NaN,
        "Special Income Charges": -1616000.0,
        "Other Special Charges": 1616000.0,
        "Earnings From Equity Interest": NaN,
        "Gain On Sale Of Security": NaN,
        "Net Non Operating Interest Income Expense": NaN,
        "Interest Expense Non Operating": NaN,
        "Operating Income": NaN,
        "Operating Expense": NaN,
        "Other Operating Expenses": NaN,
        "Other Taxes": NaN,
        "Provision For Doubtful Accounts": NaN,
        "Depreciation Amortization Depletion Income Statement": NaN,
        "Depreciation And Amortization In Income Statement": NaN,
        "Amortization": NaN,
        "Amortization Of Intangibles Income Statement": NaN,
        "Depreciation Income Statement": NaN,
        "Selling General And Administration": NaN,
        "Selling And Marketing Expense": NaN,
        "General And Administrative Expense": NaN,
        "Other Gand A": NaN,
        "Salaries And Wages": NaN,
        "Gross Profit": NaN,
        "Cost Of Revenue": NaN,
        "Total Revenue": NaN,
        "Excise Taxes": NaN,
        "Operating Revenue": NaN
    },
    "2023-09-30": {
        "Tax Effect Of Unusual Items": NaN,
        "Tax Rate For Calcs": NaN,
        "Normalized EBITDA": NaN,
        "Total Unusual Items": NaN,
        "Total Unusual Items Excluding Goodwill": NaN,
        "Net Income From Continuing Operation Net Minority Interest": NaN,
        "Reconciled Depreciation": NaN,
        "Reconciled Cost Of Revenue": NaN,
        "EBITDA": NaN,
        "EBIT": NaN,
        "Net Interest Income": NaN,
        "Interest Expense": NaN,
        "Normalized Income": NaN,
        "Net Income From Continuing And Discontinued Operation": NaN,
        "Total Expenses": NaN,
        "Diluted Average Shares": 553599000.0,
        "Basic Average Shares": 546560000.0,
        "Diluted EPS": 1.962,
        "Basic EPS": 1.9873,
        "Diluted NI Availto Com Stockholders": NaN,
        "Net Income Common Stockholders": NaN,
        "Net Income": NaN,
        "Minority Interests": NaN,
        "Net Income Including Noncontrolling Interests": NaN,
        "Net Income Continuous Operations": NaN,
        "Tax Provision": NaN,
        "Pretax Income": NaN,
        "Other Income Expense": NaN,
        "Special Income Charges": -2776000.0,
        "Other Special Charges": 2776000.0,
        "Earnings From Equity Interest": NaN,
        "Gain On Sale Of Security": NaN,
        "Net Non Operating Interest Income Expense": NaN,
        "Interest Expense Non Operating": NaN,
        "Operating Income": NaN,
        "Operating Expense": NaN,
        "Other Operating Expenses": NaN,
        "Other Taxes": NaN,
        "Provision For Doubtful Accounts": NaN,
        "Depreciation Amortization Depletion Income Statement": NaN,
        "Depreciation And Amortization In Income Statement": NaN,
        "Amortization": NaN,
        "Amortization Of Intangibles Income Statement": NaN,
        "Depreciation Income Statement": NaN,
        "Selling General And Administration": NaN,
        "Selling And Marketing Expense": NaN,
        "General And Administrative Expense": NaN,
        "Other Gand A": NaN,
        "Salaries And Wages": NaN,
        "Gross Profit": NaN,
        "Cost Of Revenue": NaN,
        "Total Revenue": NaN,
        "Excise Taxes": NaN,
        "Operating Revenue": NaN
    },
    "2023-12-31": {
        "Tax Effect Of Unusual Items": NaN,
        "Tax Rate For Calcs": NaN,
        "Normalized EBITDA": NaN,
        "Total Unusual Items": NaN,
        "Total Unusual Items Excluding Goodwill": NaN,
        "Net Income From Continuing Operation Net Minority Interest": NaN,
        "Reconciled Depreciation": 82482000.0,
        "Reconciled Cost Of Revenue": NaN,
        "EBITDA": NaN,
        "EBIT": NaN,
        "Net Interest Income": NaN,
        "Interest Expense": NaN,
        "Normalized Income": NaN,
        "Net Income From Continuing And Discontinued Operation": NaN,
        "Total Expenses": NaN,
        "Diluted Average Shares": NaN,
        "Basic Average Shares": NaN,
        "Diluted EPS": NaN,
        "Basic EPS": NaN,
        "Diluted NI Availto Com Stockholders": NaN,
        "Net Income Common Stockholders": NaN,
        "Net Income": NaN,
        "Minority Interests": 2163000.0,
        "Net Income Including Noncontrolling Interests": NaN,
        "Net Income Continuous Operations": NaN,
        "Tax Provision": NaN,
        "Pretax Income": NaN,
        "Other Income Expense": NaN,
        "Earnings From Equity Interest": NaN,
        "Gain On Sale Of Security": NaN,
        "Net Non Operating Interest Income Expense": NaN,
        "Interest Expense Non Operating": NaN,
        "Operating Income": NaN,
        "Operating Expense": NaN,
        "Other Operating Expenses": NaN,
        "Other Taxes": 23970000.0,
        "Provision For Doubtful Accounts": NaN,
        "Depreciation Amortization Depletion Income Statement": 82482000.0,
        "Depreciation And Amortization In Income Statement": 82482000.0,
        "Amortization": 44064000.0,
        "Amortization Of Intangibles Income Statement": 44064000.0,
        "Depreciation Income Statement": 38418000.0,
        "Selling General And Administration": NaN,
        "Selling And Marketing Expense": NaN,
        "General And Administrative Expense": NaN,
        "Other Gand A": NaN,
        "Salaries And Wages": 619591000.0,
        "Gross Profit": NaN,
        "Cost Of Revenue": NaN,
        "Total Revenue": NaN,
        "Excise Taxes": NaN,
        "Operating Revenue": NaN
    },
    "2024-03-31": {
        "Tax Effect Of Unusual Items": NaN,
        "Tax Rate For Calcs": NaN,
        "Normalized EBITDA": NaN,
        "Total Unusual Items": NaN,
        "Total Unusual Items Excluding Goodwill": NaN,
        "Net Income From Continuing Operation Net Minority Interest": NaN,
        "Reconciled Depreciation": NaN,
        "Reconciled Cost Of Revenue": NaN,
        "EBITDA": NaN,
        "EBIT": NaN,
        "Net Interest Income": NaN,
        "Interest Expense": NaN,
        "Interest Income": 7053000.0,
        "Normalized Income": NaN,
        "Net Income From Continuing And Discontinued Operation": NaN,
        "Total Expenses": NaN,
        "Diluted Average Shares": 556675000.0,
        "Basic Average Shares": 548429000.0,
        "Diluted EPS": 1.8503,
        "Basic EPS": NaN,
        "Diluted NI Availto Com Stockholders": NaN,
        "Net Income Common Stockholders": NaN,
        "Net Income": NaN,
        "Minority Interests": NaN,
        "Net Income Including Noncontrolling Interests": NaN,
        "Net Income Continuous Operations": NaN,
        "Tax Provision": NaN,
        "Pretax Income": NaN,
        "Other Income Expense": NaN,
        "Earnings From Equity Interest": NaN,
        "Gain On Sale Of Security": NaN,
        "Net Non Operating Interest Income Expense": NaN,
        "Interest Expense Non Operating": NaN,
        "Interest Income Non Operating": 7053000.0,
        "Operating Income": NaN,
        "Operating Expense": NaN,
        "Other Operating Expenses": NaN,
        "Other Taxes": NaN,
        "Provision For Doubtful Accounts": NaN,
        "Depreciation Amortization Depletion Income Statement": NaN,
        "Depreciation And Amortization In Income Statement": NaN,
        "Amortization": NaN,
        "Amortization Of Intangibles Income Statement": NaN,
        "Depreciation Income Statement": NaN,
        "Selling General And Administration": NaN,
        "Selling And Marketing Expense": NaN,
        "General And Administrative Expense": NaN,
        "Other Gand A": NaN,
        "Salaries And Wages": NaN,
        "Gross Profit": NaN,
        "Cost Of Revenue": NaN,
        "Total Revenue": NaN,
        "Excise Taxes": NaN,
        "Operating Revenue": NaN
    },
    "2024-06-30": {
        "Tax Effect Of Unusual Items": NaN,
        "Tax Rate For Calcs": NaN,
        "Normalized EBITDA": NaN,
        "Total Unusual Items": NaN,
        "Total Unusual Items Excluding Goodwill": NaN,
        "Net Income From Continuing Operation Net Minority Interest": NaN,
        "Reconciled Depreciation": NaN,
        "Reconciled Cost Of Revenue": NaN,
        "EBITDA": NaN,
        "EBIT": NaN,
        "Net Interest Income": NaN,
        "Interest Expense": NaN,
        "Interest Income": 19595000.0,
        "Normalized Income": NaN,
        "Net Income From Continuing And Discontinued Operation": NaN,
        "Total Expenses": NaN,
        "Diluted Average Shares": 551485000.0,
        "Basic Average Shares": 543848000.0,
        "Diluted EPS": 2.0259,
        "Basic EPS": 2.0543,
        "Diluted NI Availto Com Stockholders": NaN,
        "Net Income Common Stockholders": NaN,
        "Net Income": NaN,
        "Minority Interests": NaN,
        "Net Income Including Noncontrolling Interests": NaN,
        "Net Income Continuous Operations": NaN,
        "Tax Provision": NaN,
        "Pretax Income": NaN,
        "Other Income Expense": NaN,
        "Earnings From Equity Interest": NaN,
        "Gain On Sale Of Security": NaN,
        "Net Non Operating Interest Income Expense": NaN,
        "Interest Expense Non Operating": NaN,
        "Interest Income Non Operating": 19595000.0,
        "Operating Income": NaN,
        "Operating Expense": NaN,
        "Other Operating Expenses": NaN,
        "Other Taxes": NaN,
        "Provision For Doubtful Accounts": NaN,
        "Depreciation Amortization Depletion Income Statement": NaN,
        "Depreciation And Amortization In Income Statement": NaN,
        "Amortization": NaN,
        "Amortization Of Intangibles Income Statement": NaN,
        "Depreciation Income Statement": NaN,
        "Selling General And Administration": NaN,
        "Selling And Marketing Expense": NaN,
        "General And Administrative Expense": NaN,
        "Other Gand A": NaN,
        "Salaries And Wages": NaN,
        "Gross Profit": NaN,
        "Cost Of Revenue": NaN,
        "Total Revenue": NaN,
        "Excise Taxes": NaN,
        "Operating Revenue": NaN
    },
    "2024-09-30": {
        "Tax Effect Of Unusual Items": 50744849.003944,
        "Tax Rate For Calcs": 0.021336,
        "Normalized EBITDA": -895358000.0,
        "Total Unusual Items": 2378323000.0,
        "Total Unusual Items Excluding Goodwill": 2378323000.0,
        "Net Income From Continuing Operation Net Minority Interest": 1185936000.0,
        "Reconciled Depreciation": 72004000.0,
        "Reconciled Cost Of Revenue": 1588883000.0,
        "EBITDA": 1482965000.0,
        "EBIT": 1410961000.0,
        "Net Interest Income": -190861000.0,
        "Interest Expense": 198479000.0,
        "Interest Income": 7618000.0,
        "Normalized Income": -1141642150.996056,
        "Net Income From Continuing And Discontinued Operation": 1185936000.0,
        "Total Expenses": 2912209000.0,
        "Diluted Average Shares": 544450000.0,
        "Basic Average Shares": 536455000.0,
        "Diluted EPS": 2.1782,
        "Basic EPS": 2.2107,
        "Diluted NI Availto Com Stockholders": 1185936000.0,
        "Net Income Common Stockholders": 1185936000.0,
        "Net Income": 1185936000.0,
        "Minority Interests": -676000.0,
        "Net Income Including Noncontrolling Interests": 1186612000.0,
        "Net Income Continuous Operations": 1186612000.0,
        "Tax Provision": 25870000.0,
        "Pretax Income": 1212482000.0,
        "Other Income Expense": 2375067000.0,
        "Earnings From Equity Interest": -3256000.0,
        "Gain On Sale Of Security": 2378323000.0,
        "Net Non Operating Interest Income Expense": -190861000.0,
        "Interest Expense Non Operating": 198479000.0,
        "Interest Income Non Operating": 7618000.0,
        "Operating Income": -971724000.0,
        "Operating Expense": 1432856000.0,
        "Other Operating Expenses": 207224000.0,
        "Other Taxes": 17383000.0,
        "Provision For Doubtful Accounts": 46571000.0,
        "Depreciation Amortization Depletion Income Statement": 72004000.0,
        "Depreciation And Amortization In Income Statement": 72004000.0,
        "Amortization": 40869000.0,
        "Amortization Of Intangibles Income Statement": 40869000.0,
        "Depreciation Income Statement": 31135000.0,
        "Selling General And Administration": 1089674000.0,
        "Selling And Marketing Expense": 42557000.0,
        "General And Administrative Expense": 1047117000.0,
        "Other Gand A": 486171000.0,
        "Salaries And Wages": 560946000.0,
        "Gross Profit": 351602000.0,
        "Cost Of Revenue": 1588883000.0,
        "Total Revenue": 1940485000.0,
        "Excise Taxes": 162583000.0,
        "Operating Revenue": 1862380000.0
    },
    "2024-12-31": {
        "Tax Effect Of Unusual Items": 234329993.978672,
        "Tax Rate For Calcs": 0.092693,
        "Normalized EBITDA": -971134000.0,
        "Total Unusual Items": 2528028000.0,
        "Total Unusual Items Excluding Goodwill": 2528028000.0,
        "Net Income From Continuing Operation Net Minority Interest": 1180206000.0,
        "Reconciled Depreciation": 59499000.0,
        "Reconciled Cost Of Revenue": 1119487000.0,
        "EBITDA": 1556894000.0,
        "EBIT": 1497394000.0,
        "Net Interest Income": -168040000.0,
        "Interest Expense": 196020000.0,
        "Interest Income": NaN,
        "Normalized Income": -1113492006.021328,
        "Net Income From Continuing And Discontinued Operation": 1180206000.0,
        "Total Expenses": 2972975000.0,
        "Diluted Average Shares": NaN,
        "Basic Average Shares": NaN,
        "Diluted EPS": NaN,
        "Basic EPS": NaN,
        "Diluted NI Availto Com Stockholders": 1180206000.0,
        "Net Income Common Stockholders": 1180206000.0,
        "Net Income": 1180206000.0,
        "Minority Interests": -540000.0,
        "Net Income Including Noncontrolling Interests": 1180746000.0,
        "Net Income Continuous Operations": 1180746000.0,
        "Tax Provision": 120628000.0,
        "Pretax Income": 1301374000.0,
        "Other Income Expense": 2530478000.0,
        "Earnings From Equity Interest": 2450000.0,
        "Gain On Sale Of Security": 2528028000.0,
        "Net Non Operating Interest Income Expense": -168040000.0,
        "Interest Expense Non Operating": 196020000.0,
        "Interest Income Non Operating": NaN,
        "Operating Income": -1061064000.0,
        "Operating Expense": 1589530000.0,
        "Other Operating Expenses": 538179000.0,
        "Other Taxes": 23777000.0,
        "Provision For Doubtful Accounts": 102224000.0,
        "Depreciation Amortization Depletion Income Statement": 59500000.0,
        "Depreciation And Amortization In Income Statement": 59500000.0,
        "Amortization": 24230000.0,
        "Amortization Of Intangibles Income Statement": 24230000.0,
        "Depreciation Income Statement": 35270000.0,
        "Selling General And Administration": 1129809000.0,
        "Selling And Marketing Expense": 41443000.0,
        "General And Administrative Expense": 1088366000.0,
        "Other Gand A": 392979000.0,
        "Salaries And Wages": 656884000.0,
        "Gross Profit": 792425000.0,
        "Cost Of Revenue": 1119486000.0,
        "Total Revenue": 1911911000.0,
        "Excise Taxes": 186460000.0,
        "Operating Revenue": 1880596000.0
    },
    "2025-03-31": {
        "Tax Effect Of Unusual Items": 382548000.0,
        "Tax Rate For Calcs": 0.142,
        "Normalized EBITDA": -1254000000.0,
        "Total Unusual Items": 2694000000.0,
        "Total Unusual Items Excluding Goodwill": 2694000000.0,
        "Net Income From Continuing Operation Net Minority Interest": 1236000000.0,
        "Reconciled Depreciation": 74126000.0,
        "Reconciled Cost Of Revenue": 1283000000.0,
        "EBITDA": 1440000000.0,
        "EBIT": 1440000000.0,
        "Net Interest Income": -177000000.0,
        "Interest Expense": 177000000.0,
        "Interest Income": 9594000.0,
        "Normalized Income": -1075452000.0,
        "Net Income From Continuing And Discontinued Operation": 1236000000.0,
        "Total Expenses": 2911000000.0,
        "Diluted Average Shares": 539533000.0,
        "Basic Average Shares": 537423421.0,
        "Diluted EPS": 2.299863,
        "Basic EPS": 2.299863,
        "Diluted NI Availto Com Stockholders": 1236000000.0,
        "Net Income Common Stockholders": 1236000000.0,
        "Net Income": 1236000000.0,
        "Minority Interests": -546000.0,
        "Net Income Including Noncontrolling Interests": 1236000000.0,
        "Net Income Continuous Operations": 1236000000.0,
        "Tax Provision": 27000000.0,
        "Pretax Income": 1263000000.0,
        "Other Income Expense": 2701000000.0,
        "Earnings From Equity Interest": 7000000.0,
        "Gain On Sale Of Security": 2694000000.0,
        "Net Non Operating Interest Income Expense": -177000000.0,
        "Interest Expense Non Operating": 177000000.0,
        "Interest Income Non Operating": 9594000.0,
        "Operating Income": -1262000000.0,
        "Operating Expense": 1628000000.0,
        "Other Operating Expenses": -23000000.0,
        "Other Taxes": 12194000.0,
        "Provision For Doubtful Accounts": 146000000.0,
        "Depreciation Amortization Depletion Income Statement": 74126000.0,
        "Depreciation And Amortization In Income Statement": 74126000.0,
        "Amortization": 37787000.0,
        "Amortization Of Intangibles Income Statement": 37787000.0,
        "Depreciation Income Statement": 36339000.0,
        "Selling General And Administration": 1505000000.0,
        "Selling And Marketing Expense": 57000000.0,
        "General And Administrative Expense": 922623000.0,
        "Other Gand A": 1448000000.0,
        "Salaries And Wages": 518811000.0,
        "Gross Profit": 366000000.0,
        "Cost Of Revenue": 1283000000.0,
        "Total Revenue": 1649000000.0,
        "Excise Taxes": 165000000.0,
        "Operating Revenue": 1662000000.0
    },
    "2025-06-30": {
        "Tax Effect Of Unusual Items": 904722320.0,
        "Tax Rate For Calcs": 0.34,
        "Normalized EBITDA": -1090632000.0,
        "Total Unusual Items": 2660948000.0,
        "Total Unusual Items Excluding Goodwill": 2660948000.0,
        "Net Income From Continuing Operation Net Minority Interest": 1318942000.0,
        "Reconciled Depreciation": 76572000.0,
        "Reconciled Cost Of Revenue": 1425565000.0,
        "EBITDA": 1570316000.0,
        "EBIT": 1493744000.0,
        "Net Interest Income": -164586000.0,
        "Interest Expense": 175838000.0,
        "Interest Income": 11252000.0,
        "Normalized Income": -437283680.0,
        "Net Income From Continuing And Discontinued Operation": 1318942000.0,
        "Total Expenses": 2995306000.0,
        "Diluted Average Shares": 535816000.0,
        "Basic Average Shares": 527883000.0,
        "Diluted EPS": 2.4616,
        "Basic EPS": 2.4986,
        "Diluted NI Availto Com Stockholders": 1318942000.0,
        "Net Income Common Stockholders": 1318942000.0,
        "Net Income": 1318942000.0,
        "Minority Interests": -2477000.0,
        "Net Income Including Noncontrolling Interests": 1321419000.0,
        "Net Income Continuous Operations": 1321419000.0,
        "Tax Provision": -3513000.0,
        "Pretax Income": 1317906000.0,
        "Other Income Expense": 2683294000.0,
        "Earnings From Equity Interest": 22346000.0,
        "Gain On Sale Of Security": 2660948000.0,
        "Net Non Operating Interest Income Expense": -164586000.0,
        "Interest Expense Non Operating": 175838000.0,
        "Interest Income Non Operating": 11252000.0,
        "Operating Income": -1200802000.0,
        "Operating Expense": 1569741000.0,
        "Other Operating Expenses": 236836000.0,
        "Other Taxes": 22734000.0,
        "Provision For Doubtful Accounts": 89539000.0,
        "Depreciation Amortization Depletion Income Statement": 76572000.0,
        "Depreciation And Amortization In Income Statement": 76572000.0,
        "Amortization": 40640000.0,
        "Amortization Of Intangibles Income Statement": 40640000.0,
        "Depreciation Income Statement": 35932000.0,
        "Selling General And Administration": 1144060000.0,
        "Selling And Marketing Expense": 80108000.0,
        "General And Administrative Expense": 1063952000.0,
        "Other Gand A": 475367000.0,
        "Salaries And Wages": 588585000.0,
        "Gross Profit": 368939000.0,
        "Cost Of Revenue": 1425565000.0,
        "Total Revenue": 1794504000.0,
        "Excise Taxes": 170131000.0,
        "Operating Revenue": 1768684000.0
    },
    "2025-09-30": {
        "Tax Effect Of Unusual Items": 956155.035322,
        "Tax Rate For Calcs": 0.000372,
        "Normalized EBITDA": -1021930000.0,
        "Total Unusual Items": 2570222000.0,
        "Total Unusual Items Excluding Goodwill": 2570222000.0,
        "Net Income From Continuing Operation Net Minority Interest": 1319621000.0,
        "Reconciled Depreciation": 75708000.0,
        "Reconciled Cost Of Revenue": 1523520000.0,
        "EBITDA": 1548292000.0,
        "EBIT": 1472584000.0,
        "Net Interest Income": -133274000.0,
        "Interest Expense": 141984000.0,
        "Interest Income": 8710000.0,
        "Normalized Income": -1249644844.964678,
        "Net Income From Continuing And Discontinued Operation": 1319621000.0,
        "Total Expenses": 3227784000.0,
        "Diluted Average Shares": 534927000.0,
        "Basic Average Shares": 526034000.0,
        "Diluted EPS": 2.4669,
        "Basic EPS": 2.5086,
        "Diluted NI Availto Com Stockholders": 1319621000.0,
        "Net Income Common Stockholders": 1319621000.0,
        "Net Income": 1319621000.0,
        "Minority Interests": -10484000.0,
        "Net Income Including Noncontrolling Interests": 1330105000.0,
        "Net Income Continuous Operations": 1330105000.0,
        "Tax Provision": 495000.0,
        "Pretax Income": 1330600000.0,
        "Other Income Expense": 2601193000.0,
        "Earnings From Equity Interest": 30971000.0,
        "Gain On Sale Of Security": 2570222000.0,
        "Net Non Operating Interest Income Expense": -133274000.0,
        "Interest Expense Non Operating": 141984000.0,
        "Interest Income Non Operating": 8710000.0,
        "Operating Income": -1137319000.0,
        "Operating Expense": 1704262000.0,
        "Other Operating Expenses": 299011000.0,
        "Other Taxes": 16687000.0,
        "Provision For Doubtful Accounts": 89978000.0,
        "Depreciation Amortization Depletion Income Statement": 75706000.0,
        "Depreciation And Amortization In Income Statement": 75706000.0,
        "Amortization": 40964000.0,
        "Amortization Of Intangibles Income Statement": 40964000.0,
        "Depreciation Income Statement": 34742000.0,
        "Selling General And Administration": 1222880000.0,
        "Selling And Marketing Expense": 77209000.0,
        "General And Administrative Expense": 1145671000.0,
        "Other Gand A": 465356000.0,
        "Salaries And Wages": 680315000.0,
        "Gross Profit": 566943000.0,
        "Cost Of Revenue": 1523522000.0,
        "Total Revenue": 2090465000.0,
        "Excise Taxes": 214882000.0,
        "Operating Revenue": 2036899000.0
    }
}