{
    "2023-03-31": {
        "Tax Effect Of Unusual Items": NaN,
        "Tax Rate For Calcs": NaN,
        "Normalized EBITDA": NaN,
        "Total Unusual Items": NaN,
        "Total Unusual Items Excluding Goodwill": NaN,
        "Net Income From Continuing Operation Net Minority Interest": NaN,
        "Reconciled Depreciation": NaN,
        "Reconciled Cost Of Revenue": NaN,
        "EBITDA": NaN,
        "EBIT": NaN,
        "Net Interest Income": NaN,
        "Interest Expense": NaN,
        "Interest Income": 1108000.0,
        "Normalized Income": NaN,
        "Net Income From Continuing And Discontinued Operation": NaN,
        "Total Expenses": NaN,
        "Total Operating Income As Reported": NaN,
        "Diluted Average Shares": NaN,
        "Basic Average Shares": NaN,
        "Diluted EPS": NaN,
        "Basic EPS": NaN,
        "Diluted NI Availto Com Stockholders": NaN,
        "Net Income Common Stockholders": NaN,
        "Net Income": NaN,
        "Minority Interests": NaN,
        "Net Income Including Noncontrolling Interests": NaN,
        "Net Income Continuous Operations": NaN,
        "Tax Provision": NaN,
        "Pretax Income": NaN,
        "Other Income Expense": -1096000.0,
        "Other Non Operating Income Expenses": 368000.0,
        "Special Income Charges": NaN,
        "Gain On Sale Of Business": NaN,
        "Impairment Of Capital Assets": NaN,
        "Net Non Operating Interest Income Expense": NaN,
        "Interest Expense Non Operating": NaN,
        "Interest Income Non Operating": 1108000.0,
        "Operating Income": NaN,
        "Operating Expense": NaN,
        "Depreciation Amortization Depletion Income Statement": NaN,
        "Depreciation And Amortization In Income Statement": NaN,
        "Amortization": NaN,
        "Amortization Of Intangibles Income Statement": NaN,
        "Depreciation Income Statement": NaN,
        "Research And Development": NaN,
        "Selling General And Administration": NaN,
        "General And Administrative Expense": NaN,
        "Other Gand A": NaN,
        "Gross Profit": NaN,
        "Cost Of Revenue": NaN,
        "Total Revenue": NaN,
        "Operating Revenue": NaN
    },
    "2022-12-31": {
        "Tax Effect Of Unusual Items": NaN,
        "Tax Rate For Calcs": NaN,
        "Normalized EBITDA": NaN,
        "Total Unusual Items": NaN,
        "Total Unusual Items Excluding Goodwill": NaN,
        "Net Income From Continuing Operation Net Minority Interest": NaN,
        "Reconciled Depreciation": NaN,
        "Reconciled Cost Of Revenue": NaN,
        "EBITDA": NaN,
        "EBIT": NaN,
        "Net Interest Income": NaN,
        "Interest Expense": NaN,
        "Interest Income": NaN,
        "Normalized Income": NaN,
        "Net Income From Continuing And Discontinued Operation": NaN,
        "Total Expenses": NaN,
        "Total Operating Income As Reported": NaN,
        "Diluted Average Shares": NaN,
        "Basic Average Shares": NaN,
        "Diluted EPS": NaN,
        "Basic EPS": NaN,
        "Diluted NI Availto Com Stockholders": NaN,
        "Net Income Common Stockholders": NaN,
        "Net Income": NaN,
        "Minority Interests": NaN,
        "Net Income Including Noncontrolling Interests": NaN,
        "Net Income Continuous Operations": NaN,
        "Tax Provision": NaN,
        "Pretax Income": NaN,
        "Other Income Expense": NaN,
        "Other Non Operating Income Expenses": 2116000.0,
        "Special Income Charges": NaN,
        "Gain On Sale Of Business": NaN,
        "Impairment Of Capital Assets": NaN,
        "Net Non Operating Interest Income Expense": NaN,
        "Interest Expense Non Operating": NaN,
        "Interest Income Non Operating": NaN,
        "Operating Income": NaN,
        "Operating Expense": NaN,
        "Depreciation Amortization Depletion Income Statement": NaN,
        "Depreciation And Amortization In Income Statement": NaN,
        "Amortization": NaN,
        "Amortization Of Intangibles Income Statement": NaN,
        "Depreciation Income Statement": NaN,
        "Research And Development": NaN,
        "Selling General And Administration": NaN,
        "General And Administrative Expense": NaN,
        "Other Gand A": NaN,
        "Gross Profit": NaN,
        "Cost Of Revenue": NaN,
        "Total Revenue": NaN,
        "Operating Revenue": NaN
    },
    "2022-09-30": {
        "Tax Effect Of Unusual Items": NaN,
        "Tax Rate For Calcs": NaN,
        "Normalized EBITDA": NaN,
        "Total Unusual Items": NaN,
        "Total Unusual Items Excluding Goodwill": NaN,
        "Net Income From Continuing Operation Net Minority Interest": NaN,
        "Reconciled Depreciation": NaN,
        "Reconciled Cost Of Revenue": NaN,
        "EBITDA": NaN,
        "EBIT": NaN,
        "Net Interest Income": NaN,
        "Interest Expense": NaN,
        "Interest Income": NaN,
        "Normalized Income": NaN,
        "Net Income From Continuing And Discontinued Operation": NaN,
        "Total Expenses": NaN,
        "Total Operating Income As Reported": NaN,
        "Diluted Average Shares": 42024000.0,
        "Basic Average Shares": 42024000.0,
        "Diluted EPS": -9.54,
        "Basic EPS": -9.54,
        "Diluted NI Availto Com Stockholders": NaN,
        "Net Income Common Stockholders": NaN,
        "Net Income": NaN,
        "Minority Interests": NaN,
        "Net Income Including Noncontrolling Interests": NaN,
        "Net Income Continuous Operations": NaN,
        "Tax Provision": NaN,
        "Pretax Income": NaN,
        "Other Income Expense": NaN,
        "Other Non Operating Income Expenses": NaN,
        "Special Income Charges": NaN,
        "Gain On Sale Of Business": NaN,
        "Impairment Of Capital Assets": NaN,
        "Net Non Operating Interest Income Expense": NaN,
        "Interest Expense Non Operating": NaN,
        "Interest Income Non Operating": NaN,
        "Operating Income": NaN,
        "Operating Expense": NaN,
        "Depreciation Amortization Depletion Income Statement": NaN,
        "Depreciation And Amortization In Income Statement": NaN,
        "Amortization": NaN,
        "Amortization Of Intangibles Income Statement": NaN,
        "Depreciation Income Statement": NaN,
        "Research And Development": NaN,
        "Selling General And Administration": NaN,
        "General And Administrative Expense": NaN,
        "Other Gand A": NaN,
        "Gross Profit": NaN,
        "Cost Of Revenue": NaN,
        "Total Revenue": NaN,
        "Operating Revenue": NaN
    },
    "2022-06-30": {
        "Tax Effect Of Unusual Items": 0.0,
        "Tax Rate For Calcs": 0.4,
        "Normalized EBITDA": -1397000.0,
        "Total Unusual Items": NaN,
        "Total Unusual Items Excluding Goodwill": NaN,
        "Net Income From Continuing Operation Net Minority Interest": -31517000.0,
        "Reconciled Depreciation": 20997000.0,
        "Reconciled Cost Of Revenue": 26879000.0,
        "EBITDA": -1397000.0,
        "EBIT": -22394000.0,
        "Normalized Income": -31517000.0,
        "Net Income From Continuing And Discontinued Operation": -31517000.0,
        "Total Expenses": 148824000.0,
        "Total Operating Income As Reported": -22620000.0,
        "Diluted Average Shares": 41707171.0,
        "Basic Average Shares": 41707171.0,
        "Diluted EPS": -0.722418,
        "Basic EPS": -0.722418,
        "Diluted NI Availto Com Stockholders": -31517000.0,
        "Net Income Common Stockholders": -31517000.0,
        "Net Income": -31517000.0,
        "Minority Interests": 848000.0,
        "Net Income Including Noncontrolling Interests": -32365000.0,
        "Net Income Continuous Operations": -32365000.0,
        "Tax Provision": 7956000.0,
        "Pretax Income": -24409000.0,
        "Other Income Expense": -289000.0,
        "Other Non Operating Income Expenses": -289000.0,
        "Special Income Charges": NaN,
        "Impairment Of Capital Assets": NaN,
        "Operating Income": -22620000.0,
        "Operating Expense": 121945000.0,
        "Depreciation Amortization Depletion Income Statement": 20997000.0,
        "Depreciation And Amortization In Income Statement": 20997000.0,
        "Amortization": 15853000.0,
        "Amortization Of Intangibles Income Statement": 15853000.0,
        "Depreciation Income Statement": 5144000.0,
        "Research And Development": 51117000.0,
        "Selling General And Administration": 49831000.0,
        "General And Administrative Expense": NaN,
        "Other Gand A": NaN,
        "Gross Profit": 99325000.0,
        "Cost Of Revenue": 26879000.0,
        "Total Revenue": 126204000.0,
        "Operating Revenue": 126204000.0
    },
    "2022-03-31": {
        "Diluted EPS": -0.7,
        "Total Revenue": 119,
        "Gross Profit": 91,
        "Operating Income": -29,
        "EBIT": -9,
        "Net Income": -30
    },
    "2021-12-31": {
        "Diluted EPS": 0.0,
        "Total Revenue": NaN,
        "Gross Profit": NaN,
        "Operating Income": NaN,
        "EBIT": NaN,
        "Net Income": NaN
    },
    "2021-09-30": {
        "Diluted EPS": -1.1,
        "Total Revenue": 118,
        "Gross Profit": 85,
        "Operating Income": -45,
        "EBIT": -45,
        "Net Income": -46
    },
    "2020-12-31": {
        "Diluted EPS": 0.0,
        "Total Revenue": NaN,
        "Gross Profit": NaN,
        "Operating Income": NaN,
        "EBIT": NaN,
        "Net Income": NaN
    },
    "2023-06-30": {
        "Tax Effect Of Unusual Items": NaN,
        "Tax Rate For Calcs": NaN,
        "Normalized EBITDA": NaN,
        "Total Unusual Items": NaN,
        "Total Unusual Items Excluding Goodwill": NaN,
        "Net Income From Continuing Operation Net Minority Interest": NaN,
        "Reconciled Depreciation": NaN,
        "Reconciled Cost Of Revenue": NaN,
        "EBITDA": NaN,
        "EBIT": NaN,
        "Net Interest Income": NaN,
        "Interest Expense": NaN,
        "Interest Income": 1658000.0,
        "Normalized Income": NaN,
        "Net Income From Continuing And Discontinued Operation": NaN,
        "Total Expenses": NaN,
        "Total Operating Income As Reported": NaN,
        "Diluted Average Shares": NaN,
        "Basic Average Shares": NaN,
        "Diluted EPS": NaN,
        "Basic EPS": NaN,
        "Diluted NI Availto Com Stockholders": NaN,
        "Net Income Common Stockholders": NaN,
        "Net Income": NaN,
        "Minority Interests": NaN,
        "Net Income Including Noncontrolling Interests": NaN,
        "Net Income Continuous Operations": NaN,
        "Tax Provision": NaN,
        "Pretax Income": NaN,
        "Other Income Expense": 908000.0,
        "Other Non Operating Income Expenses": 908000.0,
        "Special Income Charges": NaN,
        "Gain On Sale Of Business": NaN,
        "Impairment Of Capital Assets": NaN,
        "Net Non Operating Interest Income Expense": NaN,
        "Interest Expense Non Operating": NaN,
        "Interest Income Non Operating": 1658000.0,
        "Operating Income": NaN,
        "Operating Expense": NaN,
        "Depreciation Amortization Depletion Income Statement": NaN,
        "Depreciation And Amortization In Income Statement": NaN,
        "Amortization": NaN,
        "Amortization Of Intangibles Income Statement": NaN,
        "Depreciation Income Statement": NaN,
        "Research And Development": NaN,
        "Selling General And Administration": NaN,
        "General And Administrative Expense": NaN,
        "Other Gand A": NaN,
        "Gross Profit": NaN,
        "Cost Of Revenue": NaN,
        "Total Revenue": NaN,
        "Operating Revenue": NaN
    },
    "2023-09-30": {
        "Tax Effect Of Unusual Items": NaN,
        "Tax Rate For Calcs": NaN,
        "Normalized EBITDA": NaN,
        "Total Unusual Items": NaN,
        "Total Unusual Items Excluding Goodwill": NaN,
        "Net Income From Continuing Operation Net Minority Interest": NaN,
        "Reconciled Depreciation": NaN,
        "Reconciled Cost Of Revenue": NaN,
        "EBITDA": NaN,
        "EBIT": NaN,
        "Net Interest Income": NaN,
        "Interest Expense": NaN,
        "Interest Income": NaN,
        "Normalized Income": NaN,
        "Net Income From Continuing And Discontinued Operation": NaN,
        "Total Expenses": NaN,
        "Total Operating Income As Reported": NaN,
        "Diluted Average Shares": NaN,
        "Basic Average Shares": NaN,
        "Diluted EPS": NaN,
        "Basic EPS": NaN,
        "Diluted NI Availto Com Stockholders": NaN,
        "Net Income Common Stockholders": NaN,
        "Net Income": NaN,
        "Minority Interests": NaN,
        "Net Income Including Noncontrolling Interests": NaN,
        "Net Income Continuous Operations": NaN,
        "Tax Provision": NaN,
        "Pretax Income": NaN,
        "Other Income Expense": -1336000.0,
        "Other Non Operating Income Expenses": -1336000.0,
        "Special Income Charges": NaN,
        "Gain On Sale Of Business": NaN,
        "Impairment Of Capital Assets": NaN,
        "Net Non Operating Interest Income Expense": NaN,
        "Interest Expense Non Operating": NaN,
        "Interest Income Non Operating": NaN,
        "Operating Income": NaN,
        "Operating Expense": NaN,
        "Depreciation Amortization Depletion Income Statement": NaN,
        "Depreciation And Amortization In Income Statement": NaN,
        "Amortization": NaN,
        "Amortization Of Intangibles Income Statement": NaN,
        "Depreciation Income Statement": NaN,
        "Research And Development": NaN,
        "Selling General And Administration": NaN,
        "General And Administrative Expense": NaN,
        "Other Gand A": NaN,
        "Gross Profit": NaN,
        "Cost Of Revenue": NaN,
        "Total Revenue": NaN,
        "Operating Revenue": NaN
    },
    "2023-12-31": {
        "Tax Effect Of Unusual Items": NaN,
        "Tax Rate For Calcs": NaN,
        "Normalized EBITDA": NaN,
        "Total Unusual Items": NaN,
        "Total Unusual Items Excluding Goodwill": NaN,
        "Net Income From Continuing Operation Net Minority Interest": NaN,
        "Reconciled Depreciation": NaN,
        "Reconciled Cost Of Revenue": NaN,
        "EBITDA": NaN,
        "EBIT": NaN,
        "Net Interest Income": NaN,
        "Interest Expense": NaN,
        "Interest Income": NaN,
        "Normalized Income": NaN,
        "Net Income From Continuing And Discontinued Operation": NaN,
        "Total Expenses": NaN,
        "Total Operating Income As Reported": NaN,
        "Diluted Average Shares": NaN,
        "Basic Average Shares": NaN,
        "Diluted EPS": NaN,
        "Basic EPS": NaN,
        "Diluted NI Availto Com Stockholders": NaN,
        "Net Income Common Stockholders": NaN,
        "Net Income": NaN,
        "Minority Interests": NaN,
        "Net Income Including Noncontrolling Interests": NaN,
        "Net Income Continuous Operations": NaN,
        "Tax Provision": NaN,
        "Pretax Income": NaN,
        "Other Income Expense": -563000.0,
        "Other Non Operating Income Expenses": 51000.0,
        "Special Income Charges": NaN,
        "Gain On Sale Of Business": NaN,
        "Impairment Of Capital Assets": 614000.0,
        "Net Non Operating Interest Income Expense": NaN,
        "Interest Expense Non Operating": NaN,
        "Interest Income Non Operating": NaN,
        "Operating Income": NaN,
        "Operating Expense": NaN,
        "Depreciation Amortization Depletion Income Statement": NaN,
        "Depreciation And Amortization In Income Statement": NaN,
        "Amortization": NaN,
        "Amortization Of Intangibles Income Statement": NaN,
        "Depreciation Income Statement": NaN,
        "Research And Development": NaN,
        "Selling General And Administration": NaN,
        "General And Administrative Expense": NaN,
        "Other Gand A": NaN,
        "Gross Profit": NaN,
        "Cost Of Revenue": NaN,
        "Total Revenue": NaN,
        "Operating Revenue": NaN
    },
    "2024-03-31": {
        "Tax Effect Of Unusual Items": 4816140.0,
        "Tax Rate For Calcs": 0.21,
        "Normalized EBITDA": -16662000.0,
        "Total Unusual Items": 22934000.0,
        "Total Unusual Items Excluding Goodwill": 22934000.0,
        "Net Income From Continuing Operation Net Minority Interest": -13120000.0,
        "Reconciled Depreciation": 14623000.0,
        "Reconciled Cost Of Revenue": 29756000.0,
        "EBITDA": 6272000.0,
        "EBIT": -8351000.0,
        "Net Interest Income": 294000.0,
        "Interest Expense": 748000.0,
        "Interest Income": 1042000.0,
        "Normalized Income": -31237860.0,
        "Net Income From Continuing And Discontinued Operation": -13120000.0,
        "Total Expenses": 151171000.0,
        "Total Operating Income As Reported": -32327000.0,
        "Diluted Average Shares": 44521000.0,
        "Basic Average Shares": 44521000.0,
        "Diluted EPS": -0.29,
        "Basic EPS": -0.29,
        "Diluted NI Availto Com Stockholders": -13120000.0,
        "Net Income Common Stockholders": -13120000.0,
        "Net Income": -13120000.0,
        "Minority Interests": 251000.0,
        "Net Income Including Noncontrolling Interests": -13371000.0,
        "Net Income Continuous Operations": -13371000.0,
        "Tax Provision": 4272000.0,
        "Pretax Income": -9099000.0,
        "Other Income Expense": 22934000.0,
        "Other Non Operating Income Expenses": NaN,
        "Special Income Charges": 22934000.0,
        "Gain On Sale Of Business": 22934000.0,
        "Impairment Of Capital Assets": 0.0,
        "Net Non Operating Interest Income Expense": 294000.0,
        "Interest Expense Non Operating": 748000.0,
        "Interest Income Non Operating": 1042000.0,
        "Operating Income": -32327000.0,
        "Operating Expense": 121415000.0,
        "Depreciation Amortization Depletion Income Statement": 14623000.0,
        "Depreciation And Amortization In Income Statement": 14623000.0,
        "Amortization": 11039000.0,
        "Amortization Of Intangibles Income Statement": 11039000.0,
        "Depreciation Income Statement": 3584000.0,
        "Research And Development": 50439000.0,
        "Selling General And Administration": 56353000.0,
        "General And Administrative Expense": 56353000.0,
        "Other Gand A": 56353000.0,
        "Gross Profit": 89088000.0,
        "Cost Of Revenue": 29756000.0,
        "Total Revenue": 118844000.0,
        "Operating Revenue": 118844000.0
    },
    "2024-06-30": {
        "Tax Effect Of Unusual Items": 0.0,
        "Tax Rate For Calcs": 0.21,
        "Normalized EBITDA": -6297000.0,
        "Total Unusual Items": 0.0,
        "Total Unusual Items Excluding Goodwill": 0.0,
        "Net Income From Continuing Operation Net Minority Interest": -30299000.0,
        "Reconciled Depreciation": 14320000.0,
        "Reconciled Cost Of Revenue": 28953000.0,
        "EBITDA": -6297000.0,
        "EBIT": -20617000.0,
        "Net Interest Income": 542000.0,
        "Interest Expense": 748000.0,
        "Interest Income": 1290000.0,
        "Normalized Income": -30299000.0,
        "Net Income From Continuing And Discontinued Operation": -30299000.0,
        "Total Expenses": 141498000.0,
        "Total Operating Income As Reported": -21907000.0,
        "Diluted Average Shares": 45331000.0,
        "Basic Average Shares": 45331000.0,
        "Diluted EPS": -0.67,
        "Basic EPS": -0.67,
        "Diluted NI Availto Com Stockholders": -30299000.0,
        "Net Income Common Stockholders": -30299000.0,
        "Net Income": -30299000.0,
        "Minority Interests": 332000.0,
        "Net Income Including Noncontrolling Interests": -30631000.0,
        "Net Income Continuous Operations": -30631000.0,
        "Tax Provision": 9266000.0,
        "Pretax Income": -21365000.0,
        "Other Income Expense": NaN,
        "Other Non Operating Income Expenses": NaN,
        "Special Income Charges": 0.0,
        "Gain On Sale Of Business": 0.0,
        "Impairment Of Capital Assets": 0.0,
        "Net Non Operating Interest Income Expense": 542000.0,
        "Interest Expense Non Operating": 748000.0,
        "Interest Income Non Operating": 1290000.0,
        "Operating Income": -21907000.0,
        "Operating Expense": 112545000.0,
        "Depreciation Amortization Depletion Income Statement": 14320000.0,
        "Depreciation And Amortization In Income Statement": 14320000.0,
        "Amortization": 11042000.0,
        "Amortization Of Intangibles Income Statement": 11042000.0,
        "Depreciation Income Statement": 3278000.0,
        "Research And Development": 45123000.0,
        "Selling General And Administration": 53102000.0,
        "General And Administrative Expense": 53102000.0,
        "Other Gand A": 53102000.0,
        "Gross Profit": 90638000.0,
        "Cost Of Revenue": 28953000.0,
        "Total Revenue": 119591000.0,
        "Operating Revenue": 119591000.0
    },
    "2024-09-30": {
        "Tax Effect Of Unusual Items": 0.0,
        "Tax Rate For Calcs": 0.21,
        "Normalized EBITDA": -2324000.0,
        "Total Unusual Items": 0.0,
        "Total Unusual Items Excluding Goodwill": 0.0,
        "Net Income From Continuing Operation Net Minority Interest": -16805000.0,
        "Reconciled Depreciation": 13852000.0,
        "Reconciled Cost Of Revenue": 27484000.0,
        "EBITDA": -2324000.0,
        "EBIT": -16176000.0,
        "Net Interest Income": 1623000.0,
        "Interest Expense": 756000.0,
        "Interest Income": 2379000.0,
        "Normalized Income": -16805000.0,
        "Net Income From Continuing And Discontinued Operation": -16805000.0,
        "Total Expenses": 151446000.0,
        "Total Operating Income As Reported": -18555000.0,
        "Diluted Average Shares": 45683000.0,
        "Basic Average Shares": 45683000.0,
        "Diluted EPS": -0.37,
        "Basic EPS": -0.37,
        "Diluted NI Availto Com Stockholders": -16805000.0,
        "Net Income Common Stockholders": -16805000.0,
        "Net Income": -16805000.0,
        "Minority Interests": 3026000.0,
        "Net Income Including Noncontrolling Interests": -19831000.0,
        "Net Income Continuous Operations": -19831000.0,
        "Tax Provision": 2899000.0,
        "Pretax Income": -16932000.0,
        "Other Income Expense": NaN,
        "Other Non Operating Income Expenses": NaN,
        "Special Income Charges": 0.0,
        "Gain On Sale Of Business": 0.0,
        "Impairment Of Capital Assets": 0.0,
        "Net Non Operating Interest Income Expense": 1623000.0,
        "Interest Expense Non Operating": 756000.0,
        "Interest Income Non Operating": 2379000.0,
        "Operating Income": -18555000.0,
        "Operating Expense": 123962000.0,
        "Depreciation Amortization Depletion Income Statement": 13852000.0,
        "Depreciation And Amortization In Income Statement": 13852000.0,
        "Amortization": 10934000.0,
        "Amortization Of Intangibles Income Statement": 10934000.0,
        "Depreciation Income Statement": 2918000.0,
        "Research And Development": 53627000.0,
        "Selling General And Administration": 56483000.0,
        "General And Administrative Expense": 56483000.0,
        "Other Gand A": 56483000.0,
        "Gross Profit": 105407000.0,
        "Cost Of Revenue": 27484000.0,
        "Total Revenue": 132891000.0,
        "Operating Revenue": 132891000.0
    },
    "2024-12-31": {
        "Tax Effect Of Unusual Items": 16036440.0,
        "Tax Rate For Calcs": 0.21,
        "Normalized EBITDA": -3414000.0,
        "Total Unusual Items": 76364000.0,
        "Total Unusual Items Excluding Goodwill": 76364000.0,
        "Net Income From Continuing Operation Net Minority Interest": 46216000.0,
        "Reconciled Depreciation": 13219000.0,
        "Reconciled Cost Of Revenue": 27563000.0,
        "EBITDA": 72950000.0,
        "EBIT": 59731000.0,
        "Net Interest Income": -4638000.0,
        "Interest Expense": 756000.0,
        "Interest Income": -3882000.0,
        "Normalized Income": -14111560.0,
        "Net Income From Continuing And Discontinued Operation": 46216000.0,
        "Total Expenses": 135113000.0,
        "Total Operating Income As Reported": -14286000.0,
        "Diluted Average Shares": 45522000.0,
        "Basic Average Shares": 44691000.0,
        "Diluted EPS": 1.02,
        "Basic EPS": 1.03,
        "Diluted NI Availto Com Stockholders": 46216000.0,
        "Net Income Common Stockholders": 46216000.0,
        "Net Income": 46216000.0,
        "Minority Interests": -16748000.0,
        "Net Income Including Noncontrolling Interests": 62964000.0,
        "Net Income Continuous Operations": 62964000.0,
        "Tax Provision": -3989000.0,
        "Pretax Income": 58975000.0,
        "Other Income Expense": 76364000.0,
        "Other Non Operating Income Expenses": NaN,
        "Special Income Charges": 76364000.0,
        "Gain On Sale Of Business": 77899000.0,
        "Impairment Of Capital Assets": 1535000.0,
        "Net Non Operating Interest Income Expense": -4638000.0,
        "Interest Expense Non Operating": 756000.0,
        "Interest Income Non Operating": -3882000.0,
        "Operating Income": -12751000.0,
        "Operating Expense": 107550000.0,
        "Depreciation Amortization Depletion Income Statement": 13219000.0,
        "Depreciation And Amortization In Income Statement": 13219000.0,
        "Amortization": 10361000.0,
        "Amortization Of Intangibles Income Statement": 10361000.0,
        "Depreciation Income Statement": 2858000.0,
        "Research And Development": 42163000.0,
        "Selling General And Administration": 52168000.0,
        "General And Administrative Expense": 52168000.0,
        "Other Gand A": 52168000.0,
        "Gross Profit": 94799000.0,
        "Cost Of Revenue": 27563000.0,
        "Total Revenue": 122362000.0,
        "Operating Revenue": 122362000.0
    },
    "2025-03-31": {
        "Tax Effect Of Unusual Items": 0.0,
        "Tax Rate For Calcs": 0.21,
        "Normalized EBITDA": -1518000.0,
        "Total Unusual Items": 0.0,
        "Total Unusual Items Excluding Goodwill": 0.0,
        "Net Income From Continuing Operation Net Minority Interest": -18366000.0,
        "Reconciled Depreciation": 12627000.0,
        "Reconciled Cost Of Revenue": 29599000.0,
        "EBITDA": -1518000.0,
        "EBIT": -14145000.0,
        "Net Interest Income": 1563000.0,
        "Interest Expense": 732000.0,
        "Interest Income": 2295000.0,
        "Normalized Income": -18366000.0,
        "Net Income From Continuing And Discontinued Operation": -18366000.0,
        "Total Expenses": 130473000.0,
        "Total Operating Income As Reported": -16440000.0,
        "Diluted Average Shares": 44773000.0,
        "Basic Average Shares": 44773000.0,
        "Diluted EPS": -0.41,
        "Basic EPS": -0.41,
        "Diluted NI Availto Com Stockholders": -18366000.0,
        "Net Income Common Stockholders": -18366000.0,
        "Net Income": -18366000.0,
        "Minority Interests": 0.0,
        "Net Income Including Noncontrolling Interests": -18366000.0,
        "Net Income Continuous Operations": -18366000.0,
        "Tax Provision": 3489000.0,
        "Pretax Income": -14877000.0,
        "Other Income Expense": NaN,
        "Other Non Operating Income Expenses": NaN,
        "Special Income Charges": 0.0,
        "Gain On Sale Of Business": 0.0,
        "Impairment Of Capital Assets": NaN,
        "Net Non Operating Interest Income Expense": 1563000.0,
        "Interest Expense Non Operating": 732000.0,
        "Interest Income Non Operating": 2295000.0,
        "Operating Income": -16440000.0,
        "Operating Expense": 100874000.0,
        "Depreciation Amortization Depletion Income Statement": 12627000.0,
        "Depreciation And Amortization In Income Statement": 12627000.0,
        "Amortization": 9722000.0,
        "Amortization Of Intangibles Income Statement": 9722000.0,
        "Depreciation Income Statement": 2905000.0,
        "Research And Development": 39549000.0,
        "Selling General And Administration": 48698000.0,
        "General And Administrative Expense": 48698000.0,
        "Other Gand A": 48698000.0,
        "Gross Profit": 84434000.0,
        "Cost Of Revenue": 29599000.0,
        "Total Revenue": 114033000.0,
        "Operating Revenue": 114033000.0
    }
}