{
    "2023-03-31": {
        "Tax Effect Of Unusual Items": NaN,
        "Tax Rate For Calcs": NaN,
        "Normalized EBITDA": NaN,
        "Total Unusual Items": NaN,
        "Total Unusual Items Excluding Goodwill": NaN,
        "Net Income From Continuing Operation Net Minority Interest": NaN,
        "Reconciled Depreciation": NaN,
        "Reconciled Cost Of Revenue": NaN,
        "EBITDA": NaN,
        "EBIT": NaN,
        "Net Interest Income": NaN,
        "Interest Expense": NaN,
        "Interest Income": NaN,
        "Normalized Income": NaN,
        "Net Income From Continuing And Discontinued Operation": NaN,
        "Total Expenses": NaN,
        "Rent Expense Supplemental": NaN,
        "Total Operating Income As Reported": NaN,
        "Diluted Average Shares": NaN,
        "Basic Average Shares": NaN,
        "Diluted EPS": NaN,
        "Basic EPS": NaN,
        "Diluted NI Availto Com Stockholders": NaN,
        "Net Income Common Stockholders": NaN,
        "Net Income": NaN,
        "Net Income Including Noncontrolling Interests": NaN,
        "Net Income Continuous Operations": NaN,
        "Tax Provision": NaN,
        "Pretax Income": NaN,
        "Other Income Expense": NaN,
        "Other Non Operating Income Expenses": NaN,
        "Special Income Charges": NaN,
        "Gain On Sale Of Ppe": NaN,
        "Other Special Charges": 281680.0,
        "Net Non Operating Interest Income Expense": NaN,
        "Interest Expense Non Operating": NaN,
        "Interest Income Non Operating": NaN,
        "Operating Income": NaN,
        "Operating Expense": NaN,
        "Depreciation Amortization Depletion Income Statement": NaN,
        "Depreciation And Amortization In Income Statement": NaN,
        "Depreciation Income Statement": NaN,
        "Research And Development": NaN,
        "Selling General And Administration": NaN,
        "Selling And Marketing Expense": NaN,
        "General And Administrative Expense": NaN,
        "Other Gand A": NaN,
        "Insurance And Claims": NaN,
        "Rent And Landing Fees": NaN,
        "Salaries And Wages": NaN,
        "Gross Profit": NaN,
        "Cost Of Revenue": NaN,
        "Total Revenue": NaN,
        "Operating Revenue": NaN
    },
    "2022-12-31": {
        "Tax Effect Of Unusual Items": NaN,
        "Tax Rate For Calcs": NaN,
        "Normalized EBITDA": NaN,
        "Total Unusual Items": NaN,
        "Total Unusual Items Excluding Goodwill": NaN,
        "Net Income From Continuing Operation Net Minority Interest": NaN,
        "Reconciled Depreciation": NaN,
        "Reconciled Cost Of Revenue": NaN,
        "EBITDA": NaN,
        "EBIT": NaN,
        "Net Interest Income": NaN,
        "Interest Expense": NaN,
        "Interest Income": NaN,
        "Normalized Income": NaN,
        "Net Income From Continuing And Discontinued Operation": NaN,
        "Total Expenses": NaN,
        "Rent Expense Supplemental": NaN,
        "Total Operating Income As Reported": NaN,
        "Diluted Average Shares": NaN,
        "Basic Average Shares": NaN,
        "Diluted EPS": NaN,
        "Basic EPS": NaN,
        "Diluted NI Availto Com Stockholders": NaN,
        "Net Income Common Stockholders": NaN,
        "Net Income": NaN,
        "Net Income Including Noncontrolling Interests": NaN,
        "Net Income Continuous Operations": NaN,
        "Tax Provision": NaN,
        "Pretax Income": NaN,
        "Other Income Expense": 0.0,
        "Other Non Operating Income Expenses": 0.0,
        "Special Income Charges": NaN,
        "Gain On Sale Of Ppe": NaN,
        "Other Special Charges": NaN,
        "Net Non Operating Interest Income Expense": NaN,
        "Interest Expense Non Operating": NaN,
        "Interest Income Non Operating": NaN,
        "Operating Income": NaN,
        "Operating Expense": NaN,
        "Depreciation Amortization Depletion Income Statement": NaN,
        "Depreciation And Amortization In Income Statement": NaN,
        "Depreciation Income Statement": NaN,
        "Research And Development": NaN,
        "Selling General And Administration": NaN,
        "Selling And Marketing Expense": NaN,
        "General And Administrative Expense": NaN,
        "Other Gand A": NaN,
        "Insurance And Claims": NaN,
        "Rent And Landing Fees": NaN,
        "Salaries And Wages": NaN,
        "Gross Profit": NaN,
        "Cost Of Revenue": NaN,
        "Total Revenue": NaN,
        "Operating Revenue": NaN
    },
    "2022-09-30": {
        "Tax Effect Of Unusual Items": NaN,
        "Tax Rate For Calcs": NaN,
        "Normalized EBITDA": NaN,
        "Total Unusual Items": NaN,
        "Total Unusual Items Excluding Goodwill": NaN,
        "Net Income From Continuing Operation Net Minority Interest": NaN,
        "Reconciled Depreciation": NaN,
        "Reconciled Cost Of Revenue": NaN,
        "EBITDA": NaN,
        "EBIT": NaN,
        "Net Interest Income": NaN,
        "Interest Expense": NaN,
        "Interest Income": NaN,
        "Normalized Income": NaN,
        "Net Income From Continuing And Discontinued Operation": NaN,
        "Total Expenses": NaN,
        "Rent Expense Supplemental": NaN,
        "Total Operating Income As Reported": NaN,
        "Diluted Average Shares": 6802464.0,
        "Basic Average Shares": 6802464.0,
        "Diluted EPS": -0.19,
        "Basic EPS": -0.19,
        "Diluted NI Availto Com Stockholders": NaN,
        "Net Income Common Stockholders": NaN,
        "Net Income": NaN,
        "Net Income Including Noncontrolling Interests": NaN,
        "Net Income Continuous Operations": NaN,
        "Tax Provision": NaN,
        "Pretax Income": NaN,
        "Other Income Expense": NaN,
        "Other Non Operating Income Expenses": NaN,
        "Special Income Charges": NaN,
        "Gain On Sale Of Ppe": NaN,
        "Other Special Charges": NaN,
        "Net Non Operating Interest Income Expense": NaN,
        "Interest Expense Non Operating": NaN,
        "Interest Income Non Operating": NaN,
        "Operating Income": NaN,
        "Operating Expense": NaN,
        "Depreciation Amortization Depletion Income Statement": NaN,
        "Depreciation And Amortization In Income Statement": NaN,
        "Depreciation Income Statement": NaN,
        "Research And Development": NaN,
        "Selling General And Administration": NaN,
        "Selling And Marketing Expense": NaN,
        "General And Administrative Expense": NaN,
        "Other Gand A": NaN,
        "Insurance And Claims": NaN,
        "Rent And Landing Fees": NaN,
        "Salaries And Wages": NaN,
        "Gross Profit": NaN,
        "Cost Of Revenue": NaN,
        "Total Revenue": NaN,
        "Operating Revenue": NaN
    },
    "2022-06-30": {
        "Tax Effect Of Unusual Items": 0.0,
        "Tax Rate For Calcs": 0.4,
        "Normalized EBITDA": -2876887.0,
        "Total Unusual Items": 0.0,
        "Total Unusual Items Excluding Goodwill": 0.0,
        "Net Income From Continuing Operation Net Minority Interest": -4091036.0,
        "Reconciled Depreciation": 38280.0,
        "Reconciled Cost Of Revenue": 1493573.0,
        "EBITDA": -2876887.0,
        "EBIT": -2915167.0,
        "Net Interest Income": -1175625.0,
        "Interest Expense": 1175719.0,
        "Interest Income": 94.0,
        "Normalized Income": -4091036.0,
        "Net Income From Continuing And Discontinued Operation": -4091036.0,
        "Total Expenses": 5117966.0,
        "Rent Expense Supplemental": 177794.0,
        "Total Operating Income As Reported": -2915246.0,
        "Diluted Average Shares": 6638825.0,
        "Basic Average Shares": 6638825.0,
        "Diluted EPS": -0.62,
        "Basic EPS": -0.62,
        "Diluted NI Availto Com Stockholders": -4091036.0,
        "Net Income Common Stockholders": -4091036.0,
        "Net Income": -4091036.0,
        "Net Income Including Noncontrolling Interests": -4091036.0,
        "Net Income Continuous Operations": -4091036.0,
        "Tax Provision": 150.0,
        "Pretax Income": -4090886.0,
        "Other Income Expense": -15.0,
        "Other Non Operating Income Expenses": -15.0,
        "Special Income Charges": 0.0,
        "Gain On Sale Of Ppe": NaN,
        "Other Special Charges": NaN,
        "Net Non Operating Interest Income Expense": -1175625.0,
        "Interest Expense Non Operating": 1175719.0,
        "Interest Income Non Operating": 94.0,
        "Operating Income": -2915246.0,
        "Operating Expense": 3621572.0,
        "Depreciation Amortization Depletion Income Statement": 35459.0,
        "Depreciation And Amortization In Income Statement": 35459.0,
        "Depreciation Income Statement": 35459.0,
        "Research And Development": 107058.0,
        "Selling General And Administration": 3479055.0,
        "Selling And Marketing Expense": 151701.0,
        "General And Administrative Expense": 3327354.0,
        "Other Gand A": 325542.0,
        "Insurance And Claims": 19813.0,
        "Rent And Landing Fees": 177794.0,
        "Salaries And Wages": 2804205.0,
        "Gross Profit": 706326.0,
        "Cost Of Revenue": 1496394.0,
        "Total Revenue": 2202720.0,
        "Operating Revenue": 2202720.0
    },
    "2022-03-31": {
        "Diluted EPS": -0.16,
        "Total Revenue": 2,
        "Gross Profit": 1,
        "Operating Income": 0,
        "EBIT": 0,
        "Net Income": -1
    },
    "2021-12-31": {
        "Diluted EPS": -1.35,
        "Total Revenue": 1,
        "Gross Profit": 0,
        "Operating Income": -1,
        "EBIT": -1,
        "Net Income": -4
    },
    "2021-09-30": {
        "Diluted EPS": -0.13,
        "Total Revenue": 1,
        "Gross Profit": 1,
        "Operating Income": 0,
        "EBIT": 0,
        "Net Income": 0
    },
    "2021-06-30": {
        "Diluted EPS": -0.05,
        "Total Revenue": 1,
        "Gross Profit": 0,
        "Operating Income": 0,
        "EBIT": 0,
        "Net Income": 0
    },
    "2021-03-31": {
        "Diluted EPS": -0.1,
        "Total Revenue": 1,
        "Gross Profit": 0,
        "Operating Income": 0,
        "EBIT": 0,
        "Net Income": 0
    },
    "2020-12-31": {
        "Diluted EPS": 0.0,
        "Total Revenue": NaN,
        "Gross Profit": NaN,
        "Operating Income": NaN,
        "EBIT": NaN,
        "Net Income": NaN
    },
    "2023-06-30": {
        "Tax Effect Of Unusual Items": NaN,
        "Tax Rate For Calcs": NaN,
        "Normalized EBITDA": NaN,
        "Total Unusual Items": NaN,
        "Total Unusual Items Excluding Goodwill": NaN,
        "Net Income From Continuing Operation Net Minority Interest": NaN,
        "Reconciled Depreciation": NaN,
        "Reconciled Cost Of Revenue": NaN,
        "EBITDA": NaN,
        "EBIT": NaN,
        "Net Interest Income": NaN,
        "Interest Expense": NaN,
        "Interest Income": NaN,
        "Normalized Income": NaN,
        "Net Income From Continuing And Discontinued Operation": NaN,
        "Total Expenses": NaN,
        "Rent Expense Supplemental": NaN,
        "Total Operating Income As Reported": NaN,
        "Diluted Average Shares": 69104.0,
        "Basic Average Shares": 69104.0,
        "Diluted EPS": -21.0,
        "Basic EPS": -21.0,
        "Diluted NI Availto Com Stockholders": NaN,
        "Net Income Common Stockholders": NaN,
        "Net Income": NaN,
        "Net Income Including Noncontrolling Interests": NaN,
        "Net Income Continuous Operations": NaN,
        "Tax Provision": NaN,
        "Pretax Income": NaN,
        "Other Income Expense": -2926.0,
        "Other Non Operating Income Expenses": 500.0,
        "Special Income Charges": NaN,
        "Gain On Sale Of Ppe": NaN,
        "Other Special Charges": NaN,
        "Net Non Operating Interest Income Expense": NaN,
        "Interest Expense Non Operating": NaN,
        "Interest Income Non Operating": NaN,
        "Operating Income": NaN,
        "Operating Expense": NaN,
        "Depreciation Amortization Depletion Income Statement": NaN,
        "Depreciation And Amortization In Income Statement": NaN,
        "Depreciation Income Statement": NaN,
        "Research And Development": NaN,
        "Selling General And Administration": NaN,
        "Selling And Marketing Expense": NaN,
        "General And Administrative Expense": NaN,
        "Other Gand A": NaN,
        "Insurance And Claims": NaN,
        "Rent And Landing Fees": NaN,
        "Salaries And Wages": NaN,
        "Gross Profit": NaN,
        "Cost Of Revenue": NaN,
        "Total Revenue": NaN,
        "Operating Revenue": NaN
    },
    "2023-09-30": {
        "Tax Effect Of Unusual Items": 0.0,
        "Tax Rate For Calcs": 0.21,
        "Normalized EBITDA": -1733622.0,
        "Total Unusual Items": 0.0,
        "Total Unusual Items Excluding Goodwill": 0.0,
        "Net Income From Continuing Operation Net Minority Interest": -1814215.0,
        "Reconciled Depreciation": 51722.0,
        "Reconciled Cost Of Revenue": 1412863.0,
        "EBITDA": -1733622.0,
        "EBIT": -1785344.0,
        "Net Interest Income": 5557.0,
        "Interest Expense": 27491.0,
        "Interest Income": 33048.0,
        "Normalized Income": -1814215.0,
        "Net Income From Continuing And Discontinued Operation": -1814215.0,
        "Total Expenses": 3708507.0,
        "Rent Expense Supplemental": 137390.0,
        "Total Operating Income As Reported": -1818392.0,
        "Diluted Average Shares": 69107.0,
        "Basic Average Shares": 69107.0,
        "Diluted EPS": -26.25,
        "Basic EPS": -26.25,
        "Diluted NI Availto Com Stockholders": -1814215.0,
        "Net Income Common Stockholders": -1814215.0,
        "Net Income": -1814215.0,
        "Net Income Including Noncontrolling Interests": -1814215.0,
        "Net Income Continuous Operations": -1814215.0,
        "Tax Provision": 1380.0,
        "Pretax Income": -1812835.0,
        "Other Income Expense": NaN,
        "Other Non Operating Income Expenses": NaN,
        "Special Income Charges": 0.0,
        "Gain On Sale Of Ppe": 0.0,
        "Other Special Charges": NaN,
        "Net Non Operating Interest Income Expense": 5557.0,
        "Interest Expense Non Operating": 27491.0,
        "Interest Income Non Operating": 33048.0,
        "Operating Income": -1818392.0,
        "Operating Expense": 2290955.0,
        "Depreciation Amortization Depletion Income Statement": 47033.0,
        "Depreciation And Amortization In Income Statement": 47033.0,
        "Depreciation Income Statement": 47033.0,
        "Research And Development": 145111.0,
        "Selling General And Administration": 2098811.0,
        "Selling And Marketing Expense": 238163.0,
        "General And Administrative Expense": 1860648.0,
        "Other Gand A": 757635.0,
        "Insurance And Claims": 43513.0,
        "Rent And Landing Fees": 137390.0,
        "Salaries And Wages": 922110.0,
        "Gross Profit": 472563.0,
        "Cost Of Revenue": 1417552.0,
        "Total Revenue": 1890115.0,
        "Operating Revenue": 1890115.0
    },
    "2023-12-31": {
        "Tax Effect Of Unusual Items": 0.0,
        "Tax Rate For Calcs": 0.21,
        "Normalized EBITDA": -2099589.0,
        "Total Unusual Items": 0.0,
        "Total Unusual Items Excluding Goodwill": 0.0,
        "Net Income From Continuing Operation Net Minority Interest": -2185993.0,
        "Reconciled Depreciation": 52009.0,
        "Reconciled Cost Of Revenue": 648941.0,
        "EBITDA": -2099589.0,
        "EBIT": -2151598.0,
        "Net Interest Income": -7535.0,
        "Interest Expense": 32444.0,
        "Interest Income": 24909.0,
        "Normalized Income": -2185993.0,
        "Net Income From Continuing And Discontinued Operation": -2185993.0,
        "Total Expenses": 3035226.0,
        "Rent Expense Supplemental": 141461.0,
        "Total Operating Income As Reported": -2176507.0,
        "Diluted Average Shares": NaN,
        "Basic Average Shares": NaN,
        "Diluted EPS": NaN,
        "Basic EPS": NaN,
        "Diluted NI Availto Com Stockholders": -2185993.0,
        "Net Income Common Stockholders": -2185993.0,
        "Net Income": -2185993.0,
        "Net Income Including Noncontrolling Interests": -2185993.0,
        "Net Income Continuous Operations": -2185993.0,
        "Tax Provision": 1951.0,
        "Pretax Income": -2184042.0,
        "Other Income Expense": 0.0,
        "Other Non Operating Income Expenses": 0.0,
        "Special Income Charges": 0.0,
        "Gain On Sale Of Ppe": 0.0,
        "Other Special Charges": 0.0,
        "Net Non Operating Interest Income Expense": -7535.0,
        "Interest Expense Non Operating": 32444.0,
        "Interest Income Non Operating": 24909.0,
        "Operating Income": -2176507.0,
        "Operating Expense": 2381621.0,
        "Depreciation Amortization Depletion Income Statement": 47345.0,
        "Depreciation And Amortization In Income Statement": 47345.0,
        "Depreciation Income Statement": 47345.0,
        "Research And Development": 81293.0,
        "Selling General And Administration": 2252983.0,
        "Selling And Marketing Expense": 238225.0,
        "General And Administrative Expense": 2014758.0,
        "Other Gand A": 669801.0,
        "Insurance And Claims": 69934.0,
        "Rent And Landing Fees": 141461.0,
        "Salaries And Wages": 1133562.0,
        "Gross Profit": 205114.0,
        "Cost Of Revenue": 653605.0,
        "Total Revenue": 858719.0,
        "Operating Revenue": 858719.0
    },
    "2024-03-31": {
        "Tax Effect Of Unusual Items": -64.26,
        "Tax Rate For Calcs": 0.21,
        "Normalized EBITDA": -1889444.0,
        "Total Unusual Items": -306.0,
        "Total Unusual Items Excluding Goodwill": -306.0,
        "Net Income From Continuing Operation Net Minority Interest": -2192940.0,
        "Reconciled Depreciation": 49444.0,
        "Reconciled Cost Of Revenue": 744672.0,
        "EBITDA": -1889750.0,
        "EBIT": -1939194.0,
        "Net Interest Income": -226421.0,
        "Interest Expense": 253286.0,
        "Interest Income": 26865.0,
        "Normalized Income": -2192698.26,
        "Net Income From Continuing And Discontinued Operation": -2192940.0,
        "Total Expenses": 2938812.0,
        "Rent Expense Supplemental": 138218.0,
        "Total Operating Income As Reported": -1966953.0,
        "Diluted Average Shares": 70064.0,
        "Basic Average Shares": 70064.0,
        "Diluted EPS": -31.0,
        "Basic EPS": -31.0,
        "Diluted NI Availto Com Stockholders": -2192940.0,
        "Net Income Common Stockholders": -2192940.0,
        "Net Income": -2192940.0,
        "Net Income Including Noncontrolling Interests": -2192940.0,
        "Net Income Continuous Operations": -2192940.0,
        "Tax Provision": 460.0,
        "Pretax Income": -2192480.0,
        "Other Income Expense": 894.0,
        "Other Non Operating Income Expenses": 1200.0,
        "Special Income Charges": -306.0,
        "Gain On Sale Of Ppe": -306.0,
        "Other Special Charges": NaN,
        "Net Non Operating Interest Income Expense": -226421.0,
        "Interest Expense Non Operating": 253286.0,
        "Interest Income Non Operating": 26865.0,
        "Operating Income": -1966953.0,
        "Operating Expense": 2189475.0,
        "Depreciation Amortization Depletion Income Statement": 44779.0,
        "Depreciation And Amortization In Income Statement": 44779.0,
        "Depreciation Income Statement": 44779.0,
        "Research And Development": 75502.0,
        "Selling General And Administration": 2069194.0,
        "Selling And Marketing Expense": 240076.0,
        "General And Administrative Expense": 1829118.0,
        "Other Gand A": 614765.0,
        "Insurance And Claims": 70194.0,
        "Rent And Landing Fees": 138218.0,
        "Salaries And Wages": 1005941.0,
        "Gross Profit": 222522.0,
        "Cost Of Revenue": 749337.0,
        "Total Revenue": 971859.0,
        "Operating Revenue": 971859.0
    },
    "2024-06-30": {
        "Tax Effect Of Unusual Items": 0.0,
        "Tax Rate For Calcs": 0.21,
        "Normalized EBITDA": -1923790.0,
        "Total Unusual Items": 0.0,
        "Total Unusual Items Excluding Goodwill": 0.0,
        "Net Income From Continuing Operation Net Minority Interest": -2220232.0,
        "Reconciled Depreciation": 45422.0,
        "Reconciled Cost Of Revenue": 947982.0,
        "EBITDA": -1923790.0,
        "EBIT": -1969212.0,
        "Net Interest Income": -231964.0,
        "Interest Expense": 250560.0,
        "Interest Income": 18596.0,
        "Normalized Income": -2220232.0,
        "Net Income From Continuing And Discontinued Operation": -2220232.0,
        "Total Expenses": 2956906.0,
        "Rent Expense Supplemental": 147207.0,
        "Total Operating Income As Reported": -1678797.0,
        "Diluted Average Shares": 73573.0,
        "Basic Average Shares": 73573.0,
        "Diluted EPS": -30.0,
        "Basic EPS": -30.0,
        "Diluted NI Availto Com Stockholders": -2220232.0,
        "Net Income Common Stockholders": -2220232.0,
        "Net Income": -2220232.0,
        "Net Income Including Noncontrolling Interests": -2220232.0,
        "Net Income Continuous Operations": -2220232.0,
        "Tax Provision": 460.0,
        "Pretax Income": -2219772.0,
        "Other Income Expense": -309011.0,
        "Other Non Operating Income Expenses": -309011.0,
        "Special Income Charges": 0.0,
        "Gain On Sale Of Ppe": 0.0,
        "Other Special Charges": NaN,
        "Net Non Operating Interest Income Expense": -231964.0,
        "Interest Expense Non Operating": 250560.0,
        "Interest Income Non Operating": 18596.0,
        "Operating Income": -1678797.0,
        "Operating Expense": 2004260.0,
        "Depreciation Amortization Depletion Income Statement": 40758.0,
        "Depreciation And Amortization In Income Statement": 40758.0,
        "Depreciation Income Statement": 40758.0,
        "Research And Development": 84663.0,
        "Selling General And Administration": 1878839.0,
        "Selling And Marketing Expense": 228308.0,
        "General And Administrative Expense": 1650531.0,
        "Other Gand A": 629330.0,
        "Insurance And Claims": 67879.0,
        "Rent And Landing Fees": 147207.0,
        "Salaries And Wages": 806115.0,
        "Gross Profit": 325463.0,
        "Cost Of Revenue": 952646.0,
        "Total Revenue": 1278109.0,
        "Operating Revenue": 1278109.0
    },
    "2024-09-30": {
        "Tax Effect Of Unusual Items": -30755.34,
        "Tax Rate For Calcs": 0.21,
        "Normalized EBITDA": -8155018.0,
        "Total Unusual Items": -146454.0,
        "Total Unusual Items Excluding Goodwill": -146454.0,
        "Net Income From Continuing Operation Net Minority Interest": -8814657.0,
        "Reconciled Depreciation": 45010.0,
        "Reconciled Cost Of Revenue": 1216140.0,
        "EBITDA": -8301472.0,
        "EBIT": -8346482.0,
        "Net Interest Income": -453126.0,
        "Interest Expense": 467715.0,
        "Interest Income": 14589.0,
        "Normalized Income": -8698958.34,
        "Net Income From Continuing And Discontinued Operation": -8814657.0,
        "Total Expenses": 3317272.0,
        "Rent Expense Supplemental": 106001.0,
        "Total Operating Income As Reported": -1927777.0,
        "Diluted Average Shares": 3589.0,
        "Basic Average Shares": 3589.0,
        "Diluted EPS": -2455.0,
        "Basic EPS": -2455.0,
        "Diluted NI Availto Com Stockholders": -8814657.0,
        "Net Income Common Stockholders": -8814657.0,
        "Net Income": -8814657.0,
        "Net Income Including Noncontrolling Interests": -8814657.0,
        "Net Income Continuous Operations": -8814657.0,
        "Tax Provision": 460.0,
        "Pretax Income": -8814197.0,
        "Other Income Expense": -6433294.0,
        "Other Non Operating Income Expenses": -6286840.0,
        "Special Income Charges": -146454.0,
        "Gain On Sale Of Ppe": -146454.0,
        "Other Special Charges": NaN,
        "Net Non Operating Interest Income Expense": -453126.0,
        "Interest Expense Non Operating": 467715.0,
        "Interest Income Non Operating": 14589.0,
        "Operating Income": -1927777.0,
        "Operating Expense": 2096468.0,
        "Depreciation Amortization Depletion Income Statement": 40346.0,
        "Depreciation And Amortization In Income Statement": 40346.0,
        "Depreciation Income Statement": 40346.0,
        "Research And Development": 68617.0,
        "Selling General And Administration": 1987505.0,
        "Selling And Marketing Expense": 242515.0,
        "General And Administrative Expense": 1744990.0,
        "Other Gand A": 832201.0,
        "Insurance And Claims": 63441.0,
        "Rent And Landing Fees": 106001.0,
        "Salaries And Wages": 743347.0,
        "Gross Profit": 168691.0,
        "Cost Of Revenue": 1220804.0,
        "Total Revenue": 1389495.0,
        "Operating Revenue": 1389495.0
    }
}