{
    "2023-03-31": {
        "Tax Effect Of Unusual Items": NaN,
        "Tax Rate For Calcs": NaN,
        "Normalized EBITDA": NaN,
        "Total Unusual Items": NaN,
        "Total Unusual Items Excluding Goodwill": NaN,
        "Net Income From Continuing Operation Net Minority Interest": NaN,
        "Reconciled Depreciation": NaN,
        "Reconciled Cost Of Revenue": NaN,
        "EBITDA": NaN,
        "EBIT": NaN,
        "Net Interest Income": NaN,
        "Interest Expense": NaN,
        "Normalized Income": NaN,
        "Net Income From Continuing And Discontinued Operation": NaN,
        "Total Expenses": NaN,
        "Total Operating Income As Reported": NaN,
        "Diluted Average Shares": NaN,
        "Basic Average Shares": NaN,
        "Diluted EPS": NaN,
        "Basic EPS": NaN,
        "Diluted NI Availto Com Stockholders": NaN,
        "Net Income Common Stockholders": NaN,
        "Otherunder Preferred Stock Dividend": NaN,
        "Preferred Stock Dividends": NaN,
        "Net Income": NaN,
        "Net Income Including Noncontrolling Interests": NaN,
        "Net Income Continuous Operations": NaN,
        "Tax Provision": NaN,
        "Pretax Income": NaN,
        "Other Income Expense": NaN,
        "Other Non Operating Income Expenses": -26000.0,
        "Special Income Charges": NaN,
        "Other Special Charges": NaN,
        "Restructuring And Mergern Acquisition": NaN,
        "Earnings From Equity Interest": NaN,
        "Gain On Sale Of Security": NaN,
        "Net Non Operating Interest Income Expense": NaN,
        "Total Other Finance Cost": 22000.0,
        "Interest Expense Non Operating": NaN,
        "Operating Income": NaN,
        "Operating Expense": NaN,
        "Depreciation Amortization Depletion Income Statement": NaN,
        "Depreciation And Amortization In Income Statement": NaN,
        "Amortization": NaN,
        "Amortization Of Intangibles Income Statement": NaN,
        "Research And Development": NaN,
        "Selling General And Administration": NaN,
        "Selling And Marketing Expense": NaN,
        "General And Administrative Expense": NaN,
        "Other Gand A": NaN,
        "Gross Profit": NaN,
        "Cost Of Revenue": NaN,
        "Total Revenue": NaN,
        "Operating Revenue": NaN
    },
    "2023-06-30": {
        "Tax Effect Of Unusual Items": NaN,
        "Tax Rate For Calcs": NaN,
        "Normalized EBITDA": NaN,
        "Total Unusual Items": NaN,
        "Total Unusual Items Excluding Goodwill": NaN,
        "Net Income From Continuing Operation Net Minority Interest": NaN,
        "Reconciled Depreciation": NaN,
        "Reconciled Cost Of Revenue": NaN,
        "EBITDA": NaN,
        "EBIT": NaN,
        "Net Interest Income": NaN,
        "Interest Expense": NaN,
        "Normalized Income": NaN,
        "Net Income From Continuing And Discontinued Operation": NaN,
        "Total Expenses": NaN,
        "Total Operating Income As Reported": NaN,
        "Diluted Average Shares": 601211.0,
        "Basic Average Shares": 601211.0,
        "Diluted EPS": -7.69946,
        "Basic EPS": -7.69946,
        "Diluted NI Availto Com Stockholders": NaN,
        "Net Income Common Stockholders": NaN,
        "Otherunder Preferred Stock Dividend": 0.0,
        "Preferred Stock Dividends": NaN,
        "Net Income": NaN,
        "Net Income Including Noncontrolling Interests": NaN,
        "Net Income Continuous Operations": NaN,
        "Tax Provision": NaN,
        "Pretax Income": NaN,
        "Other Income Expense": NaN,
        "Other Non Operating Income Expenses": -169663.0,
        "Special Income Charges": NaN,
        "Other Special Charges": NaN,
        "Restructuring And Mergern Acquisition": NaN,
        "Earnings From Equity Interest": -170000.0,
        "Gain On Sale Of Security": -126000.0,
        "Net Non Operating Interest Income Expense": NaN,
        "Total Other Finance Cost": 22000.0,
        "Interest Expense Non Operating": NaN,
        "Operating Income": NaN,
        "Operating Expense": NaN,
        "Depreciation Amortization Depletion Income Statement": NaN,
        "Depreciation And Amortization In Income Statement": NaN,
        "Amortization": NaN,
        "Amortization Of Intangibles Income Statement": NaN,
        "Research And Development": NaN,
        "Selling General And Administration": NaN,
        "Selling And Marketing Expense": NaN,
        "General And Administrative Expense": NaN,
        "Other Gand A": NaN,
        "Gross Profit": NaN,
        "Cost Of Revenue": NaN,
        "Total Revenue": NaN,
        "Operating Revenue": NaN
    },
    "2024-03-31": {
        "Tax Effect Of Unusual Items": 12180.0,
        "Tax Rate For Calcs": 0.21,
        "Normalized EBITDA": -2329000.0,
        "Total Unusual Items": 58000.0,
        "Total Unusual Items Excluding Goodwill": 58000.0,
        "Net Income From Continuing Operation Net Minority Interest": -2602000.0,
        "Reconciled Depreciation": 66000.0,
        "Reconciled Cost Of Revenue": 56000.0,
        "EBITDA": -2271000.0,
        "EBIT": -2337000.0,
        "Net Interest Income": -278000.0,
        "Interest Expense": 261000.0,
        "Normalized Income": -2647820.0,
        "Net Income From Continuing And Discontinued Operation": -2602000.0,
        "Total Expenses": 2607000.0,
        "Total Operating Income As Reported": -8877000.0,
        "Diluted Average Shares": 21467.0,
        "Basic Average Shares": 21467.0,
        "Diluted EPS": -124.05,
        "Basic EPS": -124.05,
        "Diluted NI Availto Com Stockholders": -2663000.0,
        "Net Income Common Stockholders": -2663000.0,
        "Otherunder Preferred Stock Dividend": NaN,
        "Preferred Stock Dividends": 61000.0,
        "Net Income": -2602000.0,
        "Net Income Including Noncontrolling Interests": -2602000.0,
        "Net Income Continuous Operations": -2602000.0,
        "Tax Provision": 4000.0,
        "Pretax Income": -2598000.0,
        "Other Income Expense": 67000.0,
        "Other Non Operating Income Expenses": 9000.0,
        "Special Income Charges": -13222000.0,
        "Other Special Charges": 6732000.0,
        "Impairment Of Capital Assets": 0.0,
        "Restructuring And Mergern Acquisition": 6490000.0,
        "Earnings From Equity Interest": NaN,
        "Gain On Sale Of Security": 13280000.0,
        "Net Non Operating Interest Income Expense": -278000.0,
        "Total Other Finance Cost": 17000.0,
        "Interest Expense Non Operating": 261000.0,
        "Operating Income": -2387000.0,
        "Operating Expense": 2528000.0,
        "Depreciation Amortization Depletion Income Statement": 43000.0,
        "Depreciation And Amortization In Income Statement": 43000.0,
        "Amortization": 43000.0,
        "Amortization Of Intangibles Income Statement": 43000.0,
        "Research And Development": 464000.0,
        "Selling General And Administration": 2021000.0,
        "Selling And Marketing Expense": 304000.0,
        "General And Administrative Expense": 1717000.0,
        "Other Gand A": 1717000.0,
        "Gross Profit": 141000.0,
        "Cost Of Revenue": 79000.0,
        "Total Revenue": 220000.0,
        "Operating Revenue": 220000.0
    },
    "2024-06-30": {
        "Tax Effect Of Unusual Items": -142590.0,
        "Tax Rate For Calcs": 0.21,
        "Normalized EBITDA": -13641000.0,
        "Total Unusual Items": -679000.0,
        "Total Unusual Items Excluding Goodwill": -679000.0,
        "Net Income From Continuing Operation Net Minority Interest": -14710000.0,
        "Reconciled Depreciation": 308000.0,
        "Reconciled Cost Of Revenue": 253000.0,
        "EBITDA": -14320000.0,
        "EBIT": -14628000.0,
        "Net Interest Income": -70000.0,
        "Interest Expense": 70000.0,
        "Normalized Income": -14173590.0,
        "Net Income From Continuing And Discontinued Operation": -14710000.0,
        "Total Expenses": 14958000.0,
        "Total Operating Income As Reported": -13927000.0,
        "Diluted Average Shares": 58856.0,
        "Basic Average Shares": 58856.0,
        "Diluted EPS": -262.5,
        "Basic EPS": -262.5,
        "Diluted NI Availto Com Stockholders": -15420000.0,
        "Net Income Common Stockholders": -15420000.0,
        "Otherunder Preferred Stock Dividend": 460000.0,
        "Preferred Stock Dividends": 250000.0,
        "Net Income": -14710000.0,
        "Net Income Including Noncontrolling Interests": -14710000.0,
        "Net Income Continuous Operations": -14710000.0,
        "Tax Provision": 12000.0,
        "Pretax Income": -14698000.0,
        "Other Income Expense": -701000.0,
        "Other Non Operating Income Expenses": -22000.0,
        "Special Income Charges": 0.0,
        "Other Special Charges": NaN,
        "Impairment Of Capital Assets": NaN,
        "Restructuring And Mergern Acquisition": 0.0,
        "Earnings From Equity Interest": 0.0,
        "Gain On Sale Of Security": -679000.0,
        "Net Non Operating Interest Income Expense": -70000.0,
        "Total Other Finance Cost": NaN,
        "Interest Expense Non Operating": 70000.0,
        "Operating Income": -13927000.0,
        "Operating Expense": 14589000.0,
        "Depreciation Amortization Depletion Income Statement": 192000.0,
        "Depreciation And Amortization In Income Statement": 192000.0,
        "Amortization": 192000.0,
        "Amortization Of Intangibles Income Statement": 192000.0,
        "Research And Development": 1148000.0,
        "Selling General And Administration": 13249000.0,
        "Selling And Marketing Expense": 837000.0,
        "General And Administrative Expense": 12412000.0,
        "Other Gand A": 12412000.0,
        "Gross Profit": 662000.0,
        "Cost Of Revenue": 369000.0,
        "Total Revenue": 1031000.0,
        "Operating Revenue": 1031000.0
    },
    "2024-09-30": {
        "Tax Effect Of Unusual Items": 0.0,
        "Tax Rate For Calcs": 0.0,
        "Normalized EBITDA": -3898000.0,
        "Total Unusual Items": 0.0,
        "Total Unusual Items Excluding Goodwill": 0.0,
        "Net Income From Continuing Operation Net Minority Interest": -4435000.0,
        "Reconciled Depreciation": 315000.0,
        "Reconciled Cost Of Revenue": 279000.0,
        "EBITDA": -3898000.0,
        "EBIT": -4213000.0,
        "Net Interest Income": -222000.0,
        "Interest Expense": 222000.0,
        "Normalized Income": -4435000.0,
        "Net Income From Continuing And Discontinued Operation": -4435000.0,
        "Total Expenses": 5134000.0,
        "Total Operating Income As Reported": -4216000.0,
        "Diluted Average Shares": 139944.0,
        "Basic Average Shares": 139944.0,
        "Diluted EPS": -32.5,
        "Basic EPS": -32.5,
        "Diluted NI Availto Com Stockholders": -4674000.0,
        "Net Income Common Stockholders": -4674000.0,
        "Otherunder Preferred Stock Dividend": 54000.0,
        "Preferred Stock Dividends": 185000.0,
        "Net Income": -4435000.0,
        "Net Income Including Noncontrolling Interests": -4435000.0,
        "Net Income Continuous Operations": -4435000.0,
        "Tax Provision": 0.0,
        "Pretax Income": -4435000.0,
        "Other Income Expense": 3000.0,
        "Other Non Operating Income Expenses": 3000.0,
        "Special Income Charges": 0.0,
        "Other Special Charges": NaN,
        "Impairment Of Capital Assets": NaN,
        "Restructuring And Mergern Acquisition": 0.0,
        "Earnings From Equity Interest": 0.0,
        "Gain On Sale Of Security": NaN,
        "Net Non Operating Interest Income Expense": -222000.0,
        "Total Other Finance Cost": NaN,
        "Interest Expense Non Operating": 222000.0,
        "Operating Income": -4216000.0,
        "Operating Expense": 4736000.0,
        "Depreciation Amortization Depletion Income Statement": 196000.0,
        "Depreciation And Amortization In Income Statement": 196000.0,
        "Amortization": 196000.0,
        "Amortization Of Intangibles Income Statement": 196000.0,
        "Research And Development": 1228000.0,
        "Selling General And Administration": 3312000.0,
        "Selling And Marketing Expense": 1019000.0,
        "General And Administrative Expense": 2293000.0,
        "Other Gand A": 2293000.0,
        "Gross Profit": 520000.0,
        "Cost Of Revenue": 398000.0,
        "Total Revenue": 918000.0,
        "Operating Revenue": 918000.0
    },
    "2023-12-31": {
        "Tax Effect Of Unusual Items": NaN,
        "Tax Rate For Calcs": NaN,
        "Normalized EBITDA": NaN,
        "Total Unusual Items": NaN,
        "Total Unusual Items Excluding Goodwill": NaN,
        "Net Income From Continuing Operation Net Minority Interest": NaN,
        "Reconciled Depreciation": NaN,
        "Reconciled Cost Of Revenue": NaN,
        "EBITDA": NaN,
        "EBIT": NaN,
        "Net Interest Income": NaN,
        "Interest Expense": NaN,
        "Normalized Income": NaN,
        "Net Income From Continuing And Discontinued Operation": NaN,
        "Total Expenses": NaN,
        "Total Operating Income As Reported": NaN,
        "Diluted Average Shares": NaN,
        "Basic Average Shares": NaN,
        "Diluted EPS": NaN,
        "Basic EPS": NaN,
        "Diluted NI Availto Com Stockholders": NaN,
        "Net Income Common Stockholders": NaN,
        "Otherunder Preferred Stock Dividend": NaN,
        "Preferred Stock Dividends": NaN,
        "Net Income": NaN,
        "Net Income Including Noncontrolling Interests": NaN,
        "Net Income Continuous Operations": NaN,
        "Tax Provision": NaN,
        "Pretax Income": NaN,
        "Other Income Expense": NaN,
        "Other Non Operating Income Expenses": NaN,
        "Special Income Charges": NaN,
        "Other Special Charges": NaN,
        "Impairment Of Capital Assets": NaN,
        "Restructuring And Mergern Acquisition": NaN,
        "Earnings From Equity Interest": NaN,
        "Gain On Sale Of Security": -3235000.0,
        "Net Non Operating Interest Income Expense": NaN,
        "Total Other Finance Cost": NaN,
        "Interest Expense Non Operating": NaN,
        "Operating Income": NaN,
        "Operating Expense": NaN,
        "Depreciation Amortization Depletion Income Statement": NaN,
        "Depreciation And Amortization In Income Statement": NaN,
        "Amortization": NaN,
        "Amortization Of Intangibles Income Statement": NaN,
        "Research And Development": NaN,
        "Selling General And Administration": NaN,
        "Selling And Marketing Expense": NaN,
        "General And Administrative Expense": NaN,
        "Other Gand A": NaN,
        "Gross Profit": NaN,
        "Cost Of Revenue": NaN,
        "Total Revenue": NaN,
        "Operating Revenue": NaN
    },
    "2023-09-30": {
        "Tax Effect Of Unusual Items": NaN,
        "Tax Rate For Calcs": NaN,
        "Normalized EBITDA": NaN,
        "Total Unusual Items": NaN,
        "Total Unusual Items Excluding Goodwill": NaN,
        "Net Income From Continuing Operation Net Minority Interest": NaN,
        "Reconciled Depreciation": NaN,
        "Reconciled Cost Of Revenue": NaN,
        "EBITDA": NaN,
        "EBIT": NaN,
        "Net Interest Income": NaN,
        "Interest Expense": NaN,
        "Normalized Income": NaN,
        "Net Income From Continuing And Discontinued Operation": NaN,
        "Total Expenses": NaN,
        "Total Operating Income As Reported": NaN,
        "Diluted Average Shares": 2404.0,
        "Basic Average Shares": 2404.0,
        "Diluted EPS": -1124.37604,
        "Basic EPS": -1124.37604,
        "Diluted NI Availto Com Stockholders": NaN,
        "Net Income Common Stockholders": NaN,
        "Otherunder Preferred Stock Dividend": 0.0,
        "Preferred Stock Dividends": NaN,
        "Net Income": NaN,
        "Net Income Including Noncontrolling Interests": NaN,
        "Net Income Continuous Operations": NaN,
        "Tax Provision": NaN,
        "Pretax Income": NaN,
        "Other Income Expense": NaN,
        "Other Non Operating Income Expenses": NaN,
        "Special Income Charges": NaN,
        "Other Special Charges": NaN,
        "Impairment Of Capital Assets": NaN,
        "Restructuring And Mergern Acquisition": NaN,
        "Earnings From Equity Interest": 0.0,
        "Gain On Sale Of Security": NaN,
        "Net Non Operating Interest Income Expense": NaN,
        "Total Other Finance Cost": 22000.0,
        "Interest Expense Non Operating": NaN,
        "Operating Income": NaN,
        "Operating Expense": NaN,
        "Depreciation Amortization Depletion Income Statement": NaN,
        "Depreciation And Amortization In Income Statement": NaN,
        "Amortization": NaN,
        "Amortization Of Intangibles Income Statement": NaN,
        "Research And Development": NaN,
        "Selling General And Administration": NaN,
        "Selling And Marketing Expense": NaN,
        "General And Administrative Expense": NaN,
        "Other Gand A": NaN,
        "Gross Profit": NaN,
        "Cost Of Revenue": NaN,
        "Total Revenue": NaN,
        "Operating Revenue": NaN
    },
    "2024-12-31": {
        "Tax Effect Of Unusual Items": 0.0,
        "Tax Rate For Calcs": 0.0,
        "Normalized EBITDA": -9405000.0,
        "Total Unusual Items": -3575000.0,
        "Total Unusual Items Excluding Goodwill": -3575000.0,
        "Net Income From Continuing Operation Net Minority Interest": -13856000.0,
        "Reconciled Depreciation": 283000.0,
        "Reconciled Cost Of Revenue": 376000.0,
        "EBITDA": -12980000.0,
        "EBIT": -13263000.0,
        "Net Interest Income": -229000.0,
        "Interest Expense": 593000.0,
        "Normalized Income": -10281000.0,
        "Net Income From Continuing And Discontinued Operation": -13856000.0,
        "Total Expenses": 8486000.0,
        "Total Operating Income As Reported": -9960000.0,
        "Diluted Average Shares": NaN,
        "Basic Average Shares": NaN,
        "Diluted EPS": NaN,
        "Basic EPS": NaN,
        "Diluted NI Availto Com Stockholders": -14224000.0,
        "Net Income Common Stockholders": -14224000.0,
        "Otherunder Preferred Stock Dividend": 258000.0,
        "Preferred Stock Dividends": 110000.0,
        "Net Income": -13856000.0,
        "Net Income Including Noncontrolling Interests": -13856000.0,
        "Net Income Continuous Operations": -13856000.0,
        "Tax Provision": 0.0,
        "Pretax Income": -13856000.0,
        "Other Income Expense": -6174000.0,
        "Other Non Operating Income Expenses": -2599000.0,
        "Special Income Charges": -3575000.0,
        "Other Special Charges": 0.0,
        "Impairment Of Capital Assets": NaN,
        "Restructuring And Mergern Acquisition": 1068000.0,
        "Earnings From Equity Interest": 0.0,
        "Gain On Sale Of Security": 0.0,
        "Net Non Operating Interest Income Expense": -229000.0,
        "Total Other Finance Cost": 0.0,
        "Interest Expense Non Operating": 593000.0,
        "Operating Income": -7453000.0,
        "Operating Expense": 8018000.0,
        "Depreciation Amortization Depletion Income Statement": 191000.0,
        "Depreciation And Amortization In Income Statement": 191000.0,
        "Amortization": 191000.0,
        "Amortization Of Intangibles Income Statement": 191000.0,
        "Research And Development": 1156000.0,
        "Selling General And Administration": 6671000.0,
        "Selling And Marketing Expense": 1071000.0,
        "General And Administrative Expense": 5600000.0,
        "Other Gand A": 5600000.0,
        "Gross Profit": 565000.0,
        "Cost Of Revenue": 468000.0,
        "Total Revenue": 1033000.0,
        "Operating Revenue": 1033000.0
    },
    "2025-03-31": {
        "Tax Effect Of Unusual Items": -522.619694,
        "Tax Rate For Calcs": 0.001164,
        "Normalized EBITDA": -12045000.0,
        "Total Unusual Items": -449000.0,
        "Total Unusual Items Excluding Goodwill": -449000.0,
        "Net Income From Continuing Operation Net Minority Interest": -12872000.0,
        "Reconciled Depreciation": 176000.0,
        "Reconciled Cost Of Revenue": 64000.0,
        "EBITDA": -12494000.0,
        "EBIT": -12670000.0,
        "Net Interest Income": -217000.0,
        "Interest Expense": 217000.0,
        "Normalized Income": -12423522.619694,
        "Net Income From Continuing And Discontinued Operation": -12872000.0,
        "Total Expenses": 10355000.0,
        "Total Operating Income As Reported": -10402000.0,
        "Diluted Average Shares": 3384736.0,
        "Basic Average Shares": 3384736.0,
        "Diluted EPS": -3.8,
        "Basic EPS": -3.8,
        "Diluted NI Availto Com Stockholders": -12901000.0,
        "Net Income Common Stockholders": -12901000.0,
        "Otherunder Preferred Stock Dividend": NaN,
        "Preferred Stock Dividends": 29000.0,
        "Net Income": -12872000.0,
        "Net Income Including Noncontrolling Interests": -12872000.0,
        "Net Income Continuous Operations": -12872000.0,
        "Tax Provision": -15000.0,
        "Pretax Income": -12887000.0,
        "Other Income Expense": -2799000.0,
        "Other Non Operating Income Expenses": -2350000.0,
        "Special Income Charges": -952000.0,
        "Other Special Charges": 421000.0,
        "Impairment Of Capital Assets": 531000.0,
        "Restructuring And Mergern Acquisition": 0.0,
        "Earnings From Equity Interest": NaN,
        "Gain On Sale Of Security": 503000.0,
        "Net Non Operating Interest Income Expense": -217000.0,
        "Total Other Finance Cost": NaN,
        "Interest Expense Non Operating": 217000.0,
        "Operating Income": -9871000.0,
        "Operating Expense": 10206000.0,
        "Depreciation Amortization Depletion Income Statement": 91000.0,
        "Depreciation And Amortization In Income Statement": 91000.0,
        "Amortization": 91000.0,
        "Amortization Of Intangibles Income Statement": 91000.0,
        "Research And Development": 1714000.0,
        "Selling General And Administration": 8401000.0,
        "Selling And Marketing Expense": 1021000.0,
        "General And Administrative Expense": 7380000.0,
        "Other Gand A": 7380000.0,
        "Gross Profit": 335000.0,
        "Cost Of Revenue": 149000.0,
        "Total Revenue": 484000.0,
        "Operating Revenue": 484000.0
    }
}