{
    "2023-03-31": {
        "Tax Effect Of Unusual Items": NaN,
        "Tax Rate For Calcs": NaN,
        "Normalized EBITDA": NaN,
        "Total Unusual Items": NaN,
        "Total Unusual Items Excluding Goodwill": NaN,
        "Net Income From Continuing Operation Net Minority Interest": NaN,
        "Reconciled Depreciation": NaN,
        "Reconciled Cost Of Revenue": NaN,
        "EBITDA": NaN,
        "EBIT": NaN,
        "Net Interest Income": NaN,
        "Interest Expense": 43000.0,
        "Interest Income": NaN,
        "Normalized Income": NaN,
        "Net Income From Continuing And Discontinued Operation": NaN,
        "Total Expenses": NaN,
        "Rent Expense Supplemental": NaN,
        "Total Operating Income As Reported": NaN,
        "Diluted Average Shares": NaN,
        "Basic Average Shares": NaN,
        "Diluted EPS": NaN,
        "Basic EPS": NaN,
        "Diluted NI Availto Com Stockholders": NaN,
        "Net Income Common Stockholders": NaN,
        "Net Income": NaN,
        "Minority Interests": NaN,
        "Net Income Including Noncontrolling Interests": NaN,
        "Net Income Continuous Operations": NaN,
        "Tax Provision": NaN,
        "Pretax Income": NaN,
        "Other Income Expense": NaN,
        "Other Non Operating Income Expenses": NaN,
        "Special Income Charges": NaN,
        "Gain On Sale Of Ppe": NaN,
        "Impairment Of Capital Assets": NaN,
        "Gain On Sale Of Security": NaN,
        "Net Non Operating Interest Income Expense": NaN,
        "Total Other Finance Cost": NaN,
        "Interest Expense Non Operating": 43000.0,
        "Interest Income Non Operating": NaN,
        "Operating Income": NaN,
        "Operating Expense": NaN,
        "Other Operating Expenses": NaN,
        "Depreciation Amortization Depletion Income Statement": NaN,
        "Depreciation And Amortization In Income Statement": NaN,
        "Selling General And Administration": NaN,
        "Selling And Marketing Expense": NaN,
        "General And Administrative Expense": NaN,
        "Other Gand A": NaN,
        "Salaries And Wages": NaN,
        "Gross Profit": NaN,
        "Cost Of Revenue": NaN,
        "Total Revenue": NaN,
        "Operating Revenue": NaN
    },
    "2022-12-31": {
        "Tax Effect Of Unusual Items": NaN,
        "Tax Rate For Calcs": NaN,
        "Normalized EBITDA": NaN,
        "Total Unusual Items": NaN,
        "Total Unusual Items Excluding Goodwill": NaN,
        "Net Income From Continuing Operation Net Minority Interest": NaN,
        "Reconciled Depreciation": NaN,
        "Reconciled Cost Of Revenue": NaN,
        "EBITDA": NaN,
        "EBIT": NaN,
        "Net Interest Income": NaN,
        "Interest Expense": NaN,
        "Interest Income": NaN,
        "Normalized Income": NaN,
        "Net Income From Continuing And Discontinued Operation": NaN,
        "Total Expenses": NaN,
        "Rent Expense Supplemental": NaN,
        "Total Operating Income As Reported": NaN,
        "Diluted Average Shares": NaN,
        "Basic Average Shares": NaN,
        "Diluted EPS": NaN,
        "Basic EPS": NaN,
        "Diluted NI Availto Com Stockholders": NaN,
        "Net Income Common Stockholders": NaN,
        "Net Income": NaN,
        "Minority Interests": NaN,
        "Net Income Including Noncontrolling Interests": NaN,
        "Net Income Continuous Operations": NaN,
        "Tax Provision": NaN,
        "Pretax Income": NaN,
        "Other Income Expense": NaN,
        "Other Non Operating Income Expenses": NaN,
        "Special Income Charges": NaN,
        "Gain On Sale Of Ppe": NaN,
        "Impairment Of Capital Assets": 5064000.0,
        "Gain On Sale Of Security": NaN,
        "Net Non Operating Interest Income Expense": NaN,
        "Total Other Finance Cost": -44000.0,
        "Interest Expense Non Operating": NaN,
        "Interest Income Non Operating": NaN,
        "Operating Income": NaN,
        "Operating Expense": NaN,
        "Other Operating Expenses": NaN,
        "Depreciation Amortization Depletion Income Statement": NaN,
        "Depreciation And Amortization In Income Statement": NaN,
        "Selling General And Administration": NaN,
        "Selling And Marketing Expense": NaN,
        "General And Administrative Expense": NaN,
        "Other Gand A": NaN,
        "Salaries And Wages": NaN,
        "Gross Profit": NaN,
        "Cost Of Revenue": NaN,
        "Total Revenue": NaN,
        "Operating Revenue": NaN
    },
    "2022-09-30": {
        "Tax Effect Of Unusual Items": NaN,
        "Tax Rate For Calcs": NaN,
        "Normalized EBITDA": NaN,
        "Total Unusual Items": NaN,
        "Total Unusual Items Excluding Goodwill": NaN,
        "Net Income From Continuing Operation Net Minority Interest": NaN,
        "Reconciled Depreciation": NaN,
        "Reconciled Cost Of Revenue": NaN,
        "EBITDA": NaN,
        "EBIT": NaN,
        "Net Interest Income": NaN,
        "Interest Expense": NaN,
        "Interest Income": NaN,
        "Normalized Income": NaN,
        "Net Income From Continuing And Discontinued Operation": NaN,
        "Total Expenses": NaN,
        "Rent Expense Supplemental": NaN,
        "Total Operating Income As Reported": NaN,
        "Diluted Average Shares": 4731066.0,
        "Basic Average Shares": 4731066.0,
        "Diluted EPS": -1.52,
        "Basic EPS": -1.52,
        "Diluted NI Availto Com Stockholders": NaN,
        "Net Income Common Stockholders": NaN,
        "Net Income": NaN,
        "Minority Interests": NaN,
        "Net Income Including Noncontrolling Interests": NaN,
        "Net Income Continuous Operations": NaN,
        "Tax Provision": NaN,
        "Pretax Income": NaN,
        "Other Income Expense": NaN,
        "Other Non Operating Income Expenses": NaN,
        "Special Income Charges": NaN,
        "Gain On Sale Of Ppe": NaN,
        "Impairment Of Capital Assets": NaN,
        "Gain On Sale Of Security": NaN,
        "Net Non Operating Interest Income Expense": NaN,
        "Total Other Finance Cost": NaN,
        "Interest Expense Non Operating": NaN,
        "Interest Income Non Operating": NaN,
        "Operating Income": NaN,
        "Operating Expense": NaN,
        "Other Operating Expenses": 741000.0,
        "Depreciation Amortization Depletion Income Statement": NaN,
        "Depreciation And Amortization In Income Statement": NaN,
        "Selling General And Administration": NaN,
        "Selling And Marketing Expense": 863000.0,
        "General And Administrative Expense": NaN,
        "Other Gand A": NaN,
        "Salaries And Wages": NaN,
        "Gross Profit": NaN,
        "Cost Of Revenue": NaN,
        "Total Revenue": NaN,
        "Operating Revenue": NaN
    },
    "2022-06-30": {
        "Tax Effect Of Unusual Items": -42000.0,
        "Tax Rate For Calcs": 0.4,
        "Normalized EBITDA": -5783000.0,
        "Total Unusual Items": -105000.0,
        "Total Unusual Items Excluding Goodwill": -105000.0,
        "Net Income From Continuing Operation Net Minority Interest": -7918000.0,
        "Reconciled Depreciation": 1931000.0,
        "Reconciled Cost Of Revenue": 11927000.0,
        "EBITDA": -5888000.0,
        "EBIT": -7819000.0,
        "Net Interest Income": -1000.0,
        "Interest Income": 38000.0,
        "Normalized Income": -7855000.0,
        "Net Income From Continuing And Discontinued Operation": -7918000.0,
        "Total Expenses": 21416000.0,
        "Rent Expense Supplemental": 1262000.0,
        "Total Operating Income As Reported": -7767000.0,
        "Diluted Average Shares": 95352025.0,
        "Basic Average Shares": 95352025.0,
        "Diluted EPS": -0.08,
        "Basic EPS": -0.08,
        "Diluted NI Availto Com Stockholders": -7918000.0,
        "Net Income Common Stockholders": -7918000.0,
        "Net Income": -7918000.0,
        "Minority Interests": 9000.0,
        "Net Income Including Noncontrolling Interests": -7927000.0,
        "Net Income Continuous Operations": -7927000.0,
        "Tax Provision": 2000.0,
        "Pretax Income": -7925000.0,
        "Other Income Expense": -105000.0,
        "Other Non Operating Income Expenses": NaN,
        "Special Income Charges": 52000.0,
        "Gain On Sale Of Ppe": NaN,
        "Impairment Of Capital Assets": -52000.0,
        "Gain On Sale Of Security": -157000.0,
        "Net Non Operating Interest Income Expense": -1000.0,
        "Total Other Finance Cost": 39000.0,
        "Interest Income Non Operating": 38000.0,
        "Operating Income": -7819000.0,
        "Operating Expense": 9059000.0,
        "Other Operating Expenses": NaN,
        "Depreciation Amortization Depletion Income Statement": 1501000.0,
        "Depreciation And Amortization In Income Statement": 1501000.0,
        "Selling General And Administration": 7558000.0,
        "Selling And Marketing Expense": NaN,
        "General And Administrative Expense": 7558000.0,
        "Other Gand A": 7558000.0,
        "Gross Profit": 1240000.0,
        "Cost Of Revenue": 12357000.0,
        "Total Revenue": 13597000.0,
        "Operating Revenue": 12940000.0
    },
    "2022-03-31": {
        "Diluted EPS": -0.04,
        "Total Revenue": 24,
        "Gross Profit": 9,
        "Operating Income": -2,
        "EBIT": -1,
        "Net Income": -4
    },
    "2021-12-31": {
        "Diluted EPS": 0.03,
        "Total Revenue": 29,
        "Gross Profit": 13,
        "Operating Income": 2,
        "EBIT": 3,
        "Net Income": 3
    },
    "2021-09-30": {
        "Diluted EPS": 0.05,
        "Total Revenue": 27,
        "Gross Profit": 13,
        "Operating Income": 7,
        "EBIT": 8,
        "Net Income": 6
    },
    "2021-06-30": {
        "Diluted EPS": -0.04,
        "Total Revenue": 9,
        "Gross Profit": 1,
        "Operating Income": -4,
        "EBIT": -3,
        "Net Income": -4
    },
    "2021-03-31": {
        "Diluted EPS": -0.01,
        "Total Revenue": 9,
        "Gross Profit": 4,
        "Operating Income": -1,
        "EBIT": 0,
        "Net Income": -1
    },
    "2020-12-31": {
        "Diluted EPS": 1.3,
        "Total Revenue": 0,
        "Gross Profit": -2,
        "Operating Income": -17,
        "EBIT": -17,
        "Net Income": -15
    },
    "2020-09-30": {
        "Diluted EPS": -0.1,
        "Total Revenue": 0,
        "Gross Profit": -1,
        "Operating Income": -9,
        "EBIT": -7,
        "Net Income": -6
    },
    "2020-06-30": {
        "Diluted EPS": -1.51,
        "Total Revenue": 0,
        "Gross Profit": -1,
        "Operating Income": -9,
        "EBIT": -7,
        "Net Income": -59
    },
    "2020-03-31": {
        "Diluted EPS": -1.74,
        "Total Revenue": 8,
        "Gross Profit": 1,
        "Operating Income": -4,
        "EBIT": -1,
        "Net Income": -11
    },
    "2019-12-31": {
        "Diluted EPS": 3.16,
        "Total Revenue": 11,
        "Gross Profit": 2,
        "Operating Income": -9,
        "EBIT": -9,
        "Net Income": -7
    },
    "2019-09-30": {
        "Diluted EPS": -1.68,
        "Total Revenue": 13,
        "Gross Profit": 3,
        "Operating Income": -2,
        "EBIT": 2,
        "Net Income": -5
    },
    "2019-06-30": {
        "Diluted EPS": -9.65,
        "Total Revenue": 13,
        "Gross Profit": 3,
        "Operating Income": -3,
        "EBIT": -1,
        "Net Income": -6
    },
    "2019-03-31": {
        "Diluted EPS": -4.82,
        "Total Revenue": 12,
        "Gross Profit": 3,
        "Operating Income": -2,
        "EBIT": 0,
        "Net Income": -3
    },
    "2018-12-31": {
        "Diluted EPS": -8.19,
        "Total Revenue": 12,
        "Gross Profit": 2,
        "Operating Income": -6,
        "EBIT": -3,
        "Net Income": -7
    },
    "2018-09-30": {
        "Diluted EPS": -6.75,
        "Total Revenue": 13,
        "Gross Profit": 3,
        "Operating Income": -3,
        "EBIT": -1,
        "Net Income": -3
    },
    "2018-06-30": {
        "Diluted EPS": -7.86,
        "Total Revenue": 13,
        "Gross Profit": 3,
        "Operating Income": -3,
        "EBIT": -1,
        "Net Income": -4
    },
    "2018-03-31": {
        "Diluted EPS": -54.01,
        "Total Revenue": 13,
        "Gross Profit": 3,
        "Operating Income": -23,
        "EBIT": -2,
        "Net Income": -24
    },
    "2017-12-31": {
        "Diluted EPS": -23.64,
        "Total Revenue": 12,
        "Gross Profit": 3,
        "Operating Income": -2,
        "EBIT": -1,
        "Net Income": -11
    },
    "2017-09-30": {
        "Diluted EPS": -12.0,
        "Total Revenue": 13,
        "Gross Profit": 2,
        "Operating Income": -4,
        "EBIT": -2,
        "Net Income": -5
    },
    "2017-06-30": {
        "Diluted EPS": -21.6,
        "Total Revenue": 13,
        "Gross Profit": 2,
        "Operating Income": -4,
        "EBIT": -1,
        "Net Income": -7
    },
    "2017-03-31": {
        "Diluted EPS": -20.4,
        "Total Revenue": 11,
        "Gross Profit": 2,
        "Operating Income": -5,
        "EBIT": -3,
        "Net Income": -6
    },
    "2016-12-31": {
        "Diluted EPS": -14.4,
        "Total Revenue": -5,
        "Gross Profit": 0,
        "Operating Income": -1,
        "EBIT": 11,
        "Net Income": -4
    },
    "2016-09-30": {
        "Diluted EPS": -20.4,
        "Total Revenue": 3,
        "Gross Profit": 0,
        "Operating Income": -3,
        "EBIT": -14,
        "Net Income": -5
    },
    "2016-06-30": {
        "Diluted EPS": -43.2,
        "Total Revenue": 11,
        "Gross Profit": 5,
        "Operating Income": -10,
        "EBIT": 3,
        "Net Income": -11
    },
    "2016-03-31": {
        "Diluted EPS": -16.8,
        "Total Revenue": 2,
        "Gross Profit": 0,
        "Operating Income": -4,
        "EBIT": -2,
        "Net Income": -4
    },
    "2015-12-31": {
        "Diluted EPS": 103.21,
        "Total Revenue": 23,
        "Gross Profit": 23,
        "Operating Income": 15,
        "EBIT": 16,
        "Net Income": 16
    },
    "2015-09-30": {
        "Diluted EPS": -69.61,
        "Total Revenue": NaN,
        "Gross Profit": NaN,
        "Operating Income": -10,
        "EBIT": -7,
        "Net Income": -12
    },
    "2015-06-30": {
        "Diluted EPS": -54.01,
        "Total Revenue": NaN,
        "Gross Profit": NaN,
        "Operating Income": -9,
        "EBIT": -7,
        "Net Income": -9
    },
    "2015-03-31": {
        "Diluted EPS": -45.01,
        "Total Revenue": 0,
        "Gross Profit": 0,
        "Operating Income": -7,
        "EBIT": -6,
        "Net Income": -7
    },
    "2014-12-31": {
        "Diluted EPS": -495.65,
        "Total Revenue": 0,
        "Gross Profit": 0,
        "Operating Income": -76,
        "EBIT": -9,
        "Net Income": -76
    },
    "2014-09-30": {
        "Diluted EPS": -96.01,
        "Total Revenue": 0,
        "Gross Profit": 0,
        "Operating Income": -15,
        "EBIT": -13,
        "Net Income": -12
    },
    "2014-06-30": {
        "Diluted EPS": -72.01,
        "Total Revenue": 1,
        "Gross Profit": 1,
        "Operating Income": -10,
        "EBIT": -9,
        "Net Income": -10
    },
    "2014-03-31": {
        "Diluted EPS": -78.01,
        "Total Revenue": 0,
        "Gross Profit": 0,
        "Operating Income": -10,
        "EBIT": -9,
        "Net Income": -11
    },
    "2013-12-31": {
        "Diluted EPS": -132.01,
        "Total Revenue": NaN,
        "Gross Profit": NaN,
        "Operating Income": -11,
        "EBIT": -10,
        "Net Income": -19
    },
    "2013-09-30": {
        "Diluted EPS": -78.01,
        "Total Revenue": NaN,
        "Gross Profit": NaN,
        "Operating Income": -11,
        "EBIT": -9,
        "Net Income": -11
    },
    "2013-06-30": {
        "Diluted EPS": -78.01,
        "Total Revenue": 1,
        "Gross Profit": 1,
        "Operating Income": -9,
        "EBIT": -7,
        "Net Income": -11
    },
    "2013-03-31": {
        "Diluted EPS": -90.01,
        "Total Revenue": NaN,
        "Gross Profit": NaN,
        "Operating Income": -10,
        "EBIT": -9,
        "Net Income": -12
    },
    "2012-12-31": {
        "Diluted EPS": 78.01,
        "Total Revenue": 0,
        "Gross Profit": 0,
        "Operating Income": -8,
        "EBIT": -7,
        "Net Income": -14
    },
    "2012-09-30": {
        "Diluted EPS": -108.01,
        "Total Revenue": 0,
        "Gross Profit": -3,
        "Operating Income": -11,
        "EBIT": -10,
        "Net Income": -3
    },
    "2012-06-30": {
        "Diluted EPS": -78.01,
        "Total Revenue": NaN,
        "Gross Profit": -1,
        "Operating Income": -2,
        "EBIT": -2,
        "Net Income": -2
    },
    "2012-03-31": {
        "Diluted EPS": -258.03,
        "Total Revenue": NaN,
        "Gross Profit": -1,
        "Operating Income": -2,
        "EBIT": -2,
        "Net Income": -2
    },
    "2011-12-31": {
        "Diluted EPS": 168.02,
        "Total Revenue": NaN,
        "Gross Profit": -1,
        "Operating Income": 2,
        "EBIT": 2,
        "Net Income": 1
    },
    "2011-09-30": {
        "Diluted EPS": -96.01,
        "Total Revenue": NaN,
        "Gross Profit": -1,
        "Operating Income": -1,
        "EBIT": -1,
        "Net Income": -1
    },
    "2011-06-30": {
        "Diluted EPS": -156.02,
        "Total Revenue": 0,
        "Gross Profit": 0,
        "Operating Income": -2,
        "EBIT": -2,
        "Net Income": -2
    },
    "2011-03-31": {
        "Diluted EPS": -114.01,
        "Total Revenue": 0,
        "Gross Profit": 0,
        "Operating Income": -2,
        "EBIT": -2,
        "Net Income": -1
    },
    "2010-12-31": {
        "Diluted EPS": NaN,
        "Total Revenue": 0,
        "Gross Profit": 0,
        "Operating Income": -2,
        "EBIT": -2,
        "Net Income": -1
    },
    "2010-09-30": {
        "Diluted EPS": -306.03,
        "Total Revenue": 0,
        "Gross Profit": 0,
        "Operating Income": -2,
        "EBIT": -2,
        "Net Income": -3
    },
    "2010-06-30": {
        "Diluted EPS": NaN,
        "Total Revenue": 0,
        "Gross Profit": 0,
        "Operating Income": -2,
        "EBIT": -2,
        "Net Income": -5
    },
    "2010-03-31": {
        "Diluted EPS": NaN,
        "Total Revenue": 0,
        "Gross Profit": 0,
        "Operating Income": -1,
        "EBIT": -1,
        "Net Income": -2
    },
    "2009-12-31": {
        "Diluted EPS": 0.0,
        "Total Revenue": NaN,
        "Gross Profit": NaN,
        "Operating Income": NaN,
        "EBIT": NaN,
        "Net Income": NaN
    },
    "2009-09-30": {
        "Diluted EPS": NaN,
        "Total Revenue": 0,
        "Gross Profit": 0,
        "Operating Income": -1,
        "EBIT": -1,
        "Net Income": -1
    },
    "2009-06-30": {
        "Diluted EPS": NaN,
        "Total Revenue": NaN,
        "Gross Profit": NaN,
        "Operating Income": -1,
        "EBIT": -1,
        "Net Income": -1
    },
    "2023-06-30": {
        "Tax Effect Of Unusual Items": NaN,
        "Tax Rate For Calcs": NaN,
        "Normalized EBITDA": NaN,
        "Total Unusual Items": NaN,
        "Total Unusual Items Excluding Goodwill": NaN,
        "Net Income From Continuing Operation Net Minority Interest": NaN,
        "Reconciled Depreciation": NaN,
        "Reconciled Cost Of Revenue": NaN,
        "EBITDA": NaN,
        "EBIT": NaN,
        "Net Interest Income": NaN,
        "Interest Expense": NaN,
        "Interest Income": NaN,
        "Normalized Income": NaN,
        "Net Income From Continuing And Discontinued Operation": NaN,
        "Total Expenses": NaN,
        "Rent Expense Supplemental": NaN,
        "Total Operating Income As Reported": NaN,
        "Diluted Average Shares": 4170528.0,
        "Basic Average Shares": 4170528.0,
        "Diluted EPS": -1.37,
        "Basic EPS": -1.37,
        "Diluted NI Availto Com Stockholders": NaN,
        "Net Income Common Stockholders": NaN,
        "Net Income": NaN,
        "Minority Interests": NaN,
        "Net Income Including Noncontrolling Interests": NaN,
        "Net Income Continuous Operations": NaN,
        "Tax Provision": NaN,
        "Pretax Income": NaN,
        "Other Income Expense": NaN,
        "Other Non Operating Income Expenses": -10000.0,
        "Special Income Charges": NaN,
        "Gain On Sale Of Ppe": NaN,
        "Impairment Of Capital Assets": NaN,
        "Gain On Sale Of Security": NaN,
        "Net Non Operating Interest Income Expense": NaN,
        "Total Other Finance Cost": 52000.0,
        "Interest Expense Non Operating": NaN,
        "Interest Income Non Operating": NaN,
        "Operating Income": NaN,
        "Operating Expense": NaN,
        "Other Operating Expenses": 204000.0,
        "Depreciation Amortization Depletion Income Statement": NaN,
        "Depreciation And Amortization In Income Statement": NaN,
        "Selling General And Administration": NaN,
        "Selling And Marketing Expense": 204000.0,
        "General And Administrative Expense": NaN,
        "Other Gand A": NaN,
        "Salaries And Wages": 2120000.0,
        "Gross Profit": NaN,
        "Cost Of Revenue": NaN,
        "Total Revenue": NaN,
        "Operating Revenue": NaN
    },
    "2023-09-30": {
        "Tax Effect Of Unusual Items": NaN,
        "Tax Rate For Calcs": NaN,
        "Normalized EBITDA": NaN,
        "Total Unusual Items": NaN,
        "Total Unusual Items Excluding Goodwill": NaN,
        "Net Income From Continuing Operation Net Minority Interest": NaN,
        "Reconciled Depreciation": NaN,
        "Reconciled Cost Of Revenue": NaN,
        "EBITDA": NaN,
        "EBIT": NaN,
        "Net Interest Income": NaN,
        "Interest Expense": NaN,
        "Interest Income": NaN,
        "Normalized Income": NaN,
        "Net Income From Continuing And Discontinued Operation": NaN,
        "Total Expenses": NaN,
        "Rent Expense Supplemental": NaN,
        "Total Operating Income As Reported": NaN,
        "Diluted Average Shares": 4173894.0,
        "Basic Average Shares": 4173894.0,
        "Diluted EPS": -2.76,
        "Basic EPS": -2.76,
        "Diluted NI Availto Com Stockholders": NaN,
        "Net Income Common Stockholders": NaN,
        "Otherunder Preferred Stock Dividend": NaN,
        "Preferred Stock Dividends": NaN,
        "Net Income": NaN,
        "Minority Interests": NaN,
        "Net Income Including Noncontrolling Interests": NaN,
        "Net Income Continuous Operations": NaN,
        "Tax Provision": NaN,
        "Pretax Income": NaN,
        "Other Income Expense": NaN,
        "Other Non Operating Income Expenses": NaN,
        "Special Income Charges": NaN,
        "Gain On Sale Of Ppe": NaN,
        "Impairment Of Capital Assets": NaN,
        "Gain On Sale Of Security": NaN,
        "Net Non Operating Interest Income Expense": NaN,
        "Total Other Finance Cost": 178000.0,
        "Interest Expense Non Operating": NaN,
        "Interest Income Non Operating": NaN,
        "Operating Income": NaN,
        "Operating Expense": NaN,
        "Other Operating Expenses": 273000.0,
        "Depreciation Amortization Depletion Income Statement": NaN,
        "Depreciation And Amortization In Income Statement": NaN,
        "Selling General And Administration": NaN,
        "Selling And Marketing Expense": 313000.0,
        "General And Administrative Expense": NaN,
        "Other Gand A": NaN,
        "Salaries And Wages": 1178000.0,
        "Gross Profit": NaN,
        "Cost Of Revenue": NaN,
        "Total Revenue": NaN,
        "Operating Revenue": NaN
    },
    "2023-12-31": {
        "Tax Effect Of Unusual Items": NaN,
        "Tax Rate For Calcs": NaN,
        "Normalized EBITDA": NaN,
        "Total Unusual Items": NaN,
        "Total Unusual Items Excluding Goodwill": NaN,
        "Net Income From Continuing Operation Net Minority Interest": NaN,
        "Reconciled Depreciation": NaN,
        "Reconciled Cost Of Revenue": NaN,
        "EBITDA": NaN,
        "EBIT": NaN,
        "Net Interest Income": NaN,
        "Interest Expense": NaN,
        "Interest Income": NaN,
        "Normalized Income": NaN,
        "Net Income From Continuing And Discontinued Operation": NaN,
        "Total Expenses": NaN,
        "Rent Expense Supplemental": NaN,
        "Total Operating Income As Reported": NaN,
        "Diluted Average Shares": NaN,
        "Basic Average Shares": NaN,
        "Diluted EPS": NaN,
        "Basic EPS": NaN,
        "Diluted NI Availto Com Stockholders": NaN,
        "Net Income Common Stockholders": NaN,
        "Otherunder Preferred Stock Dividend": NaN,
        "Preferred Stock Dividends": NaN,
        "Net Income": NaN,
        "Minority Interests": NaN,
        "Net Income Including Noncontrolling Interests": NaN,
        "Net Income Continuous Operations": NaN,
        "Tax Provision": NaN,
        "Pretax Income": NaN,
        "Other Income Expense": NaN,
        "Other Non Operating Income Expenses": NaN,
        "Special Income Charges": NaN,
        "Gain On Sale Of Ppe": 0.0,
        "Impairment Of Capital Assets": NaN,
        "Gain On Sale Of Security": NaN,
        "Net Non Operating Interest Income Expense": NaN,
        "Total Other Finance Cost": 39000.0,
        "Interest Expense Non Operating": NaN,
        "Interest Income Non Operating": NaN,
        "Operating Income": NaN,
        "Operating Expense": NaN,
        "Other Operating Expenses": NaN,
        "Depreciation Amortization Depletion Income Statement": NaN,
        "Depreciation And Amortization In Income Statement": NaN,
        "Selling General And Administration": NaN,
        "Selling And Marketing Expense": NaN,
        "General And Administrative Expense": NaN,
        "Other Gand A": NaN,
        "Salaries And Wages": NaN,
        "Gross Profit": NaN,
        "Cost Of Revenue": NaN,
        "Total Revenue": NaN,
        "Operating Revenue": NaN
    },
    "2024-03-31": {
        "Tax Effect Of Unusual Items": 0.0,
        "Tax Rate For Calcs": 0.0,
        "Normalized EBITDA": -1116000.0,
        "Total Unusual Items": -683000.0,
        "Total Unusual Items Excluding Goodwill": -683000.0,
        "Net Income From Continuing Operation Net Minority Interest": -2512000.0,
        "Reconciled Depreciation": 511000.0,
        "Reconciled Cost Of Revenue": 5769000.0,
        "EBITDA": -1799000.0,
        "EBIT": -2310000.0,
        "Net Interest Income": 62000.0,
        "Interest Expense": 48000.0,
        "Interest Income": 110000.0,
        "Normalized Income": -1829000.0,
        "Net Income From Continuing And Discontinued Operation": -2512000.0,
        "Total Expenses": 10453000.0,
        "Rent Expense Supplemental": 942000.0,
        "Total Operating Income As Reported": -2379000.0,
        "Diluted Average Shares": 4182617.0,
        "Basic Average Shares": 4182617.0,
        "Diluted EPS": -0.6,
        "Basic EPS": -0.6,
        "Diluted NI Availto Com Stockholders": -2512000.0,
        "Net Income Common Stockholders": -2512000.0,
        "Otherunder Preferred Stock Dividend": 0.0,
        "Preferred Stock Dividends": NaN,
        "Net Income": -2512000.0,
        "Minority Interests": -154000.0,
        "Net Income Including Noncontrolling Interests": -2358000.0,
        "Net Income Continuous Operations": -2358000.0,
        "Tax Provision": 0.0,
        "Pretax Income": -2358000.0,
        "Other Income Expense": -693000.0,
        "Other Non Operating Income Expenses": -10000.0,
        "Special Income Charges": -652000.0,
        "Gain On Sale Of Ppe": 0.0,
        "Impairment Of Capital Assets": 652000.0,
        "Gain On Sale Of Security": -31000.0,
        "Net Non Operating Interest Income Expense": 62000.0,
        "Total Other Finance Cost": NaN,
        "Interest Expense Non Operating": 48000.0,
        "Interest Income Non Operating": 110000.0,
        "Operating Income": -1727000.0,
        "Operating Expense": 4398000.0,
        "Other Operating Expenses": NaN,
        "Depreciation Amortization Depletion Income Statement": 225000.0,
        "Depreciation And Amortization In Income Statement": 225000.0,
        "Selling General And Administration": 4173000.0,
        "Selling And Marketing Expense": NaN,
        "General And Administrative Expense": 4173000.0,
        "Other Gand A": 4173000.0,
        "Salaries And Wages": 2081000.0,
        "Gross Profit": 2671000.0,
        "Cost Of Revenue": 6055000.0,
        "Total Revenue": 8726000.0,
        "Operating Revenue": 8726000.0
    },
    "2024-06-30": {
        "Tax Effect Of Unusual Items": 0.0,
        "Tax Rate For Calcs": 0.0,
        "Normalized EBITDA": -1386000.0,
        "Total Unusual Items": 58000.0,
        "Total Unusual Items Excluding Goodwill": 58000.0,
        "Net Income From Continuing Operation Net Minority Interest": -1996000.0,
        "Reconciled Depreciation": 546000.0,
        "Reconciled Cost Of Revenue": 5885000.0,
        "EBITDA": -1328000.0,
        "EBIT": -1874000.0,
        "Net Interest Income": 56000.0,
        "Interest Expense": NaN,
        "Interest Income": 97000.0,
        "Normalized Income": -2054000.0,
        "Net Income From Continuing And Discontinued Operation": -1996000.0,
        "Total Expenses": 11156000.0,
        "Rent Expense Supplemental": 703000.0,
        "Total Operating Income As Reported": -1893000.0,
        "Diluted Average Shares": 4182617.0,
        "Basic Average Shares": 4182617.0,
        "Diluted EPS": -0.48,
        "Basic EPS": -0.48,
        "Diluted NI Availto Com Stockholders": -1996000.0,
        "Net Income Common Stockholders": -1996000.0,
        "Otherunder Preferred Stock Dividend": NaN,
        "Preferred Stock Dividends": NaN,
        "Net Income": -1996000.0,
        "Minority Interests": -205000.0,
        "Net Income Including Noncontrolling Interests": -1791000.0,
        "Net Income Continuous Operations": -1791000.0,
        "Tax Provision": 0.0,
        "Pretax Income": -1791000.0,
        "Other Income Expense": 27000.0,
        "Other Non Operating Income Expenses": -31000.0,
        "Special Income Charges": -19000.0,
        "Gain On Sale Of Ppe": -19000.0,
        "Impairment Of Capital Assets": 0.0,
        "Gain On Sale Of Security": 77000.0,
        "Net Non Operating Interest Income Expense": 56000.0,
        "Total Other Finance Cost": 41000.0,
        "Interest Expense Non Operating": NaN,
        "Interest Income Non Operating": 97000.0,
        "Operating Income": -1874000.0,
        "Operating Expense": 4953000.0,
        "Other Operating Expenses": NaN,
        "Depreciation Amortization Depletion Income Statement": 228000.0,
        "Depreciation And Amortization In Income Statement": 228000.0,
        "Selling General And Administration": 4725000.0,
        "Selling And Marketing Expense": NaN,
        "General And Administrative Expense": 4725000.0,
        "Other Gand A": 3072000.0,
        "Salaries And Wages": 1653000.0,
        "Gross Profit": 3079000.0,
        "Cost Of Revenue": 6203000.0,
        "Total Revenue": 9282000.0,
        "Operating Revenue": 9282000.0
    },
    "2024-09-30": {
        "Tax Effect Of Unusual Items": 0.0,
        "Tax Rate For Calcs": 0.0,
        "Normalized EBITDA": -3926000.0,
        "Total Unusual Items": -115000.0,
        "Total Unusual Items Excluding Goodwill": -115000.0,
        "Net Income From Continuing Operation Net Minority Interest": -4750000.0,
        "Reconciled Depreciation": 576000.0,
        "Reconciled Cost Of Revenue": 6045000.0,
        "EBITDA": -4041000.0,
        "EBIT": -4617000.0,
        "Net Interest Income": 50000.0,
        "Interest Expense": NaN,
        "Interest Income": 100000.0,
        "Normalized Income": -4635000.0,
        "Net Income From Continuing And Discontinued Operation": -4750000.0,
        "Total Expenses": 13039000.0,
        "Rent Expense Supplemental": 919000.0,
        "Total Operating Income As Reported": -4769000.0,
        "Diluted Average Shares": 4818681.0,
        "Basic Average Shares": 4818681.0,
        "Diluted EPS": -0.99,
        "Basic EPS": -0.99,
        "Diluted NI Availto Com Stockholders": -4750000.0,
        "Net Income Common Stockholders": -4750000.0,
        "Otherunder Preferred Stock Dividend": NaN,
        "Preferred Stock Dividends": NaN,
        "Net Income": -4750000.0,
        "Minority Interests": -45000.0,
        "Net Income Including Noncontrolling Interests": -4705000.0,
        "Net Income Continuous Operations": -4705000.0,
        "Tax Provision": 0.0,
        "Pretax Income": -4705000.0,
        "Other Income Expense": -138000.0,
        "Other Non Operating Income Expenses": -23000.0,
        "Special Income Charges": -152000.0,
        "Gain On Sale Of Ppe": -152000.0,
        "Impairment Of Capital Assets": 0.0,
        "Gain On Sale Of Security": 37000.0,
        "Net Non Operating Interest Income Expense": 50000.0,
        "Total Other Finance Cost": 50000.0,
        "Interest Expense Non Operating": NaN,
        "Interest Income Non Operating": 100000.0,
        "Operating Income": -4617000.0,
        "Operating Expense": 6670000.0,
        "Other Operating Expenses": NaN,
        "Depreciation Amortization Depletion Income Statement": 252000.0,
        "Depreciation And Amortization In Income Statement": 252000.0,
        "Selling General And Administration": 6418000.0,
        "Selling And Marketing Expense": NaN,
        "General And Administrative Expense": 6418000.0,
        "Other Gand A": 4525000.0,
        "Salaries And Wages": 1893000.0,
        "Gross Profit": 2053000.0,
        "Cost Of Revenue": 6369000.0,
        "Total Revenue": 8422000.0,
        "Operating Revenue": 8422000.0
    },
    "2024-12-31": {
        "Tax Effect Of Unusual Items": -791490.0,
        "Tax Rate For Calcs": 0.21,
        "Normalized EBITDA": 525000.0,
        "Total Unusual Items": -3769000.0,
        "Total Unusual Items Excluding Goodwill": -3769000.0,
        "Net Income From Continuing Operation Net Minority Interest": -7595000.0,
        "Reconciled Depreciation": 640000.0,
        "Reconciled Cost Of Revenue": 5938000.0,
        "EBITDA": -3244000.0,
        "EBIT": -3884000.0,
        "Net Interest Income": 33000.0,
        "Interest Expense": NaN,
        "Interest Income": 72000.0,
        "Normalized Income": -4617490.0,
        "Net Income From Continuing And Discontinued Operation": -7595000.0,
        "Total Expenses": 11351000.0,
        "Rent Expense Supplemental": 1148000.0,
        "Total Operating Income As Reported": -7667000.0,
        "Diluted Average Shares": NaN,
        "Basic Average Shares": NaN,
        "Diluted EPS": NaN,
        "Basic EPS": NaN,
        "Diluted NI Availto Com Stockholders": -7595000.0,
        "Net Income Common Stockholders": -7595000.0,
        "Otherunder Preferred Stock Dividend": NaN,
        "Preferred Stock Dividends": NaN,
        "Net Income": -7595000.0,
        "Minority Interests": 41000.0,
        "Net Income Including Noncontrolling Interests": -7636000.0,
        "Net Income Continuous Operations": -7636000.0,
        "Tax Provision": 49000.0,
        "Pretax Income": -7587000.0,
        "Other Income Expense": -3736000.0,
        "Other Non Operating Income Expenses": 33000.0,
        "Special Income Charges": -3783000.0,
        "Gain On Sale Of Ppe": 81000.0,
        "Impairment Of Capital Assets": 3864000.0,
        "Gain On Sale Of Security": 14000.0,
        "Net Non Operating Interest Income Expense": 33000.0,
        "Total Other Finance Cost": 39000.0,
        "Interest Expense Non Operating": NaN,
        "Interest Income Non Operating": 72000.0,
        "Operating Income": -3884000.0,
        "Operating Expense": 5006000.0,
        "Other Operating Expenses": NaN,
        "Depreciation Amortization Depletion Income Statement": 233000.0,
        "Depreciation And Amortization In Income Statement": 233000.0,
        "Selling General And Administration": 4773000.0,
        "Selling And Marketing Expense": NaN,
        "General And Administrative Expense": 4773000.0,
        "Other Gand A": 2860000.0,
        "Salaries And Wages": 1913000.0,
        "Gross Profit": 1122000.0,
        "Cost Of Revenue": 6345000.0,
        "Total Revenue": 7467000.0,
        "Operating Revenue": 7467000.0
    },
    "2025-03-31": {
        "Tax Effect Of Unusual Items": 0.0,
        "Tax Rate For Calcs": 0.0,
        "Normalized EBITDA": -6134000.0,
        "Total Unusual Items": 1988000.0,
        "Total Unusual Items Excluding Goodwill": 1988000.0,
        "Net Income From Continuing Operation Net Minority Interest": -4719000.0,
        "Reconciled Depreciation": 412000.0,
        "Reconciled Cost Of Revenue": 5458000.0,
        "EBITDA": -4146000.0,
        "EBIT": -4558000.0,
        "Net Interest Income": 28000.0,
        "Interest Expense": 30000.0,
        "Interest Income": 58000.0,
        "Normalized Income": -6707000.0,
        "Net Income From Continuing And Discontinued Operation": -4719000.0,
        "Total Expenses": 10181000.0,
        "Rent Expense Supplemental": 1134000.0,
        "Total Operating Income As Reported": -3158000.0,
        "Diluted Average Shares": 5261024.0,
        "Basic Average Shares": 5261024.0,
        "Diluted EPS": -1.0,
        "Basic EPS": -1.0,
        "Diluted NI Availto Com Stockholders": -5286000.0,
        "Net Income Common Stockholders": -5286000.0,
        "Otherunder Preferred Stock Dividend": 499000.0,
        "Preferred Stock Dividends": 68000.0,
        "Net Income": -4719000.0,
        "Minority Interests": -131000.0,
        "Net Income Including Noncontrolling Interests": -4588000.0,
        "Net Income Continuous Operations": -4588000.0,
        "Tax Provision": 0.0,
        "Pretax Income": -4588000.0,
        "Other Income Expense": -1458000.0,
        "Other Non Operating Income Expenses": -3446000.0,
        "Special Income Charges": 0.0,
        "Gain On Sale Of Ppe": NaN,
        "Impairment Of Capital Assets": 0.0,
        "Gain On Sale Of Security": 1988000.0,
        "Net Non Operating Interest Income Expense": 28000.0,
        "Total Other Finance Cost": NaN,
        "Interest Expense Non Operating": 30000.0,
        "Interest Income Non Operating": 58000.0,
        "Operating Income": -3158000.0,
        "Operating Expense": 4477000.0,
        "Other Operating Expenses": NaN,
        "Depreciation Amortization Depletion Income Statement": 166000.0,
        "Depreciation And Amortization In Income Statement": 166000.0,
        "Selling General And Administration": 4311000.0,
        "Selling And Marketing Expense": NaN,
        "General And Administrative Expense": 4311000.0,
        "Other Gand A": 4311000.0,
        "Salaries And Wages": NaN,
        "Gross Profit": 1319000.0,
        "Cost Of Revenue": 5704000.0,
        "Total Revenue": 7023000.0,
        "Operating Revenue": 7023000.0
    }
}