{
    "2024-09-30": {
        "Tax Effect Of Unusual Items": -57618600.0,
        "Tax Rate For Calcs": 0.3,
        "Normalized EBITDA": 799839000.0,
        "Total Unusual Items": -192062000.0,
        "Total Unusual Items Excluding Goodwill": -192062000.0,
        "Net Income From Continuing Operation Net Minority Interest": 283754000.0,
        "Reconciled Depreciation": 92706000.0,
        "Reconciled Cost Of Revenue": 3669431000.0,
        "EBITDA": 607777000.0,
        "EBIT": 515071000.0,
        "Net Interest Income": -13811000.0,
        "Interest Expense": NaN,
        "Interest Income": NaN,
        "Normalized Income": 418197400.0,
        "Net Income From Continuing And Discontinued Operation": 283754000.0,
        "Total Expenses": 5460730000.0,
        "Total Operating Income As Reported": 323009000.0,
        "Diluted Average Shares": 632760000.0,
        "Basic Average Shares": 616428000.0,
        "Diluted EPS": 0.45,
        "Basic EPS": 0.46,
        "Diluted NI Availto Com Stockholders": 283754000.0,
        "Net Income Common Stockholders": 283754000.0,
        "Net Income": 283754000.0,
        "Minority Interests": 2618000.0,
        "Net Income Including Noncontrolling Interests": 281136000.0,
        "Net Income Continuous Operations": 281136000.0,
        "Tax Provision": 43011000.0,
        "Pretax Income": 324147000.0,
        "Other Income Expense": -177113000.0,
        "Other Non Operating Income Expenses": 14949000.0,
        "Special Income Charges": -192062000.0,
        "Restructuring And Mergern Acquisition": 192062000.0,
        "Gain On Sale Of Security": NaN,
        "Net Non Operating Interest Income Expense": -13811000.0,
        "Total Other Finance Cost": 13811000.0,
        "Interest Expense Non Operating": NaN,
        "Interest Income Non Operating": NaN,
        "Operating Income": 515071000.0,
        "Operating Expense": 1734614000.0,
        "Depreciation Amortization Depletion Income Statement": 36021000.0,
        "Depreciation And Amortization In Income Statement": 36021000.0,
        "Amortization": 36021000.0,
        "Amortization Of Intangibles Income Statement": 36021000.0,
        "Research And Development": 710983000.0,
        "Selling General And Administration": 987610000.0,
        "Selling And Marketing Expense": 511755000.0,
        "General And Administrative Expense": 475855000.0,
        "Other Gand A": 475855000.0,
        "Gross Profit": 2249685000.0,
        "Cost Of Revenue": 3726116000.0,
        "Total Revenue": 5975801000.0,
        "Operating Revenue": 5975801000.0
    },
    "2024-06-30": {
        "Tax Effect Of Unusual Items": -70720560.0,
        "Tax Rate For Calcs": 0.27,
        "Normalized EBITDA": 857205000.0,
        "Total Unusual Items": -261928000.0,
        "Total Unusual Items Excluding Goodwill": -261928000.0,
        "Net Income From Continuing Operation Net Minority Interest": 195268000.0,
        "Reconciled Depreciation": 96903000.0,
        "Reconciled Cost Of Revenue": 3865993000.0,
        "EBITDA": 595277000.0,
        "EBIT": 498374000.0,
        "Net Interest Income": 1871000.0,
        "Interest Expense": NaN,
        "Interest Income": 1871000.0,
        "Normalized Income": 386475440.0,
        "Net Income From Continuing And Discontinued Operation": 195268000.0,
        "Total Expenses": 5657189000.0,
        "Total Operating Income As Reported": 306562000.0,
        "Diluted Average Shares": 634221000.0,
        "Basic Average Shares": 617666000.0,
        "Diluted EPS": 0.31,
        "Basic EPS": 0.32,
        "Diluted NI Availto Com Stockholders": 195268000.0,
        "Net Income Common Stockholders": 195268000.0,
        "Net Income": 195268000.0,
        "Minority Interests": 5396000.0,
        "Net Income Including Noncontrolling Interests": 189872000.0,
        "Net Income Continuous Operations": 189872000.0,
        "Tax Provision": 59029000.0,
        "Pretax Income": 248901000.0,
        "Other Income Expense": -251344000.0,
        "Other Non Operating Income Expenses": 10584000.0,
        "Special Income Charges": -191812000.0,
        "Restructuring And Mergern Acquisition": 191812000.0,
        "Gain On Sale Of Security": -70116000.0,
        "Net Non Operating Interest Income Expense": 1871000.0,
        "Total Other Finance Cost": -1871000.0,
        "Interest Expense Non Operating": NaN,
        "Interest Income Non Operating": 1871000.0,
        "Operating Income": 498374000.0,
        "Operating Expense": 1735106000.0,
        "Depreciation Amortization Depletion Income Statement": 40813000.0,
        "Depreciation And Amortization In Income Statement": 40813000.0,
        "Amortization": 40813000.0,
        "Amortization Of Intangibles Income Statement": 40813000.0,
        "Research And Development": 713163000.0,
        "Selling General And Administration": 981130000.0,
        "Selling And Marketing Expense": 507562000.0,
        "General And Administrative Expense": 473568000.0,
        "Other Gand A": 473568000.0,
        "Gross Profit": 2233480000.0,
        "Cost Of Revenue": 3922083000.0,
        "Total Revenue": 6155563000.0,
        "Operating Revenue": 6155563000.0
    },
    "2024-03-31": {
        "Tax Effect Of Unusual Items": NaN,
        "Tax Rate For Calcs": NaN,
        "Normalized EBITDA": NaN,
        "Total Unusual Items": NaN,
        "Total Unusual Items Excluding Goodwill": NaN,
        "Net Income From Continuing Operation Net Minority Interest": NaN,
        "Reconciled Depreciation": NaN,
        "Reconciled Cost Of Revenue": NaN,
        "EBITDA": NaN,
        "EBIT": NaN,
        "Net Interest Income": NaN,
        "Interest Expense": NaN,
        "Interest Income": 18745000.0,
        "Normalized Income": NaN,
        "Net Income From Continuing And Discontinued Operation": NaN,
        "Total Expenses": NaN,
        "Total Operating Income As Reported": NaN,
        "Diluted Average Shares": 637360000.0,
        "Basic Average Shares": 616401000.0,
        "Diluted EPS": 0.74,
        "Basic EPS": 0.77,
        "Diluted NI Availto Com Stockholders": NaN,
        "Net Income Common Stockholders": NaN,
        "Net Income": NaN,
        "Minority Interests": NaN,
        "Net Income Including Noncontrolling Interests": NaN,
        "Net Income Continuous Operations": NaN,
        "Tax Provision": NaN,
        "Pretax Income": NaN,
        "Other Income Expense": NaN,
        "Other Non Operating Income Expenses": NaN,
        "Special Income Charges": NaN,
        "Restructuring And Mergern Acquisition": NaN,
        "Gain On Sale Of Security": 233404000.0,
        "Net Non Operating Interest Income Expense": NaN,
        "Total Other Finance Cost": NaN,
        "Interest Expense Non Operating": NaN,
        "Interest Income Non Operating": 18745000.0,
        "Operating Income": NaN,
        "Operating Expense": NaN,
        "Depreciation Amortization Depletion Income Statement": NaN,
        "Depreciation And Amortization In Income Statement": NaN,
        "Amortization": NaN,
        "Amortization Of Intangibles Income Statement": NaN,
        "Research And Development": NaN,
        "Selling General And Administration": NaN,
        "Selling And Marketing Expense": NaN,
        "General And Administrative Expense": NaN,
        "Other Gand A": NaN,
        "Gross Profit": NaN,
        "Cost Of Revenue": NaN,
        "Total Revenue": NaN,
        "Operating Revenue": NaN
    },
    "2023-12-31": {
        "Tax Effect Of Unusual Items": NaN,
        "Tax Rate For Calcs": NaN,
        "Normalized EBITDA": NaN,
        "Total Unusual Items": NaN,
        "Total Unusual Items Excluding Goodwill": NaN,
        "Net Income From Continuing Operation Net Minority Interest": NaN,
        "Reconciled Depreciation": NaN,
        "Reconciled Cost Of Revenue": NaN,
        "EBITDA": NaN,
        "EBIT": NaN,
        "Net Interest Income": NaN,
        "Interest Expense": NaN,
        "Interest Income": NaN,
        "Normalized Income": NaN,
        "Net Income From Continuing And Discontinued Operation": NaN,
        "Total Expenses": NaN,
        "Total Operating Income As Reported": NaN,
        "Diluted Average Shares": NaN,
        "Basic Average Shares": NaN,
        "Diluted EPS": NaN,
        "Basic EPS": NaN,
        "Diluted NI Availto Com Stockholders": NaN,
        "Net Income Common Stockholders": NaN,
        "Net Income": NaN,
        "Minority Interests": NaN,
        "Net Income Including Noncontrolling Interests": NaN,
        "Net Income Continuous Operations": NaN,
        "Tax Provision": NaN,
        "Pretax Income": NaN,
        "Other Income Expense": NaN,
        "Other Non Operating Income Expenses": NaN,
        "Special Income Charges": NaN,
        "Write Off": 0.0,
        "Restructuring And Mergern Acquisition": NaN,
        "Gain On Sale Of Security": NaN,
        "Net Non Operating Interest Income Expense": NaN,
        "Total Other Finance Cost": -18701000.0,
        "Interest Expense Non Operating": NaN,
        "Interest Income Non Operating": NaN,
        "Operating Income": NaN,
        "Operating Expense": NaN,
        "Depreciation Amortization Depletion Income Statement": NaN,
        "Depreciation And Amortization In Income Statement": NaN,
        "Amortization": NaN,
        "Amortization Of Intangibles Income Statement": NaN,
        "Research And Development": NaN,
        "Selling General And Administration": NaN,
        "Selling And Marketing Expense": NaN,
        "General And Administrative Expense": NaN,
        "Other Gand A": NaN,
        "Gross Profit": NaN,
        "Cost Of Revenue": NaN,
        "Total Revenue": NaN,
        "Operating Revenue": NaN
    },
    "2023-09-30": {
        "Tax Effect Of Unusual Items": NaN,
        "Tax Rate For Calcs": NaN,
        "Normalized EBITDA": NaN,
        "Total Unusual Items": NaN,
        "Total Unusual Items Excluding Goodwill": NaN,
        "Net Income From Continuing Operation Net Minority Interest": NaN,
        "Reconciled Depreciation": NaN,
        "Reconciled Cost Of Revenue": NaN,
        "EBITDA": NaN,
        "EBIT": NaN,
        "Net Interest Income": NaN,
        "Interest Expense": NaN,
        "Interest Income": NaN,
        "Normalized Income": NaN,
        "Net Income From Continuing And Discontinued Operation": NaN,
        "Total Expenses": NaN,
        "Total Operating Income As Reported": NaN,
        "Diluted Average Shares": 611276000.0,
        "Basic Average Shares": 611276000.0,
        "Diluted EPS": -0.15,
        "Basic EPS": -0.15,
        "Diluted NI Availto Com Stockholders": NaN,
        "Net Income Common Stockholders": NaN,
        "Net Income": NaN,
        "Minority Interests": NaN,
        "Net Income Including Noncontrolling Interests": NaN,
        "Net Income Continuous Operations": NaN,
        "Tax Provision": NaN,
        "Pretax Income": NaN,
        "Other Income Expense": NaN,
        "Other Non Operating Income Expenses": NaN,
        "Special Income Charges": NaN,
        "Write Off": 0.0,
        "Restructuring And Mergern Acquisition": NaN,
        "Gain On Sale Of Security": NaN,
        "Net Non Operating Interest Income Expense": NaN,
        "Total Other Finance Cost": -21415000.0,
        "Interest Expense Non Operating": NaN,
        "Interest Income Non Operating": NaN,
        "Operating Income": NaN,
        "Operating Expense": NaN,
        "Other Operating Expenses": 177338000.0,
        "Depreciation Amortization Depletion Income Statement": NaN,
        "Depreciation And Amortization In Income Statement": NaN,
        "Amortization": NaN,
        "Amortization Of Intangibles Income Statement": NaN,
        "Research And Development": NaN,
        "Selling General And Administration": NaN,
        "Selling And Marketing Expense": NaN,
        "General And Administrative Expense": NaN,
        "Other Gand A": NaN,
        "Gross Profit": NaN,
        "Cost Of Revenue": NaN,
        "Total Revenue": NaN,
        "Operating Revenue": NaN
    },
    "2023-06-30": {
        "Tax Effect Of Unusual Items": NaN,
        "Tax Rate For Calcs": NaN,
        "Normalized EBITDA": NaN,
        "Total Unusual Items": NaN,
        "Total Unusual Items Excluding Goodwill": NaN,
        "Net Income From Continuing Operation Net Minority Interest": NaN,
        "Reconciled Depreciation": NaN,
        "Reconciled Cost Of Revenue": NaN,
        "EBITDA": NaN,
        "EBIT": NaN,
        "Net Interest Income": NaN,
        "Interest Income": 3944000.0,
        "Normalized Income": NaN,
        "Net Income From Continuing And Discontinued Operation": NaN,
        "Total Expenses": NaN,
        "Total Operating Income As Reported": NaN,
        "Diluted Average Shares": 606692000.0,
        "Basic Average Shares": 606692000.0,
        "Diluted EPS": -0.17,
        "Basic EPS": -0.17,
        "Diluted NI Availto Com Stockholders": NaN,
        "Net Income Common Stockholders": NaN,
        "Net Income": NaN,
        "Minority Interests": NaN,
        "Net Income Including Noncontrolling Interests": NaN,
        "Net Income Continuous Operations": NaN,
        "Tax Provision": NaN,
        "Pretax Income": NaN,
        "Other Income Expense": NaN,
        "Other Non Operating Income Expenses": NaN,
        "Special Income Charges": NaN,
        "Write Off": 0.0,
        "Restructuring And Mergern Acquisition": NaN,
        "Net Non Operating Interest Income Expense": NaN,
        "Total Other Finance Cost": -3944000.0,
        "Interest Income Non Operating": 3944000.0,
        "Operating Income": NaN,
        "Operating Expense": NaN,
        "Other Operating Expenses": 179771000.0,
        "Depreciation Amortization Depletion Income Statement": NaN,
        "Depreciation And Amortization In Income Statement": NaN,
        "Amortization": NaN,
        "Amortization Of Intangibles Income Statement": NaN,
        "Research And Development": NaN,
        "Selling General And Administration": NaN,
        "Selling And Marketing Expense": NaN,
        "General And Administrative Expense": NaN,
        "Other Gand A": NaN,
        "Gross Profit": NaN,
        "Cost Of Revenue": NaN,
        "Total Revenue": NaN,
        "Operating Revenue": NaN
    },
    "2024-12-31": {
        "Tax Effect Of Unusual Items": 37023000.0,
        "Tax Rate For Calcs": 0.21,
        "Normalized EBITDA": 170209000.0,
        "Total Unusual Items": 176300000.0,
        "Total Unusual Items Excluding Goodwill": 176300000.0,
        "Net Income From Continuing Operation Net Minority Interest": 1946020000.0,
        "Reconciled Depreciation": 88878000.0,
        "Reconciled Cost Of Revenue": 3666878000.0,
        "EBITDA": 346509000.0,
        "EBIT": 257631000.0,
        "Net Interest Income": -16107000.0,
        "Interest Expense": NaN,
        "Interest Income": NaN,
        "Normalized Income": 1806743000.0,
        "Net Income From Continuing And Discontinued Operation": 1946020000.0,
        "Total Expenses": 5774930000.0,
        "Total Operating Income As Reported": 13013000.0,
        "Diluted Average Shares": NaN,
        "Basic Average Shares": NaN,
        "Diluted EPS": NaN,
        "Basic EPS": NaN,
        "Diluted NI Availto Com Stockholders": 1946020000.0,
        "Net Income Common Stockholders": 1946020000.0,
        "Net Income": 1946020000.0,
        "Minority Interests": 21351000.0,
        "Net Income Including Noncontrolling Interests": 1924669000.0,
        "Net Income Continuous Operations": 1924669000.0,
        "Tax Provision": -1646875000.0,
        "Pretax Income": 277794000.0,
        "Other Income Expense": 36270000.0,
        "Other Non Operating Income Expenses": -140030000.0,
        "Special Income Charges": -244618000.0,
        "Restructuring And Mergern Acquisition": 244618000.0,
        "Gain On Sale Of Security": NaN,
        "Net Non Operating Interest Income Expense": -16107000.0,
        "Total Other Finance Cost": 16107000.0,
        "Interest Expense Non Operating": NaN,
        "Interest Income Non Operating": NaN,
        "Operating Income": 257631000.0,
        "Operating Expense": 2053767000.0,
        "Depreciation Amortization Depletion Income Statement": 34593000.0,
        "Depreciation And Amortization In Income Statement": 34593000.0,
        "Amortization": 34593000.0,
        "Amortization Of Intangibles Income Statement": 34593000.0,
        "Research And Development": 769695000.0,
        "Selling General And Administration": 1249479000.0,
        "Selling And Marketing Expense": 521063000.0,
        "General And Administrative Expense": 728416000.0,
        "Other Gand A": 728416000.0,
        "Gross Profit": 2311398000.0,
        "Cost Of Revenue": 3721163000.0,
        "Total Revenue": 6032561000.0,
        "Operating Revenue": 6032561000.0
    },
    "2025-03-31": {
        "Tax Effect Of Unusual Items": -60499200.0,
        "Tax Rate For Calcs": 0.23,
        "Normalized EBITDA": 596281000.0,
        "Total Unusual Items": -263040000.0,
        "Total Unusual Items Excluding Goodwill": -263040000.0,
        "Net Income From Continuing Operation Net Minority Interest": 189872000.0,
        "Reconciled Depreciation": 88948000.0,
        "Reconciled Cost Of Revenue": 3426901000.0,
        "EBITDA": 333241000.0,
        "EBIT": 244293000.0,
        "Net Interest Income": -17243000.0,
        "Interest Expense": 17243000.0,
        "Interest Income": NaN,
        "Normalized Income": 392412800.0,
        "Net Income From Continuing And Discontinued Operation": 189872000.0,
        "Total Expenses": 5272805000.0,
        "Total Operating Income As Reported": 329302000.0,
        "Diluted Average Shares": 635342000.0,
        "Basic Average Shares": 619370000.0,
        "Diluted EPS": 0.3,
        "Basic EPS": 0.31,
        "Diluted NI Availto Com Stockholders": 189872000.0,
        "Net Income Common Stockholders": 189872000.0,
        "Net Income": 189872000.0,
        "Minority Interests": 1150000.0,
        "Net Income Including Noncontrolling Interests": 188722000.0,
        "Net Income Continuous Operations": 188722000.0,
        "Tax Provision": 38328000.0,
        "Pretax Income": 227050000.0,
        "Other Income Expense": -254698000.0,
        "Other Non Operating Income Expenses": 8342000.0,
        "Special Income Charges": -169689000.0,
        "Restructuring And Mergern Acquisition": 169689000.0,
        "Gain On Sale Of Security": -93351000.0,
        "Net Non Operating Interest Income Expense": -17243000.0,
        "Total Other Finance Cost": NaN,
        "Interest Expense Non Operating": 17243000.0,
        "Interest Income Non Operating": NaN,
        "Operating Income": 498991000.0,
        "Operating Expense": 1790612000.0,
        "Depreciation Amortization Depletion Income Statement": 33656000.0,
        "Depreciation And Amortization In Income Statement": 33656000.0,
        "Amortization": 33656000.0,
        "Amortization Of Intangibles Income Statement": 33656000.0,
        "Research And Development": 760699000.0,
        "Selling General And Administration": 996257000.0,
        "Selling And Marketing Expense": 504460000.0,
        "General And Administrative Expense": 491797000.0,
        "Other Gand A": 491797000.0,
        "Gross Profit": 2289603000.0,
        "Cost Of Revenue": 3482193000.0,
        "Total Revenue": 5771796000.0,
        "Operating Revenue": 5771796000.0
    },
    "2025-06-30": {
        "Tax Effect Of Unusual Items": -20481250.0,
        "Tax Rate For Calcs": 0.25,
        "Normalized EBITDA": 952705000.0,
        "Total Unusual Items": -81925000.0,
        "Total Unusual Items Excluding Goodwill": -81925000.0,
        "Net Income From Continuing Operation Net Minority Interest": 538458000.0,
        "Reconciled Depreciation": 92397000.0,
        "Reconciled Cost Of Revenue": 3459421000.0,
        "EBITDA": 870780000.0,
        "EBIT": 778383000.0,
        "Net Interest Income": -23687000.0,
        "Interest Expense": NaN,
        "Interest Income": NaN,
        "Normalized Income": 599901750.0,
        "Net Income From Continuing And Discontinued Operation": 538458000.0,
        "Total Expenses": 5276074000.0,
        "Total Operating Income As Reported": 484293000.0,
        "Diluted Average Shares": 618928000.0,
        "Basic Average Shares": 612882000.0,
        "Diluted EPS": 0.87,
        "Basic EPS": 0.88,
        "Diluted NI Availto Com Stockholders": 538458000.0,
        "Net Income Common Stockholders": 538458000.0,
        "Net Income": 538458000.0,
        "Minority Interests": 124000.0,
        "Net Income Including Noncontrolling Interests": 538334000.0,
        "Net Income Continuous Operations": 538334000.0,
        "Tax Provision": 121048000.0,
        "Pretax Income": 659382000.0,
        "Other Income Expense": -95314000.0,
        "Other Non Operating Income Expenses": -13389000.0,
        "Special Income Charges": -294090000.0,
        "Restructuring And Mergern Acquisition": 294090000.0,
        "Gain On Sale Of Security": 212165000.0,
        "Net Non Operating Interest Income Expense": -23687000.0,
        "Total Other Finance Cost": 23687000.0,
        "Interest Expense Non Operating": NaN,
        "Interest Income Non Operating": NaN,
        "Operating Income": 778383000.0,
        "Operating Expense": 1758147000.0,
        "Depreciation Amortization Depletion Income Statement": 33891000.0,
        "Depreciation And Amortization In Income Statement": 33891000.0,
        "Amortization": 33891000.0,
        "Amortization Of Intangibles Income Statement": 33891000.0,
        "Research And Development": 725288000.0,
        "Selling General And Administration": 998968000.0,
        "Selling And Marketing Expense": 549731000.0,
        "General And Administrative Expense": 449237000.0,
        "Other Gand A": 449237000.0,
        "Gross Profit": 2536530000.0,
        "Cost Of Revenue": 3517927000.0,
        "Total Revenue": 6054457000.0,
        "Operating Revenue": 6054457000.0
    }
}