{
    "2023-03-31": {
        "Tax Effect Of Unusual Items": 19500.0,
        "Tax Rate For Calcs": 0.039,
        "Normalized EBITDA": 44300000.0,
        "Total Unusual Items": 500000.0,
        "Total Unusual Items Excluding Goodwill": 500000.0,
        "Net Income From Continuing Operation Net Minority Interest": -54600000.0,
        "Reconciled Depreciation": 55100000.0,
        "Reconciled Cost Of Revenue": 1100400000.0,
        "EBIT": -10300000.0,
        "Net Interest Income": -46500000.0,
        "Interest Expense": 46500000.0,
        "Normalized Income": -55080500.0,
        "Net Income From Continuing And Discontinued Operation": -54600000.0,
        "Total Expenses": 1168400000.0,
        "Total Operating Income As Reported": -9300000.0,
        "Diluted Average Shares": 51729000.0,
        "Basic Average Shares": 51729000.0,
        "Diluted EPS": -1.06,
        "Basic EPS": -1.06,
        "Diluted NI Availto Com Stockholders": -54600000.0,
        "Net Income Common Stockholders": -54600000.0,
        "Net Income": -54600000.0,
        "Net Income Including Noncontrolling Interests": -54600000.0,
        "Net Income Continuous Operations": -54600000.0,
        "Tax Provision": -2200000.0,
        "Pretax Income": -56800000.0,
        "Other Income Expense": -500000.0,
        "Other Non Operating Income Expenses": -1000000.0,
        "Special Income Charges": 500000.0,
        "Gain On Sale Of Ppe": 500000.0,
        "Net Non Operating Interest Income Expense": -46500000.0,
        "Interest Expense Non Operating": 46500000.0,
        "Operating Income": -9800000.0,
        "Operating Expense": 68000000.0,
        "Other Operating Expenses": 68000000.0,
        "Selling General And Administration": 1200000.0,
        "General And Administrative Expense": 1200000.0,
        "Salaries And Wages": 1200000.0,
        "Gross Profit": 58200000.0,
        "Cost Of Revenue": 1100400000.0,
        "Total Revenue": 1158600000.0,
        "Operating Revenue": 1158600000.0
    },
    "2022-12-31": {
        "Tax Effect Of Unusual Items": 11280000.0,
        "Tax Rate For Calcs": 0.4,
        "Normalized EBITDA": 5000000.0,
        "Total Unusual Items": 28200000.0,
        "Total Unusual Items Excluding Goodwill": 28200000.0,
        "Net Income From Continuing Operation Net Minority Interest": -15500000.0,
        "Reconciled Depreciation": 56700000.0,
        "Reconciled Cost Of Revenue": 1111300000.0,
        "EBIT": 33200000.0,
        "Net Interest Income": -45900000.0,
        "Interest Expense": 45900000.0,
        "Normalized Income": -32420000.0,
        "Net Income From Continuing And Discontinued Operation": -15500000.0,
        "Total Expenses": 1195800000.0,
        "Total Operating Income As Reported": 40300000.0,
        "Diluted Average Shares": 51498000.0,
        "Basic Average Shares": 51498000.0,
        "Diluted EPS": -0.3,
        "Basic EPS": -0.3,
        "Diluted NI Availto Com Stockholders": -15500000.0,
        "Net Income Common Stockholders": -15500000.0,
        "Net Income": -15500000.0,
        "Net Income Including Noncontrolling Interests": -15500000.0,
        "Net Income Continuous Operations": -15500000.0,
        "Tax Provision": 2800000.0,
        "Pretax Income": -12700000.0,
        "Other Income Expense": 28800000.0,
        "Other Non Operating Income Expenses": 600000.0,
        "Special Income Charges": 28200000.0,
        "Gain On Sale Of Ppe": 28200000.0,
        "Net Non Operating Interest Income Expense": -45900000.0,
        "Interest Expense Non Operating": 45900000.0,
        "Operating Income": 4400000.0,
        "Operating Expense": 84500000.0,
        "Other Operating Expenses": 76800000.0,
        "Selling General And Administration": 7700000.0,
        "General And Administrative Expense": 7700000.0,
        "Salaries And Wages": 7700000.0,
        "Gross Profit": 88900000.0,
        "Cost Of Revenue": 1111300000.0,
        "Total Revenue": 1200200000.0,
        "Operating Revenue": 1200200000.0
    },
    "2022-09-30": {
        "Tax Effect Of Unusual Items": 173800.0,
        "Tax Rate For Calcs": 0.158,
        "Normalized EBITDA": 104300000.0,
        "Total Unusual Items": 1100000.0,
        "Total Unusual Items Excluding Goodwill": 1100000.0,
        "Net Income From Continuing Operation Net Minority Interest": 4800000.0,
        "Reconciled Depreciation": 58400000.0,
        "Reconciled Cost Of Revenue": 1224200000.0,
        "EBIT": 47000000.0,
        "Net Interest Income": -41300000.0,
        "Interest Expense": 41300000.0,
        "Normalized Income": 3873800.0,
        "Net Income From Continuing And Discontinued Operation": 4800000.0,
        "Total Expenses": 1312400000.0,
        "Total Operating Income As Reported": 49100000.0,
        "Diluted Average Shares": 52346000.0,
        "Basic Average Shares": 51448000.0,
        "Diluted EPS": 0.09,
        "Basic EPS": 0.09,
        "Diluted NI Availto Com Stockholders": 4800000.0,
        "Net Income Common Stockholders": 4800000.0,
        "Net Income": 4800000.0,
        "Net Income Including Noncontrolling Interests": 4800000.0,
        "Net Income Continuous Operations": 4800000.0,
        "Tax Provision": 900000.0,
        "Pretax Income": 5700000.0,
        "Other Income Expense": -1000000.0,
        "Other Non Operating Income Expenses": -2100000.0,
        "Special Income Charges": 1100000.0,
        "Gain On Sale Of Ppe": 1100000.0,
        "Net Non Operating Interest Income Expense": -41300000.0,
        "Interest Expense Non Operating": 41300000.0,
        "Operating Income": 48000000.0,
        "Operating Expense": 88200000.0,
        "Other Operating Expenses": 88200000.0,
        "Selling General And Administration": 3700000.0,
        "General And Administrative Expense": 3700000.0,
        "Salaries And Wages": 3700000.0,
        "Gross Profit": 136200000.0,
        "Cost Of Revenue": 1224200000.0,
        "Total Revenue": 1360400000.0,
        "Operating Revenue": 1360400000.0
    },
    "2022-06-30": {
        "Tax Effect Of Unusual Items": 93203.883495,
        "Tax Rate For Calcs": 0.029126,
        "Normalized EBITDA": 157700000.0,
        "Total Unusual Items": 3200000.0,
        "Total Unusual Items Excluding Goodwill": 3200000.0,
        "Net Income From Continuing Operation Net Minority Interest": 60000000.0,
        "Reconciled Depreciation": 61100000.0,
        "Reconciled Cost Of Revenue": 1265600000.0,
        "EBIT": 99800000.0,
        "Net Interest Income": -38000000.0,
        "Interest Expense": 38000000.0,
        "Normalized Income": 56893203.883495,
        "Net Income From Continuing And Discontinued Operation": 60000000.0,
        "Total Expenses": 1327700000.0,
        "Total Operating Income As Reported": 99200000.0,
        "Diluted Average Shares": 52135000.0,
        "Basic Average Shares": 51342000.0,
        "Diluted EPS": 1.15,
        "Basic EPS": 1.17,
        "Diluted NI Availto Com Stockholders": 60000000.0,
        "Net Income Common Stockholders": 60000000.0,
        "Net Income": 60000000.0,
        "Net Income Including Noncontrolling Interests": 60000000.0,
        "Net Income Continuous Operations": 60000000.0,
        "Tax Provision": 1800000.0,
        "Pretax Income": 61800000.0,
        "Other Income Expense": 3800000.0,
        "Other Non Operating Income Expenses": 600000.0,
        "Special Income Charges": 3200000.0,
        "Gain On Sale Of Ppe": 3200000.0,
        "Net Non Operating Interest Income Expense": -38000000.0,
        "Interest Expense Non Operating": 38000000.0,
        "Operating Income": 96000000.0,
        "Operating Expense": 62100000.0,
        "Other Operating Expenses": 62100000.0,
        "Selling General And Administration": -500000.0,
        "General And Administrative Expense": -500000.0,
        "Salaries And Wages": -500000.0,
        "Gross Profit": 158100000.0,
        "Cost Of Revenue": 1265600000.0,
        "Total Revenue": 1423700000.0,
        "Operating Revenue": 1423700000.0
    },
    "2022-03-31": {
        "Diluted EPS": -0.54,
        "Total Revenue": NaN,
        "Gross Profit": 831,
        "Operating Income": 9,
        "EBIT": 78,
        "Net Income": -28
    },
    "2021-12-31": {
        "Diluted EPS": -0.87,
        "Total Revenue": NaN,
        "Gross Profit": 898,
        "Operating Income": 56,
        "EBIT": 129,
        "Net Income": -45
    },
    "2021-09-30": {
        "Diluted EPS": 0.16,
        "Total Revenue": NaN,
        "Gross Profit": 885,
        "Operating Income": 48,
        "EBIT": 124,
        "Net Income": 8
    },
    "2021-06-30": {
        "Diluted EPS": -0.18,
        "Total Revenue": NaN,
        "Gross Profit": 886,
        "Operating Income": 27,
        "EBIT": 102,
        "Net Income": -9
    },
    "2021-03-31": {
        "Diluted EPS": -1.26,
        "Total Revenue": NaN,
        "Gross Profit": 795,
        "Operating Income": -28,
        "EBIT": 48,
        "Net Income": -63
    },
    "2020-12-31": {
        "Diluted EPS": -0.27,
        "Total Revenue": NaN,
        "Gross Profit": 792,
        "Operating Income": 14,
        "EBIT": 90,
        "Net Income": -19
    },
    "2020-09-30": {
        "Diluted EPS": -0.04,
        "Total Revenue": NaN,
        "Gross Profit": 831,
        "Operating Income": 19,
        "EBIT": 97,
        "Net Income": -2
    },
    "2020-06-30": {
        "Diluted EPS": -1.09,
        "Total Revenue": NaN,
        "Gross Profit": 727,
        "Operating Income": -5,
        "EBIT": 73,
        "Net Income": -37
    },
    "2020-03-31": {
        "Diluted EPS": 0.12,
        "Total Revenue": NaN,
        "Gross Profit": 806,
        "Operating Income": 28,
        "EBIT": 110,
        "Net Income": 4
    },
    "2019-12-31": {
        "Diluted EPS": -0.46,
        "Total Revenue": NaN,
        "Gross Profit": 804,
        "Operating Income": 10,
        "EBIT": 97,
        "Net Income": -15
    },
    "2019-09-30": {
        "Diluted EPS": -0.48,
        "Total Revenue": NaN,
        "Gross Profit": 877,
        "Operating Income": 24,
        "EBIT": 103,
        "Net Income": -16
    },
    "2019-06-30": {
        "Diluted EPS": -0.71,
        "Total Revenue": NaN,
        "Gross Profit": 886,
        "Operating Income": 14,
        "EBIT": 94,
        "Net Income": -24
    },
    "2019-03-31": {
        "Diluted EPS": -1.48,
        "Total Revenue": NaN,
        "Gross Profit": 800,
        "Operating Income": -32,
        "EBIT": 50,
        "Net Income": -49
    },
    "2018-12-31": {
        "Diluted EPS": 0.52,
        "Total Revenue": NaN,
        "Gross Profit": 846,
        "Operating Income": 55,
        "EBIT": 95,
        "Net Income": 18
    },
    "2018-09-30": {
        "Diluted EPS": 0.09,
        "Total Revenue": NaN,
        "Gross Profit": 887,
        "Operating Income": 41,
        "EBIT": 76,
        "Net Income": 3
    },
    "2018-06-30": {
        "Diluted EPS": 0.43,
        "Total Revenue": NaN,
        "Gross Profit": 907,
        "Operating Income": 51,
        "EBIT": 89,
        "Net Income": 14
    },
    "2018-03-31": {
        "Diluted EPS": -0.44,
        "Total Revenue": NaN,
        "Gross Profit": 829,
        "Operating Income": -4,
        "EBIT": 33,
        "Net Income": -15
    },
    "2017-12-31": {
        "Diluted EPS": -0.21,
        "Total Revenue": NaN,
        "Gross Profit": 819,
        "Operating Income": 22,
        "EBIT": 59,
        "Net Income": -8
    },
    "2017-09-30": {
        "Diluted EPS": 0.09,
        "Total Revenue": NaN,
        "Gross Profit": 866,
        "Operating Income": 43,
        "EBIT": 80,
        "Net Income": 3
    },
    "2017-06-30": {
        "Diluted EPS": 0.57,
        "Total Revenue": NaN,
        "Gross Profit": 891,
        "Operating Income": 53,
        "EBIT": 90,
        "Net Income": 19
    },
    "2017-03-31": {
        "Diluted EPS": -0.78,
        "Total Revenue": NaN,
        "Gross Profit": 820,
        "Operating Income": 0,
        "EBIT": 37,
        "Net Income": -25
    },
    "2016-12-31": {
        "Diluted EPS": -0.23,
        "Total Revenue": NaN,
        "Gross Profit": 800,
        "Operating Income": 35,
        "EBIT": 75,
        "Net Income": -8
    },
    "2016-09-30": {
        "Diluted EPS": 0.42,
        "Total Revenue": NaN,
        "Gross Profit": 858,
        "Operating Income": 39,
        "EBIT": 79,
        "Net Income": 14
    },
    "2016-06-30": {
        "Diluted EPS": 0.83,
        "Total Revenue": NaN,
        "Gross Profit": 872,
        "Operating Income": 57,
        "EBIT": 96,
        "Net Income": 27
    },
    "2016-03-31": {
        "Diluted EPS": -0.37,
        "Total Revenue": NaN,
        "Gross Profit": 815,
        "Operating Income": 13,
        "EBIT": 54,
        "Net Income": -12
    },
    "2015-12-31": {
        "Diluted EPS": -0.69,
        "Total Revenue": NaN,
        "Gross Profit": 812,
        "Operating Income": -15,
        "EBIT": 25,
        "Net Income": -24
    },
    "2015-09-30": {
        "Diluted EPS": 0.61,
        "Total Revenue": NaN,
        "Gross Profit": 878,
        "Operating Income": 48,
        "EBIT": 88,
        "Net Income": 20
    },
    "2015-06-30": {
        "Diluted EPS": 0.8,
        "Total Revenue": NaN,
        "Gross Profit": 878,
        "Operating Income": 57,
        "EBIT": 98,
        "Net Income": 26
    },
    "2015-03-31": {
        "Diluted EPS": -0.7,
        "Total Revenue": NaN,
        "Gross Profit": 825,
        "Operating Income": 4,
        "EBIT": 45,
        "Net Income": -22
    },
    "2014-12-31": {
        "Diluted EPS": 1.14,
        "Total Revenue": NaN,
        "Gross Profit": 826,
        "Operating Income": 31,
        "EBIT": 75,
        "Net Income": 6
    },
    "2014-09-30": {
        "Diluted EPS": -0.03,
        "Total Revenue": NaN,
        "Gross Profit": 880,
        "Operating Income": 27,
        "EBIT": 76,
        "Net Income": 1
    },
    "2014-06-30": {
        "Diluted EPS": -0.16,
        "Total Revenue": NaN,
        "Gross Profit": 866,
        "Operating Income": 20,
        "EBIT": 65,
        "Net Income": -5
    },
    "2014-03-31": {
        "Diluted EPS": -3.95,
        "Total Revenue": NaN,
        "Gross Profit": 795,
        "Operating Income": -32,
        "EBIT": 30,
        "Net Income": -88
    },
    "2013-12-31": {
        "Diluted EPS": 0.14,
        "Total Revenue": NaN,
        "Gross Profit": 796,
        "Operating Income": -2,
        "EBIT": 43,
        "Net Income": 0
    },
    "2013-09-30": {
        "Diluted EPS": -4.45,
        "Total Revenue": NaN,
        "Gross Profit": 829,
        "Operating Income": 6,
        "EBIT": 54,
        "Net Income": -44
    },
    "2013-06-30": {
        "Diluted EPS": -1.72,
        "Total Revenue": NaN,
        "Gross Profit": 831,
        "Operating Income": 14,
        "EBIT": 62,
        "Net Income": -15
    },
    "2013-03-31": {
        "Diluted EPS": -2.93,
        "Total Revenue": NaN,
        "Gross Profit": 780,
        "Operating Income": 10,
        "EBIT": 57,
        "Net Income": -25
    },
    "2012-12-31": {
        "Diluted EPS": -3.99,
        "Total Revenue": NaN,
        "Gross Profit": 778,
        "Operating Income": 30,
        "EBIT": 74,
        "Net Income": -35
    },
    "2012-09-30": {
        "Diluted EPS": 0.4,
        "Total Revenue": NaN,
        "Gross Profit": 835,
        "Operating Income": 27,
        "EBIT": 74,
        "Net Income": 3
    },
    "2012-06-30": {
        "Diluted EPS": -3.21,
        "Total Revenue": NaN,
        "Gross Profit": 839,
        "Operating Income": 16,
        "EBIT": 64,
        "Net Income": -23
    },
    "2012-03-31": {
        "Diluted EPS": -12.4,
        "Total Revenue": NaN,
        "Gross Profit": 781,
        "Operating Income": -49,
        "EBIT": 0,
        "Net Income": -86
    },
    "2011-12-31": {
        "Diluted EPS": 868.51,
        "Total Revenue": NaN,
        "Gross Profit": 776,
        "Operating Income": -38,
        "EBIT": 14,
        "Net Income": -84
    },
    "2011-09-30": {
        "Diluted EPS": -153.74,
        "Total Revenue": NaN,
        "Gross Profit": 828,
        "Operating Income": -26,
        "EBIT": 24,
        "Net Income": -180
    },
    "2011-06-30": {
        "Diluted EPS": -267.33,
        "Total Revenue": NaN,
        "Gross Profit": 809,
        "Operating Income": -6,
        "EBIT": 53,
        "Net Income": -43
    },
    "2011-03-31": {
        "Diluted EPS": -643.56,
        "Total Revenue": NaN,
        "Gross Profit": 726,
        "Operating Income": -68,
        "EBIT": -9,
        "Net Income": -102
    },
    "2010-12-31": {
        "Diluted EPS": NaN,
        "Total Revenue": NaN,
        "Gross Profit": 744,
        "Operating Income": -24,
        "EBIT": 37,
        "Net Income": 20
    },
    "2010-09-30": {
        "Diluted EPS": -403.03,
        "Total Revenue": NaN,
        "Gross Profit": 779,
        "Operating Income": -19,
        "EBIT": 44,
        "Net Income": -62
    },
    "2010-06-30": {
        "Diluted EPS": -72.73,
        "Total Revenue": NaN,
        "Gross Profit": 755,
        "Operating Income": 48,
        "EBIT": 113,
        "Net Income": -9
    },
    "2010-03-31": {
        "Diluted EPS": NaN,
        "Total Revenue": 987,
        "Gross Profit": 656,
        "Operating Income": -233,
        "EBIT": -170,
        "Net Income": -274
    },
    "2009-12-31": {
        "Diluted EPS": NaN,
        "Total Revenue": 938,
        "Gross Profit": 673,
        "Operating Income": -82,
        "EBIT": -4,
        "Net Income": 122
    },
    "2009-09-30": {
        "Diluted EPS": NaN,
        "Total Revenue": NaN,
        "Gross Profit": 801,
        "Operating Income": -127,
        "EBIT": -57,
        "Net Income": -159
    },
    "2009-06-30": {
        "Diluted EPS": NaN,
        "Total Revenue": NaN,
        "Gross Profit": 820,
        "Operating Income": -294,
        "EBIT": -219,
        "Net Income": -309
    },
    "2009-03-31": {
        "Diluted EPS": NaN,
        "Total Revenue": NaN,
        "Gross Profit": 960,
        "Operating Income": -379,
        "EBIT": -313,
        "Net Income": -274
    },
    "2023-06-30": {
        "Tax Effect Of Unusual Items": 30360000.0,
        "Tax Rate For Calcs": 0.4,
        "Normalized EBITDA": -38200000.0,
        "Total Unusual Items": 75900000.0,
        "Total Unusual Items Excluding Goodwill": 75900000.0,
        "Net Income From Continuing Operation Net Minority Interest": -14700000.0,
        "Reconciled Depreciation": NaN,
        "Reconciled Cost Of Revenue": 1099800000.0,
        "EBIT": 37700000.0,
        "Net Interest Income": -48300000.0,
        "Interest Expense": 48300000.0,
        "Normalized Income": -60240000.0,
        "Net Income From Continuing And Discontinued Operation": -14700000.0,
        "Total Expenses": 1164900000.0,
        "Total Operating Income As Reported": 38900000.0,
        "Diluted Average Shares": 52010000.0,
        "Basic Average Shares": 52010000.0,
        "Diluted EPS": -0.28,
        "Basic EPS": -0.28,
        "Diluted NI Availto Com Stockholders": -14700000.0,
        "Net Income Common Stockholders": -14700000.0,
        "Net Income": -14700000.0,
        "Net Income Including Noncontrolling Interests": -14700000.0,
        "Net Income Continuous Operations": -14700000.0,
        "Tax Provision": 4100000.0,
        "Pretax Income": -10600000.0,
        "Other Income Expense": 75800000.0,
        "Other Non Operating Income Expenses": -100000.0,
        "Special Income Charges": 75900000.0,
        "Gain On Sale Of Ppe": 75900000.0,
        "Net Non Operating Interest Income Expense": -48300000.0,
        "Interest Expense Non Operating": 48300000.0,
        "Operating Income": -38100000.0,
        "Operating Expense": 65100000.0,
        "Other Operating Expenses": 64000000.0,
        "Selling General And Administration": 1100000.0,
        "General And Administrative Expense": 1100000.0,
        "Salaries And Wages": 1100000.0,
        "Gross Profit": 27000000.0,
        "Cost Of Revenue": 1099800000.0,
        "Total Revenue": 1126800000.0,
        "Operating Revenue": 1126800000.0
    }
}