{
    "2023-03-31": {
        "Tax Effect Of Unusual Items": 0.0,
        "Tax Rate For Calcs": 0.0,
        "Normalized EBITDA": -16719000.0,
        "Total Unusual Items": 1634000.0,
        "Total Unusual Items Excluding Goodwill": 1634000.0,
        "Net Income From Continuing Operation Net Minority Interest": -31787000.0,
        "Reconciled Cost Of Revenue": 3460548000.0,
        "EBITDA": -15085000.0,
        "EBIT": -15085000.0,
        "Net Interest Income": -2323000.0,
        "Interest Expense": 4272000.0,
        "Interest Income": 1949000.0,
        "Normalized Income": -33421000.0,
        "Net Income From Continuing And Discontinued Operation": -31787000.0,
        "Total Expenses": 3718493000.0,
        "Total Operating Income As Reported": -21732000.0,
        "Diluted Average Shares": 83664804.0,
        "Basic Average Shares": 83664804.0,
        "Diluted EPS": -0.38,
        "Basic EPS": -0.38,
        "Diluted NI Availto Com Stockholders": -31787000.0,
        "Net Income Common Stockholders": -31787000.0,
        "Net Income": -31787000.0,
        "Minority Interests": -12430000.0,
        "Net Income Including Noncontrolling Interests": -19357000.0,
        "Net Income Continuous Operations": -19357000.0,
        "Tax Provision": 0.0,
        "Pretax Income": -19357000.0,
        "Other Income Expense": 4698000.0,
        "Other Non Operating Income Expenses": 3064000.0,
        "Gain On Sale Of Security": 1634000.0,
        "Net Non Operating Interest Income Expense": -2323000.0,
        "Interest Expense Non Operating": 4272000.0,
        "Interest Income Non Operating": 1949000.0,
        "Operating Income": -21732000.0,
        "Operating Expense": 257945000.0,
        "Other Operating Expenses": 127388000.0,
        "Selling General And Administration": 130557000.0,
        "Selling And Marketing Expense": 89240000.0,
        "General And Administrative Expense": 41317000.0,
        "Other Gand A": 41317000.0,
        "Gross Profit": 236213000.0,
        "Cost Of Revenue": 3460548000.0,
        "Total Revenue": 3696761000.0,
        "Operating Revenue": 3696761000.0
    },
    "2022-12-31": {
        "Tax Effect Of Unusual Items": 0.0,
        "Tax Rate For Calcs": 0.0,
        "Normalized EBITDA": -103069000.0,
        "Total Unusual Items": 1770000.0,
        "Total Unusual Items Excluding Goodwill": 1770000.0,
        "Net Income From Continuing Operation Net Minority Interest": -114431000.0,
        "Reconciled Cost Of Revenue": 3894755000.0,
        "EBITDA": -101299000.0,
        "EBIT": -101299000.0,
        "Net Interest Income": -681000.0,
        "Interest Expense": 2777000.0,
        "Interest Income": 2096000.0,
        "Normalized Income": -116201000.0,
        "Net Income From Continuing And Discontinued Operation": -114431000.0,
        "Total Expenses": 4256674000.0,
        "Total Operating Income As Reported": -108427000.0,
        "Diluted Average Shares": 83445312.0,
        "Basic Average Shares": 83445312.0,
        "Diluted EPS": -1.38,
        "Basic EPS": -1.38,
        "Diluted NI Availto Com Stockholders": -114431000.0,
        "Net Income Common Stockholders": -114431000.0,
        "Net Income": -114431000.0,
        "Minority Interests": -10355000.0,
        "Net Income Including Noncontrolling Interests": -104076000.0,
        "Net Income Continuous Operations": -104076000.0,
        "Tax Provision": 0.0,
        "Pretax Income": -104076000.0,
        "Other Income Expense": 5032000.0,
        "Other Non Operating Income Expenses": 3262000.0,
        "Gain On Sale Of Security": 1770000.0,
        "Net Non Operating Interest Income Expense": -681000.0,
        "Interest Expense Non Operating": 2777000.0,
        "Interest Income Non Operating": 2096000.0,
        "Operating Income": -108427000.0,
        "Operating Expense": 361919000.0,
        "Other Operating Expenses": 154852000.0,
        "Selling General And Administration": 207067000.0,
        "Selling And Marketing Expense": 134053000.0,
        "General And Administrative Expense": 73014000.0,
        "Other Gand A": 73014000.0,
        "Gross Profit": 253492000.0,
        "Cost Of Revenue": 3894755000.0,
        "Total Revenue": 4148247000.0,
        "Operating Revenue": 4148247000.0
    },
    "2022-09-30": {
        "Tax Effect Of Unusual Items": 0.0,
        "Tax Rate For Calcs": 0.0,
        "Normalized EBITDA": -76841000.0,
        "Total Unusual Items": -5102000.0,
        "Total Unusual Items Excluding Goodwill": -5102000.0,
        "Net Income From Continuing Operation Net Minority Interest": -96846000.0,
        "Reconciled Cost Of Revenue": 3146733000.0,
        "EBITDA": -81943000.0,
        "EBIT": -81943000.0,
        "Net Interest Income": -1739000.0,
        "Interest Expense": 4297000.0,
        "Interest Income": 2558000.0,
        "Normalized Income": -91744000.0,
        "Net Income From Continuing And Discontinued Operation": -96846000.0,
        "Total Expenses": 3429384000.0,
        "Total Operating Income As Reported": -80669000.0,
        "Diluted Average Shares": 83355454.0,
        "Basic Average Shares": 83355454.0,
        "Diluted EPS": -1.16,
        "Basic EPS": -1.16,
        "Diluted NI Availto Com Stockholders": -96846000.0,
        "Net Income Common Stockholders": -96846000.0,
        "Net Income": -96846000.0,
        "Minority Interests": -10606000.0,
        "Net Income Including Noncontrolling Interests": -86240000.0,
        "Net Income Continuous Operations": -86240000.0,
        "Tax Provision": 0.0,
        "Pretax Income": -86240000.0,
        "Other Income Expense": -3832000.0,
        "Other Non Operating Income Expenses": 1270000.0,
        "Gain On Sale Of Security": -5102000.0,
        "Net Non Operating Interest Income Expense": -1739000.0,
        "Interest Expense Non Operating": 4297000.0,
        "Interest Income Non Operating": 2558000.0,
        "Operating Income": -80669000.0,
        "Operating Expense": 282651000.0,
        "Other Operating Expenses": -976000.0,
        "Selling General And Administration": 283627000.0,
        "Selling And Marketing Expense": 107799000.0,
        "General And Administrative Expense": 175828000.0,
        "Other Gand A": 175828000.0,
        "Gross Profit": 201982000.0,
        "Cost Of Revenue": 3146733000.0,
        "Total Revenue": 3348715000.0,
        "Operating Revenue": 3348715000.0
    },
    "2022-06-30": {
        "Tax Effect Of Unusual Items": 0.0,
        "Tax Rate For Calcs": 0.0,
        "Normalized EBITDA": -76645000.0,
        "Total Unusual Items": -4934000.0,
        "Total Unusual Items Excluding Goodwill": -4934000.0,
        "Net Income From Continuing Operation Net Minority Interest": -95258000.0,
        "Reconciled Cost Of Revenue": 2845178000.0,
        "EBITDA": -81579000.0,
        "EBIT": -81579000.0,
        "Net Interest Income": -1764000.0,
        "Interest Expense": 3185000.0,
        "Interest Income": 1421000.0,
        "Normalized Income": -90324000.0,
        "Net Income From Continuing And Discontinued Operation": -95258000.0,
        "Total Expenses": 3116898000.0,
        "Total Operating Income As Reported": -79753000.0,
        "Diluted Average Shares": 83297539.0,
        "Basic Average Shares": 83297539.0,
        "Diluted EPS": -1.14,
        "Basic EPS": -1.14,
        "Diluted NI Availto Com Stockholders": -95258000.0,
        "Net Income Common Stockholders": -95258000.0,
        "Net Income": -95258000.0,
        "Minority Interests": -10494000.0,
        "Net Income Including Noncontrolling Interests": -84764000.0,
        "Net Income Continuous Operations": -84764000.0,
        "Tax Provision": 0.0,
        "Pretax Income": -84764000.0,
        "Other Income Expense": -3247000.0,
        "Other Non Operating Income Expenses": 1687000.0,
        "Gain On Sale Of Security": -4934000.0,
        "Net Non Operating Interest Income Expense": -1764000.0,
        "Interest Expense Non Operating": 3185000.0,
        "Interest Income Non Operating": 1421000.0,
        "Operating Income": -79753000.0,
        "Operating Expense": 271720000.0,
        "Other Operating Expenses": 10434000.0,
        "Selling General And Administration": 261286000.0,
        "Selling And Marketing Expense": 101174000.0,
        "General And Administrative Expense": 160112000.0,
        "Other Gand A": 160112000.0,
        "Gross Profit": 191967000.0,
        "Cost Of Revenue": 2845178000.0,
        "Total Revenue": 3037145000.0,
        "Operating Revenue": 3037145000.0
    },
    "2023-06-30": {
        "Tax Effect Of Unusual Items": 0.0,
        "Tax Rate For Calcs": 0.0,
        "Normalized EBITDA": -37749000.0,
        "Total Unusual Items": -2808000.0,
        "Total Unusual Items Excluding Goodwill": -2808000.0,
        "Net Income From Continuing Operation Net Minority Interest": -57239000.0,
        "Reconciled Cost Of Revenue": 3269610000.0,
        "EBITDA": -40557000.0,
        "EBIT": -40557000.0,
        "Net Interest Income": -2614000.0,
        "Interest Expense": 4820000.0,
        "Interest Income": 2206000.0,
        "Normalized Income": -54431000.0,
        "Net Income From Continuing And Discontinued Operation": -57239000.0,
        "Total Expenses": 3518902000.0,
        "Total Operating Income As Reported": -41405000.0,
        "Diluted Average Shares": 84051196.0,
        "Basic Average Shares": 84051196.0,
        "Diluted EPS": -1.36,
        "Basic EPS": -1.36,
        "Diluted NI Availto Com Stockholders": -57239000.0,
        "Net Income Common Stockholders": -57239000.0,
        "Net Income": -57239000.0,
        "Minority Interests": -11862000.0,
        "Net Income Including Noncontrolling Interests": -45377000.0,
        "Net Income Continuous Operations": -45377000.0,
        "Tax Provision": 0.0,
        "Pretax Income": -45377000.0,
        "Other Income Expense": -1358000.0,
        "Other Non Operating Income Expenses": 1450000.0,
        "Gain On Sale Of Security": -2808000.0,
        "Net Non Operating Interest Income Expense": -2614000.0,
        "Interest Expense Non Operating": 4820000.0,
        "Interest Income Non Operating": 2206000.0,
        "Operating Income": -41405000.0,
        "Operating Expense": 249292000.0,
        "Other Operating Expenses": 120096000.0,
        "Selling General And Administration": 129196000.0,
        "Selling And Marketing Expense": 90117000.0,
        "General And Administrative Expense": 39079000.0,
        "Other Gand A": 39079000.0,
        "Gross Profit": 207887000.0,
        "Cost Of Revenue": 3269610000.0,
        "Total Revenue": 3477497000.0,
        "Operating Revenue": 3477497000.0
    },
    "2023-09-30": {
        "Tax Effect Of Unusual Items": 19750.0,
        "Tax Rate For Calcs": 0.25,
        "Normalized EBITDA": -78022000.0,
        "Total Unusual Items": 79000.0,
        "Total Unusual Items Excluding Goodwill": 79000.0,
        "Net Income From Continuing Operation Net Minority Interest": -93301000.0,
        "Reconciled Cost Of Revenue": 3474621000.0,
        "EBITDA": -77943000.0,
        "EBIT": -77943000.0,
        "Net Interest Income": -3071000.0,
        "Interest Expense": 5433000.0,
        "Interest Income": 2362000.0,
        "Normalized Income": -93360250.0,
        "Net Income From Continuing And Discontinued Operation": -93301000.0,
        "Total Expenses": 3745667000.0,
        "Total Operating Income As Reported": -80422000.0,
        "Diluted Average Shares": 84544008.0,
        "Basic Average Shares": 84544008.0,
        "Diluted EPS": -1.103579,
        "Basic EPS": -1.103579,
        "Diluted NI Availto Com Stockholders": -93301000.0,
        "Net Income Common Stockholders": -93301000.0,
        "Net Income": -93301000.0,
        "Minority Interests": -9823000.0,
        "Net Income Including Noncontrolling Interests": -83478000.0,
        "Net Income Continuous Operations": -83478000.0,
        "Tax Provision": 102000.0,
        "Pretax Income": -83376000.0,
        "Other Income Expense": 117000.0,
        "Other Non Operating Income Expenses": 38000.0,
        "Gain On Sale Of Security": 79000.0,
        "Net Non Operating Interest Income Expense": -3071000.0,
        "Interest Expense Non Operating": 5433000.0,
        "Interest Income Non Operating": 2362000.0,
        "Operating Income": -80422000.0,
        "Operating Expense": 271046000.0,
        "Other Operating Expenses": 129684000.0,
        "Selling General And Administration": 141362000.0,
        "Selling And Marketing Expense": 95523000.0,
        "General And Administrative Expense": 45839000.0,
        "Other Gand A": 45839000.0,
        "Gross Profit": 190624000.0,
        "Cost Of Revenue": 3474621000.0,
        "Total Revenue": 3665245000.0,
        "Operating Revenue": 3665245000.0
    },
    "2023-12-31": {
        "Tax Effect Of Unusual Items": NaN,
        "Tax Rate For Calcs": NaN,
        "Normalized EBITDA": NaN,
        "Total Unusual Items": NaN,
        "Total Unusual Items Excluding Goodwill": NaN,
        "Net Income From Continuing Operation Net Minority Interest": NaN,
        "Reconciled Cost Of Revenue": NaN,
        "EBITDA": NaN,
        "EBIT": NaN,
        "Net Interest Income": NaN,
        "Interest Expense": NaN,
        "Interest Income": NaN,
        "Normalized Income": NaN,
        "Net Income From Continuing And Discontinued Operation": NaN,
        "Total Expenses": NaN,
        "Total Operating Income As Reported": NaN,
        "Diluted Average Shares": NaN,
        "Basic Average Shares": NaN,
        "Diluted EPS": NaN,
        "Basic EPS": NaN,
        "Diluted NI Availto Com Stockholders": NaN,
        "Net Income Common Stockholders": NaN,
        "Net Income": NaN,
        "Minority Interests": NaN,
        "Net Income Including Noncontrolling Interests": NaN,
        "Net Income Continuous Operations": NaN,
        "Tax Provision": NaN,
        "Pretax Income": NaN,
        "Other Income Expense": NaN,
        "Other Non Operating Income Expenses": 3060000.0,
        "Gain On Sale Of Security": NaN,
        "Net Non Operating Interest Income Expense": NaN,
        "Interest Expense Non Operating": NaN,
        "Interest Income Non Operating": NaN,
        "Operating Income": NaN,
        "Operating Expense": NaN,
        "Other Operating Expenses": NaN,
        "Selling General And Administration": NaN,
        "Selling And Marketing Expense": NaN,
        "General And Administrative Expense": NaN,
        "Other Gand A": NaN,
        "Gross Profit": NaN,
        "Cost Of Revenue": NaN,
        "Total Revenue": NaN,
        "Operating Revenue": NaN
    },
    "2024-03-31": {
        "Tax Effect Of Unusual Items": NaN,
        "Tax Rate For Calcs": NaN,
        "Normalized EBITDA": NaN,
        "Total Unusual Items": NaN,
        "Total Unusual Items Excluding Goodwill": NaN,
        "Net Income From Continuing Operation Net Minority Interest": NaN,
        "Reconciled Cost Of Revenue": NaN,
        "EBITDA": NaN,
        "EBIT": NaN,
        "Net Interest Income": NaN,
        "Interest Expense": NaN,
        "Interest Income": NaN,
        "Normalized Income": NaN,
        "Net Income From Continuing And Discontinued Operation": NaN,
        "Total Expenses": NaN,
        "Total Operating Income As Reported": NaN,
        "Diluted Average Shares": NaN,
        "Basic Average Shares": NaN,
        "Diluted EPS": NaN,
        "Basic EPS": NaN,
        "Diluted NI Availto Com Stockholders": NaN,
        "Net Income Common Stockholders": NaN,
        "Net Income": NaN,
        "Minority Interests": NaN,
        "Net Income Including Noncontrolling Interests": NaN,
        "Net Income Continuous Operations": NaN,
        "Tax Provision": NaN,
        "Pretax Income": NaN,
        "Other Income Expense": NaN,
        "Other Non Operating Income Expenses": -123000.0,
        "Gain On Sale Of Security": NaN,
        "Net Non Operating Interest Income Expense": NaN,
        "Interest Expense Non Operating": NaN,
        "Interest Income Non Operating": NaN,
        "Operating Income": NaN,
        "Operating Expense": NaN,
        "Other Operating Expenses": NaN,
        "Selling General And Administration": NaN,
        "Selling And Marketing Expense": NaN,
        "General And Administrative Expense": NaN,
        "Other Gand A": NaN,
        "Gross Profit": NaN,
        "Cost Of Revenue": NaN,
        "Total Revenue": NaN,
        "Operating Revenue": NaN
    },
    "2024-06-30": {
        "Tax Effect Of Unusual Items": NaN,
        "Tax Rate For Calcs": NaN,
        "Normalized EBITDA": NaN,
        "Total Unusual Items": NaN,
        "Total Unusual Items Excluding Goodwill": NaN,
        "Net Income From Continuing Operation Net Minority Interest": NaN,
        "Reconciled Cost Of Revenue": NaN,
        "EBITDA": NaN,
        "EBIT": NaN,
        "Net Interest Income": NaN,
        "Interest Expense": NaN,
        "Interest Income": NaN,
        "Normalized Income": NaN,
        "Net Income From Continuing And Discontinued Operation": NaN,
        "Total Expenses": NaN,
        "Total Operating Income As Reported": NaN,
        "Diluted Average Shares": NaN,
        "Basic Average Shares": NaN,
        "Diluted EPS": NaN,
        "Basic EPS": NaN,
        "Diluted NI Availto Com Stockholders": NaN,
        "Net Income Common Stockholders": NaN,
        "Net Income": NaN,
        "Minority Interests": NaN,
        "Net Income Including Noncontrolling Interests": NaN,
        "Net Income Continuous Operations": NaN,
        "Tax Provision": NaN,
        "Pretax Income": NaN,
        "Other Income Expense": NaN,
        "Other Non Operating Income Expenses": 200000.0,
        "Gain On Sale Of Security": NaN,
        "Net Non Operating Interest Income Expense": NaN,
        "Interest Expense Non Operating": NaN,
        "Interest Income Non Operating": NaN,
        "Operating Income": NaN,
        "Operating Expense": NaN,
        "Other Operating Expenses": NaN,
        "Selling General And Administration": NaN,
        "Selling And Marketing Expense": NaN,
        "General And Administrative Expense": NaN,
        "Other Gand A": NaN,
        "Gross Profit": NaN,
        "Cost Of Revenue": NaN,
        "Total Revenue": NaN,
        "Operating Revenue": NaN
    },
    "2024-09-30": {
        "Tax Effect Of Unusual Items": 160500.0,
        "Tax Rate For Calcs": 0.25,
        "Normalized EBITDA": 3711000.0,
        "Total Unusual Items": 642000.0,
        "Total Unusual Items Excluding Goodwill": 642000.0,
        "Net Income From Continuing Operation Net Minority Interest": -17107000.0,
        "Reconciled Cost Of Revenue": 3390059000.0,
        "EBITDA": 4353000.0,
        "EBIT": 4353000.0,
        "Net Interest Income": -6277000.0,
        "Interest Expense": 7810000.0,
        "Interest Income": 1533000.0,
        "Normalized Income": -17588500.0,
        "Net Income From Continuing And Discontinued Operation": -17107000.0,
        "Total Expenses": 3598304000.0,
        "Total Operating Income As Reported": 2371000.0,
        "Diluted Average Shares": 8596927.0,
        "Basic Average Shares": 8596927.0,
        "Diluted EPS": -40.0,
        "Basic EPS": -40.0,
        "Diluted NI Availto Com Stockholders": -17107000.0,
        "Net Income Common Stockholders": -17107000.0,
        "Net Income": -17107000.0,
        "Minority Interests": -13645000.0,
        "Net Income Including Noncontrolling Interests": -3462000.0,
        "Net Income Continuous Operations": -3462000.0,
        "Tax Provision": 5000.0,
        "Pretax Income": -3457000.0,
        "Other Income Expense": 449000.0,
        "Other Non Operating Income Expenses": -193000.0,
        "Gain On Sale Of Security": 642000.0,
        "Net Non Operating Interest Income Expense": -6277000.0,
        "Interest Expense Non Operating": 7810000.0,
        "Interest Income Non Operating": 1533000.0,
        "Operating Income": 2371000.0,
        "Operating Expense": 208245000.0,
        "Other Operating Expenses": 116924000.0,
        "Selling General And Administration": 91321000.0,
        "Selling And Marketing Expense": 76954000.0,
        "General And Administrative Expense": 14367000.0,
        "Other Gand A": 14367000.0,
        "Gross Profit": 210616000.0,
        "Cost Of Revenue": 3390059000.0,
        "Total Revenue": 3600675000.0,
        "Operating Revenue": 3600675000.0
    },
    "2024-12-31": {
        "Tax Effect Of Unusual Items": -237250.0,
        "Tax Rate For Calcs": 0.25,
        "Normalized EBITDA": -6331000.0,
        "Total Unusual Items": -949000.0,
        "Total Unusual Items Excluding Goodwill": -949000.0,
        "Net Income From Continuing Operation Net Minority Interest": -19841000.0,
        "Reconciled Cost Of Revenue": 3645293000.0,
        "EBITDA": -7280000.0,
        "EBIT": -7280000.0,
        "Net Interest Income": -3797000.0,
        "Interest Expense": 5264000.0,
        "Interest Income": 1467000.0,
        "Normalized Income": -19129250.0,
        "Net Income From Continuing And Discontinued Operation": -19841000.0,
        "Total Expenses": 3855094000.0,
        "Total Operating Income As Reported": -7319000.0,
        "Diluted Average Shares": 8637881.0,
        "Basic Average Shares": 8637881.0,
        "Diluted EPS": -2.2,
        "Basic EPS": -2.2,
        "Diluted NI Availto Com Stockholders": -19841000.0,
        "Net Income Common Stockholders": -19841000.0,
        "Net Income": -19841000.0,
        "Minority Interests": -7294000.0,
        "Net Income Including Noncontrolling Interests": -12547000.0,
        "Net Income Continuous Operations": -12547000.0,
        "Tax Provision": 3000.0,
        "Pretax Income": -12544000.0,
        "Other Income Expense": -1428000.0,
        "Other Non Operating Income Expenses": -479000.0,
        "Gain On Sale Of Security": -949000.0,
        "Net Non Operating Interest Income Expense": -3797000.0,
        "Interest Expense Non Operating": 5264000.0,
        "Interest Income Non Operating": 1467000.0,
        "Operating Income": -7319000.0,
        "Operating Expense": 209801000.0,
        "Other Operating Expenses": 113468000.0,
        "Selling General And Administration": 96333000.0,
        "Selling And Marketing Expense": 76173000.0,
        "General And Administrative Expense": 20160000.0,
        "Other Gand A": 20160000.0,
        "Gross Profit": 202482000.0,
        "Cost Of Revenue": 3645293000.0,
        "Total Revenue": 3847775000.0,
        "Operating Revenue": 3847775000.0
    },
    "2025-03-31": {
        "Tax Effect Of Unusual Items": 10500.0,
        "Tax Rate For Calcs": 0.25,
        "Normalized EBITDA": 1399000.0,
        "Total Unusual Items": 42000.0,
        "Total Unusual Items Excluding Goodwill": 42000.0,
        "Net Income From Continuing Operation Net Minority Interest": -17649000.0,
        "Reconciled Cost Of Revenue": 3334184000.0,
        "EBITDA": 1441000.0,
        "EBIT": 1441000.0,
        "Net Interest Income": -7478000.0,
        "Interest Expense": 8732000.0,
        "Interest Income": 1254000.0,
        "Normalized Income": -17680500.0,
        "Net Income From Continuing And Discontinued Operation": -17649000.0,
        "Total Expenses": 3529134000.0,
        "Total Operating Income As Reported": 145000.0,
        "Diluted Average Shares": 8655979.0,
        "Basic Average Shares": 8655979.0,
        "Diluted EPS": -40.0,
        "Basic EPS": -40.0,
        "Diluted NI Availto Com Stockholders": -17649000.0,
        "Net Income Common Stockholders": -17649000.0,
        "Net Income": -17649000.0,
        "Minority Interests": -10342000.0,
        "Net Income Including Noncontrolling Interests": -7307000.0,
        "Net Income Continuous Operations": -7307000.0,
        "Tax Provision": 16000.0,
        "Pretax Income": -7291000.0,
        "Other Income Expense": 42000.0,
        "Other Non Operating Income Expenses": NaN,
        "Gain On Sale Of Security": 42000.0,
        "Net Non Operating Interest Income Expense": -7478000.0,
        "Interest Expense Non Operating": 8732000.0,
        "Interest Income Non Operating": 1254000.0,
        "Operating Income": 145000.0,
        "Operating Expense": 194950000.0,
        "Other Operating Expenses": 108701000.0,
        "Selling General And Administration": 86249000.0,
        "Selling And Marketing Expense": 67908000.0,
        "General And Administrative Expense": 18341000.0,
        "Other Gand A": 18341000.0,
        "Gross Profit": 195095000.0,
        "Cost Of Revenue": 3334184000.0,
        "Total Revenue": 3529279000.0,
        "Operating Revenue": 3529279000.0
    },
    "2025-06-30": {
        "Tax Effect Of Unusual Items": 27.655476,
        "Tax Rate For Calcs": 0.000413,
        "Normalized EBITDA": 1123000.0,
        "Total Unusual Items": 67000.0,
        "Total Unusual Items Excluding Goodwill": 67000.0,
        "Net Income From Continuing Operation Net Minority Interest": -19549000.0,
        "Reconciled Cost Of Revenue": 3020380000.0,
        "EBITDA": 1190000.0,
        "EBIT": 1190000.0,
        "Net Interest Income": -7441000.0,
        "Interest Expense": 8458000.0,
        "Interest Income": 1017000.0,
        "Normalized Income": -19615972.344524,
        "Net Income From Continuing And Discontinued Operation": -19549000.0,
        "Total Expenses": 3205665000.0,
        "Total Operating Income As Reported": 95000.0,
        "Diluted Average Shares": 8678482.0,
        "Basic Average Shares": 8678482.0,
        "Diluted EPS": -2.2,
        "Basic EPS": -2.2,
        "Diluted NI Availto Com Stockholders": -19549000.0,
        "Net Income Common Stockholders": -19549000.0,
        "Net Income": -19549000.0,
        "Minority Interests": -12284000.0,
        "Net Income Including Noncontrolling Interests": -7265000.0,
        "Net Income Continuous Operations": -7265000.0,
        "Tax Provision": -3000.0,
        "Pretax Income": -7268000.0,
        "Other Income Expense": 78000.0,
        "Other Non Operating Income Expenses": 11000.0,
        "Gain On Sale Of Security": 67000.0,
        "Net Non Operating Interest Income Expense": -7441000.0,
        "Interest Expense Non Operating": 8458000.0,
        "Interest Income Non Operating": 1017000.0,
        "Operating Income": 95000.0,
        "Operating Expense": 185285000.0,
        "Other Operating Expenses": 101721000.0,
        "Selling General And Administration": 83564000.0,
        "Selling And Marketing Expense": 66162000.0,
        "General And Administrative Expense": 17402000.0,
        "Other Gand A": 17402000.0,
        "Gross Profit": 185380000.0,
        "Cost Of Revenue": 3020380000.0,
        "Total Revenue": 3205760000.0,
        "Operating Revenue": 3205760000.0
    },
    "2025-09-30": {
        "Tax Effect Of Unusual Items": 0.0,
        "Tax Rate For Calcs": 0.0,
        "Normalized EBITDA": 5418000.0,
        "Total Unusual Items": 181000.0,
        "Total Unusual Items Excluding Goodwill": 181000.0,
        "Net Income From Continuing Operation Net Minority Interest": -12973000.0,
        "Reconciled Cost Of Revenue": 2822785000.0,
        "EBITDA": 5599000.0,
        "EBIT": 5599000.0,
        "Net Interest Income": -6371000.0,
        "Interest Expense": 7053000.0,
        "Interest Income": 682000.0,
        "Normalized Income": -13154000.0,
        "Net Income From Continuing And Discontinued Operation": -12973000.0,
        "Total Expenses": 3003116000.0,
        "Total Operating Income As Reported": -2296000.0,
        "Diluted Average Shares": 8710907.0,
        "Basic Average Shares": 8710907.0,
        "Diluted EPS": -28.0,
        "Basic EPS": -28.0,
        "Diluted NI Availto Com Stockholders": -12973000.0,
        "Net Income Common Stockholders": -12973000.0,
        "Net Income": -12973000.0,
        "Minority Interests": -11519000.0,
        "Net Income Including Noncontrolling Interests": -1454000.0,
        "Net Income Continuous Operations": -1454000.0,
        "Tax Provision": 0.0,
        "Pretax Income": -1454000.0,
        "Other Income Expense": 7213000.0,
        "Other Non Operating Income Expenses": 7032000.0,
        "Gain On Sale Of Security": 181000.0,
        "Net Non Operating Interest Income Expense": -6371000.0,
        "Interest Expense Non Operating": 7053000.0,
        "Interest Income Non Operating": 682000.0,
        "Operating Income": -2296000.0,
        "Operating Expense": 180331000.0,
        "Other Operating Expenses": 102819000.0,
        "Selling General And Administration": 77512000.0,
        "Selling And Marketing Expense": 61827000.0,
        "General And Administrative Expense": 15685000.0,
        "Other Gand A": 15685000.0,
        "Gross Profit": 178035000.0,
        "Cost Of Revenue": 2822785000.0,
        "Total Revenue": 3000820000.0,
        "Operating Revenue": 3000820000.0
    }
}