{
    "2023-03-31": {
        "Tax Effect Of Unusual Items": NaN,
        "Tax Rate For Calcs": NaN,
        "Normalized EBITDA": NaN,
        "Net Income From Continuing Operation Net Minority Interest": NaN,
        "Reconciled Depreciation": NaN,
        "Reconciled Cost Of Revenue": NaN,
        "EBITDA": NaN,
        "EBIT": NaN,
        "Net Interest Income": NaN,
        "Interest Income": 1111000.0,
        "Normalized Income": NaN,
        "Net Income From Continuing And Discontinued Operation": NaN,
        "Total Expenses": NaN,
        "Total Operating Income As Reported": NaN,
        "Diluted Average Shares": 43671589.0,
        "Basic Average Shares": 43671589.0,
        "Diluted EPS": -0.15,
        "Basic EPS": -0.15,
        "Diluted NI Availto Com Stockholders": NaN,
        "Net Income Common Stockholders": NaN,
        "Net Income": NaN,
        "Net Income Including Noncontrolling Interests": NaN,
        "Net Income Continuous Operations": NaN,
        "Tax Provision": NaN,
        "Pretax Income": NaN,
        "Net Non Operating Interest Income Expense": NaN,
        "Interest Income Non Operating": 1111000.0,
        "Operating Income": NaN,
        "Operating Expense": NaN,
        "Research And Development": NaN,
        "Selling General And Administration": NaN,
        "Gross Profit": NaN,
        "Cost Of Revenue": NaN,
        "Total Revenue": NaN,
        "Operating Revenue": NaN
    },
    "2022-12-31": {
        "Tax Effect Of Unusual Items": NaN,
        "Tax Rate For Calcs": NaN,
        "Normalized EBITDA": NaN,
        "Net Income From Continuing Operation Net Minority Interest": NaN,
        "Reconciled Depreciation": NaN,
        "Reconciled Cost Of Revenue": NaN,
        "EBITDA": NaN,
        "EBIT": NaN,
        "Net Interest Income": NaN,
        "Interest Expense": -2310000.0,
        "Interest Income": NaN,
        "Normalized Income": NaN,
        "Net Income From Continuing And Discontinued Operation": NaN,
        "Total Expenses": NaN,
        "Total Operating Income As Reported": NaN,
        "Diluted Average Shares": NaN,
        "Basic Average Shares": NaN,
        "Diluted EPS": NaN,
        "Basic EPS": NaN,
        "Diluted NI Availto Com Stockholders": NaN,
        "Net Income Common Stockholders": NaN,
        "Net Income": NaN,
        "Net Income Including Noncontrolling Interests": NaN,
        "Net Income Continuous Operations": NaN,
        "Tax Provision": NaN,
        "Pretax Income": NaN,
        "Net Non Operating Interest Income Expense": NaN,
        "Interest Expense Non Operating": -2310000.0,
        "Interest Income Non Operating": NaN,
        "Operating Income": NaN,
        "Operating Expense": NaN,
        "Research And Development": NaN,
        "Selling General And Administration": NaN,
        "Gross Profit": NaN,
        "Cost Of Revenue": NaN,
        "Total Revenue": NaN,
        "Operating Revenue": NaN
    },
    "2022-09-30": {
        "Tax Effect Of Unusual Items": NaN,
        "Tax Rate For Calcs": NaN,
        "Normalized EBITDA": NaN,
        "Total Unusual Items": 0.0,
        "Total Unusual Items Excluding Goodwill": 0.0,
        "Net Income From Continuing Operation Net Minority Interest": NaN,
        "Reconciled Depreciation": NaN,
        "Reconciled Cost Of Revenue": NaN,
        "EBITDA": NaN,
        "EBIT": NaN,
        "Net Interest Income": NaN,
        "Interest Expense": 1509000.0,
        "Interest Income": NaN,
        "Normalized Income": NaN,
        "Net Income From Continuing And Discontinued Operation": NaN,
        "Total Expenses": NaN,
        "Total Operating Income As Reported": NaN,
        "Diluted Average Shares": NaN,
        "Basic Average Shares": NaN,
        "Diluted EPS": NaN,
        "Basic EPS": NaN,
        "Diluted NI Availto Com Stockholders": NaN,
        "Net Income Common Stockholders": NaN,
        "Net Income": NaN,
        "Net Income Including Noncontrolling Interests": NaN,
        "Net Income Continuous Operations": NaN,
        "Tax Provision": NaN,
        "Pretax Income": NaN,
        "Special Income Charges": 0.0,
        "Gain On Sale Of Ppe": 0.0,
        "Net Non Operating Interest Income Expense": NaN,
        "Interest Expense Non Operating": 1509000.0,
        "Interest Income Non Operating": NaN,
        "Operating Income": NaN,
        "Operating Expense": NaN,
        "Research And Development": NaN,
        "Selling General And Administration": NaN,
        "Gross Profit": NaN,
        "Cost Of Revenue": NaN,
        "Total Revenue": NaN,
        "Operating Revenue": NaN
    },
    "2022-06-30": {
        "Tax Effect Of Unusual Items": 0.0,
        "Tax Rate For Calcs": 0.0,
        "Normalized EBITDA": -39757000.0,
        "Total Unusual Items": 0.0,
        "Total Unusual Items Excluding Goodwill": 0.0,
        "Net Income From Continuing Operation Net Minority Interest": -41131000.0,
        "Reconciled Depreciation": 188000.0,
        "Reconciled Cost Of Revenue": 1240000.0,
        "EBITDA": -39757000.0,
        "EBIT": -39945000.0,
        "Net Interest Income": -1186000.0,
        "Interest Expense": 1186000.0,
        "Interest Income": NaN,
        "Normalized Income": -41131000.0,
        "Net Income From Continuing And Discontinued Operation": -41131000.0,
        "Total Expenses": 50742000.0,
        "Total Operating Income As Reported": -39945000.0,
        "Diluted Average Shares": 43718748.0,
        "Basic Average Shares": 43718748.0,
        "Diluted EPS": -0.94,
        "Basic EPS": -0.94,
        "Diluted NI Availto Com Stockholders": -41131000.0,
        "Net Income Common Stockholders": -41131000.0,
        "Net Income": -41131000.0,
        "Net Income Including Noncontrolling Interests": -41131000.0,
        "Net Income Continuous Operations": -41131000.0,
        "Tax Provision": NaN,
        "Pretax Income": -41131000.0,
        "Special Income Charges": 0.0,
        "Gain On Sale Of Ppe": 0.0,
        "Net Non Operating Interest Income Expense": -1186000.0,
        "Total Other Finance Cost": NaN,
        "Interest Expense Non Operating": 1186000.0,
        "Interest Income Non Operating": NaN,
        "Operating Income": -39945000.0,
        "Operating Expense": 49502000.0,
        "Research And Development": 26420000.0,
        "Selling General And Administration": 23082000.0,
        "Gross Profit": 9557000.0,
        "Cost Of Revenue": 1240000.0,
        "Total Revenue": 10797000.0,
        "Operating Revenue": 10797000.0
    },
    "2022-03-31": {
        "Diluted EPS": -0.64,
        "Total Revenue": 10,
        "Gross Profit": 9,
        "Operating Income": -28,
        "EBIT": -28,
        "Net Income": -28
    },
    "2021-12-31": {
        "Diluted EPS": -0.84,
        "Total Revenue": 10,
        "Gross Profit": 8,
        "Operating Income": -36,
        "EBIT": -35,
        "Net Income": -37
    },
    "2021-09-30": {
        "Diluted EPS": -0.66,
        "Total Revenue": 9,
        "Gross Profit": 8,
        "Operating Income": -29,
        "EBIT": -29,
        "Net Income": -29
    },
    "2021-06-30": {
        "Diluted EPS": -0.53,
        "Total Revenue": 11,
        "Gross Profit": 11,
        "Operating Income": -23,
        "EBIT": -22,
        "Net Income": -23
    },
    "2021-03-31": {
        "Diluted EPS": 0.75,
        "Total Revenue": 5,
        "Gross Profit": 5,
        "Operating Income": -28,
        "EBIT": -28,
        "Net Income": 33
    },
    "2020-12-31": {
        "Diluted EPS": -0.48,
        "Total Revenue": NaN,
        "Gross Profit": NaN,
        "Operating Income": -41,
        "EBIT": -41,
        "Net Income": -20
    },
    "2020-09-30": {
        "Diluted EPS": -0.82,
        "Total Revenue": NaN,
        "Gross Profit": NaN,
        "Operating Income": -33,
        "EBIT": -33,
        "Net Income": -33
    },
    "2020-06-30": {
        "Diluted EPS": -1.01,
        "Total Revenue": NaN,
        "Gross Profit": NaN,
        "Operating Income": -40,
        "EBIT": -40,
        "Net Income": -40
    },
    "2020-03-31": {
        "Diluted EPS": -0.66,
        "Total Revenue": NaN,
        "Gross Profit": NaN,
        "Operating Income": -27,
        "EBIT": -27,
        "Net Income": -26
    },
    "2019-12-31": {
        "Diluted EPS": -0.6,
        "Total Revenue": NaN,
        "Gross Profit": NaN,
        "Operating Income": -24,
        "EBIT": -24,
        "Net Income": -23
    },
    "2019-09-30": {
        "Diluted EPS": -0.7,
        "Total Revenue": NaN,
        "Gross Profit": NaN,
        "Operating Income": -24,
        "EBIT": -24,
        "Net Income": -24
    },
    "2019-06-30": {
        "Diluted EPS": -0.53,
        "Total Revenue": NaN,
        "Gross Profit": NaN,
        "Operating Income": -19,
        "EBIT": -19,
        "Net Income": -18
    },
    "2019-03-31": {
        "Diluted EPS": -0.47,
        "Total Revenue": NaN,
        "Gross Profit": NaN,
        "Operating Income": -16,
        "EBIT": -16,
        "Net Income": -16
    },
    "2018-12-31": {
        "Diluted EPS": -0.41,
        "Total Revenue": NaN,
        "Gross Profit": NaN,
        "Operating Income": -14,
        "EBIT": -14,
        "Net Income": -14
    },
    "2018-09-30": {
        "Diluted EPS": -0.42,
        "Total Revenue": NaN,
        "Gross Profit": NaN,
        "Operating Income": -11,
        "EBIT": -11,
        "Net Income": -11
    },
    "2018-06-30": {
        "Diluted EPS": -0.39,
        "Total Revenue": NaN,
        "Gross Profit": NaN,
        "Operating Income": -10,
        "EBIT": -10,
        "Net Income": -10
    },
    "2018-03-31": {
        "Diluted EPS": -0.28,
        "Total Revenue": NaN,
        "Gross Profit": NaN,
        "Operating Income": -7,
        "EBIT": -7,
        "Net Income": -7
    },
    "2017-12-31": {
        "Diluted EPS": 0.0,
        "Total Revenue": NaN,
        "Gross Profit": NaN,
        "Operating Income": NaN,
        "EBIT": NaN,
        "Net Income": NaN
    },
    "2017-09-30": {
        "Diluted EPS": -0.21,
        "Total Revenue": NaN,
        "Gross Profit": NaN,
        "Operating Income": -4,
        "EBIT": -4,
        "Net Income": -4
    },
    "2016-12-31": {
        "Diluted EPS": 0.0,
        "Total Revenue": NaN,
        "Gross Profit": NaN,
        "Operating Income": NaN,
        "EBIT": NaN,
        "Net Income": NaN
    },
    "2023-06-30": {
        "Tax Effect Of Unusual Items": NaN,
        "Tax Rate For Calcs": NaN,
        "Normalized EBITDA": NaN,
        "Net Income From Continuing Operation Net Minority Interest": NaN,
        "Reconciled Depreciation": NaN,
        "Reconciled Cost Of Revenue": NaN,
        "EBITDA": NaN,
        "EBIT": NaN,
        "Net Interest Income": NaN,
        "Interest Income": 1100000.0,
        "Normalized Income": NaN,
        "Net Income From Continuing And Discontinued Operation": NaN,
        "Total Expenses": NaN,
        "Total Operating Income As Reported": NaN,
        "Diluted Average Shares": 43663112.0,
        "Basic Average Shares": 43663112.0,
        "Diluted EPS": -0.14,
        "Basic EPS": -0.14,
        "Diluted NI Availto Com Stockholders": NaN,
        "Net Income Common Stockholders": NaN,
        "Net Income": NaN,
        "Net Income Including Noncontrolling Interests": NaN,
        "Net Income Continuous Operations": NaN,
        "Tax Provision": NaN,
        "Pretax Income": NaN,
        "Net Non Operating Interest Income Expense": NaN,
        "Interest Income Non Operating": 1100000.0,
        "Operating Income": NaN,
        "Operating Expense": NaN,
        "Research And Development": NaN,
        "Selling General And Administration": NaN,
        "Gross Profit": NaN,
        "Cost Of Revenue": NaN,
        "Total Revenue": NaN,
        "Operating Revenue": NaN
    },
    "2023-09-30": {
        "Tax Effect Of Unusual Items": 0.0,
        "Tax Rate For Calcs": 0.21,
        "Normalized EBITDA": -7581000.0,
        "Net Income From Continuing Operation Net Minority Interest": -7747000.0,
        "Reconciled Depreciation": 168000.0,
        "Reconciled Cost Of Revenue": 2645000.0,
        "EBITDA": -7581000.0,
        "EBIT": -7749000.0,
        "Net Interest Income": 189000.0,
        "Interest Income": 189000.0,
        "Normalized Income": -7747000.0,
        "Net Income From Continuing And Discontinued Operation": -7747000.0,
        "Total Expenses": 28203000.0,
        "Total Operating Income As Reported": -7749000.0,
        "Diluted Average Shares": 43620532.0,
        "Basic Average Shares": 43620532.0,
        "Diluted EPS": -0.18,
        "Basic EPS": -0.18,
        "Diluted NI Availto Com Stockholders": -7747000.0,
        "Net Income Common Stockholders": -7747000.0,
        "Net Income": -7747000.0,
        "Net Income Including Noncontrolling Interests": -7747000.0,
        "Net Income Continuous Operations": -7747000.0,
        "Tax Provision": 187000.0,
        "Pretax Income": -7560000.0,
        "Net Non Operating Interest Income Expense": 189000.0,
        "Interest Income Non Operating": 189000.0,
        "Operating Income": -7749000.0,
        "Operating Expense": 25558000.0,
        "Research And Development": 15358000.0,
        "Selling General And Administration": 10200000.0,
        "Gross Profit": 17809000.0,
        "Cost Of Revenue": 2645000.0,
        "Total Revenue": 20454000.0,
        "Operating Revenue": 20454000.0
    },
    "2023-12-31": {
        "Tax Effect Of Unusual Items": 0.0,
        "Tax Rate For Calcs": 0.21,
        "Normalized EBITDA": -3038000.0,
        "Net Income From Continuing Operation Net Minority Interest": -988000.0,
        "Reconciled Depreciation": 161000.0,
        "Reconciled Cost Of Revenue": 2039000.0,
        "EBITDA": -3038000.0,
        "EBIT": -3199000.0,
        "Net Interest Income": 2406000.0,
        "Interest Income": NaN,
        "Normalized Income": -988000.0,
        "Net Income From Continuing And Discontinued Operation": -988000.0,
        "Total Expenses": 26562000.0,
        "Total Operating Income As Reported": -3199000.0,
        "Diluted Average Shares": NaN,
        "Basic Average Shares": NaN,
        "Diluted EPS": NaN,
        "Basic EPS": NaN,
        "Diluted NI Availto Com Stockholders": -988000.0,
        "Net Income Common Stockholders": -988000.0,
        "Net Income": -988000.0,
        "Net Income Including Noncontrolling Interests": -988000.0,
        "Net Income Continuous Operations": -988000.0,
        "Tax Provision": 195000.0,
        "Pretax Income": -793000.0,
        "Net Non Operating Interest Income Expense": 2406000.0,
        "Interest Income Non Operating": NaN,
        "Operating Income": -3199000.0,
        "Operating Expense": 24523000.0,
        "Research And Development": 13388000.0,
        "Selling General And Administration": 11135000.0,
        "Gross Profit": 21324000.0,
        "Cost Of Revenue": 2039000.0,
        "Total Revenue": 23363000.0,
        "Operating Revenue": 23363000.0
    },
    "2024-03-31": {
        "Tax Effect Of Unusual Items": 0.0,
        "Tax Rate For Calcs": 0.21,
        "Normalized EBITDA": -6749000.0,
        "Net Income From Continuing Operation Net Minority Interest": -6629000.0,
        "Reconciled Depreciation": 159000.0,
        "Reconciled Cost Of Revenue": 2147000.0,
        "EBITDA": -6749000.0,
        "EBIT": -6908000.0,
        "Net Interest Income": 439000.0,
        "Interest Income": 439000.0,
        "Normalized Income": -6629000.0,
        "Net Income From Continuing And Discontinued Operation": -6629000.0,
        "Total Expenses": 26839000.0,
        "Total Operating Income As Reported": -6908000.0,
        "Diluted Average Shares": 43779456.0,
        "Basic Average Shares": 43779456.0,
        "Diluted EPS": -0.15,
        "Basic EPS": -0.15,
        "Diluted NI Availto Com Stockholders": -6629000.0,
        "Net Income Common Stockholders": -6629000.0,
        "Net Income": -6629000.0,
        "Net Income Including Noncontrolling Interests": -6629000.0,
        "Net Income Continuous Operations": -6629000.0,
        "Tax Provision": 160000.0,
        "Pretax Income": -6469000.0,
        "Net Non Operating Interest Income Expense": 439000.0,
        "Interest Income Non Operating": 439000.0,
        "Operating Income": -6908000.0,
        "Operating Expense": 24692000.0,
        "Research And Development": 13267000.0,
        "Selling General And Administration": 11425000.0,
        "Gross Profit": 17784000.0,
        "Cost Of Revenue": 2147000.0,
        "Total Revenue": 19931000.0,
        "Operating Revenue": 19931000.0
    },
    "2024-06-30": {
        "Tax Effect Of Unusual Items": 0.0,
        "Tax Rate For Calcs": 0.21,
        "Normalized EBITDA": -9636000.0,
        "Net Income From Continuing Operation Net Minority Interest": -9249000.0,
        "Reconciled Depreciation": 153000.0,
        "Reconciled Cost Of Revenue": 3014000.0,
        "EBITDA": -9636000.0,
        "EBIT": -9789000.0,
        "Net Interest Income": 640000.0,
        "Interest Income": 640000.0,
        "Normalized Income": -9249000.0,
        "Net Income From Continuing And Discontinued Operation": -9249000.0,
        "Total Expenses": 32587000.0,
        "Total Operating Income As Reported": -9789000.0,
        "Diluted Average Shares": 44022356.0,
        "Basic Average Shares": 44022356.0,
        "Diluted EPS": -0.21,
        "Basic EPS": -0.21,
        "Diluted NI Availto Com Stockholders": -9249000.0,
        "Net Income Common Stockholders": -9249000.0,
        "Net Income": -9249000.0,
        "Net Income Including Noncontrolling Interests": -9249000.0,
        "Net Income Continuous Operations": -9249000.0,
        "Tax Provision": 100000.0,
        "Pretax Income": -9149000.0,
        "Net Non Operating Interest Income Expense": 640000.0,
        "Interest Income Non Operating": 640000.0,
        "Operating Income": -9789000.0,
        "Operating Expense": 29573000.0,
        "Research And Development": 12341000.0,
        "Selling General And Administration": 17232000.0,
        "Gross Profit": 19784000.0,
        "Cost Of Revenue": 3014000.0,
        "Total Revenue": 22798000.0,
        "Operating Revenue": 22798000.0
    },
    "2024-09-30": {
        "Tax Effect Of Unusual Items": 0.0,
        "Tax Rate For Calcs": 0.21,
        "Normalized EBITDA": -8447000.0,
        "Net Income From Continuing Operation Net Minority Interest": -6998000.0,
        "Reconciled Depreciation": 121000.0,
        "Reconciled Cost Of Revenue": 2248000.0,
        "EBITDA": -8447000.0,
        "EBIT": -8568000.0,
        "Net Interest Income": 1916000.0,
        "Interest Income": 1916000.0,
        "Normalized Income": -6998000.0,
        "Net Income From Continuing And Discontinued Operation": -6998000.0,
        "Total Expenses": 27029000.0,
        "Total Operating Income As Reported": -8568000.0,
        "Diluted Average Shares": 44626943.0,
        "Basic Average Shares": 44626943.0,
        "Diluted EPS": -0.16,
        "Basic EPS": -0.16,
        "Diluted NI Availto Com Stockholders": -6998000.0,
        "Net Income Common Stockholders": -6998000.0,
        "Net Income": -6998000.0,
        "Net Income Including Noncontrolling Interests": -6998000.0,
        "Net Income Continuous Operations": -6998000.0,
        "Tax Provision": 346000.0,
        "Pretax Income": -6652000.0,
        "Net Non Operating Interest Income Expense": 1916000.0,
        "Interest Income Non Operating": 1916000.0,
        "Operating Income": -8568000.0,
        "Operating Expense": 24781000.0,
        "Research And Development": 11168000.0,
        "Selling General And Administration": 13613000.0,
        "Gross Profit": 16213000.0,
        "Cost Of Revenue": 2248000.0,
        "Total Revenue": 18461000.0,
        "Operating Revenue": 18461000.0
    }
}