{
    "2023-03-31": {
        "Tax Effect Of Unusual Items": NaN,
        "Tax Rate For Calcs": NaN,
        "Normalized EBITDA": NaN,
        "Total Unusual Items": NaN,
        "Total Unusual Items Excluding Goodwill": NaN,
        "Net Income From Continuing Operation Net Minority Interest": NaN,
        "Reconciled Cost Of Revenue": NaN,
        "EBITDA": NaN,
        "EBIT": NaN,
        "Net Interest Income": NaN,
        "Interest Expense": 0.0,
        "Interest Income": NaN,
        "Normalized Income": NaN,
        "Net Income From Continuing And Discontinued Operation": NaN,
        "Total Expenses": NaN,
        "Total Operating Income As Reported": NaN,
        "Diluted Average Shares": NaN,
        "Basic Average Shares": NaN,
        "Diluted EPS": NaN,
        "Basic EPS": NaN,
        "Diluted NI Availto Com Stockholders": NaN,
        "Net Income Common Stockholders": NaN,
        "Net Income": NaN,
        "Minority Interests": NaN,
        "Net Income Including Noncontrolling Interests": NaN,
        "Net Income Continuous Operations": NaN,
        "Tax Provision": NaN,
        "Pretax Income": NaN,
        "Other Income Expense": NaN,
        "Other Non Operating Income Expenses": NaN,
        "Earnings From Equity Interest": NaN,
        "Gain On Sale Of Security": NaN,
        "Net Non Operating Interest Income Expense": NaN,
        "Interest Expense Non Operating": 0.0,
        "Interest Income Non Operating": NaN,
        "Operating Income": NaN,
        "Operating Expense": NaN,
        "Other Operating Expenses": NaN,
        "Provision For Doubtful Accounts": NaN,
        "Research And Development": NaN,
        "Selling General And Administration": NaN,
        "Selling And Marketing Expense": NaN,
        "General And Administrative Expense": NaN,
        "Other Gand A": NaN,
        "Salaries And Wages": NaN,
        "Gross Profit": NaN,
        "Cost Of Revenue": NaN,
        "Total Revenue": NaN,
        "Excise Taxes": NaN,
        "Operating Revenue": NaN
    },
    "2022-12-31": {
        "Tax Effect Of Unusual Items": NaN,
        "Tax Rate For Calcs": NaN,
        "Normalized EBITDA": NaN,
        "Total Unusual Items": NaN,
        "Total Unusual Items Excluding Goodwill": NaN,
        "Net Income From Continuing Operation Net Minority Interest": NaN,
        "Reconciled Cost Of Revenue": NaN,
        "EBITDA": NaN,
        "EBIT": NaN,
        "Net Interest Income": NaN,
        "Interest Expense": 0.0,
        "Interest Income": NaN,
        "Normalized Income": NaN,
        "Net Income From Continuing And Discontinued Operation": NaN,
        "Total Expenses": NaN,
        "Total Operating Income As Reported": NaN,
        "Diluted Average Shares": NaN,
        "Basic Average Shares": NaN,
        "Diluted EPS": NaN,
        "Basic EPS": NaN,
        "Diluted NI Availto Com Stockholders": NaN,
        "Net Income Common Stockholders": NaN,
        "Net Income": NaN,
        "Minority Interests": NaN,
        "Net Income Including Noncontrolling Interests": NaN,
        "Net Income Continuous Operations": NaN,
        "Tax Provision": NaN,
        "Pretax Income": NaN,
        "Other Income Expense": NaN,
        "Other Non Operating Income Expenses": NaN,
        "Earnings From Equity Interest": NaN,
        "Gain On Sale Of Security": NaN,
        "Net Non Operating Interest Income Expense": NaN,
        "Interest Expense Non Operating": 0.0,
        "Interest Income Non Operating": NaN,
        "Operating Income": NaN,
        "Operating Expense": NaN,
        "Other Operating Expenses": NaN,
        "Provision For Doubtful Accounts": NaN,
        "Research And Development": NaN,
        "Selling General And Administration": NaN,
        "Selling And Marketing Expense": NaN,
        "General And Administrative Expense": NaN,
        "Other Gand A": NaN,
        "Salaries And Wages": NaN,
        "Gross Profit": NaN,
        "Cost Of Revenue": NaN,
        "Total Revenue": NaN,
        "Excise Taxes": NaN,
        "Operating Revenue": NaN
    },
    "2022-09-30": {
        "Tax Effect Of Unusual Items": NaN,
        "Tax Rate For Calcs": NaN,
        "Normalized EBITDA": NaN,
        "Total Unusual Items": NaN,
        "Total Unusual Items Excluding Goodwill": NaN,
        "Net Income From Continuing Operation Net Minority Interest": NaN,
        "Reconciled Cost Of Revenue": NaN,
        "EBITDA": NaN,
        "EBIT": NaN,
        "Net Interest Income": NaN,
        "Interest Expense": NaN,
        "Interest Income": NaN,
        "Normalized Income": NaN,
        "Net Income From Continuing And Discontinued Operation": NaN,
        "Total Expenses": NaN,
        "Total Operating Income As Reported": NaN,
        "Diluted Average Shares": NaN,
        "Basic Average Shares": NaN,
        "Diluted EPS": NaN,
        "Basic EPS": NaN,
        "Diluted NI Availto Com Stockholders": NaN,
        "Net Income Common Stockholders": NaN,
        "Otherunder Preferred Stock Dividend": 0.0,
        "Net Income": NaN,
        "Minority Interests": NaN,
        "Net Income Including Noncontrolling Interests": NaN,
        "Net Income Continuous Operations": NaN,
        "Tax Provision": NaN,
        "Pretax Income": NaN,
        "Other Income Expense": NaN,
        "Other Non Operating Income Expenses": NaN,
        "Earnings From Equity Interest": NaN,
        "Gain On Sale Of Security": NaN,
        "Net Non Operating Interest Income Expense": NaN,
        "Interest Expense Non Operating": NaN,
        "Interest Income Non Operating": NaN,
        "Operating Income": NaN,
        "Operating Expense": NaN,
        "Other Operating Expenses": NaN,
        "Provision For Doubtful Accounts": NaN,
        "Research And Development": NaN,
        "Selling General And Administration": NaN,
        "Selling And Marketing Expense": NaN,
        "General And Administrative Expense": NaN,
        "Other Gand A": NaN,
        "Salaries And Wages": NaN,
        "Gross Profit": NaN,
        "Cost Of Revenue": NaN,
        "Total Revenue": NaN,
        "Operating Revenue": NaN
    },
    "2022-06-30": {
        "Tax Effect Of Unusual Items": -7418959.356478,
        "Tax Rate For Calcs": 0.170195,
        "Normalized EBITDA": 59012000.0,
        "Total Unusual Items": -43591000.0,
        "Total Unusual Items Excluding Goodwill": -43591000.0,
        "Net Income From Continuing Operation Net Minority Interest": 11411000.0,
        "Reconciled Cost Of Revenue": 925937000.0,
        "EBITDA": 15421000.0,
        "EBIT": 15421000.0,
        "Net Interest Income": 106766000.0,
        "Interest Expense": 68000.0,
        "Interest Income": 106834000.0,
        "Normalized Income": 47583040.643522,
        "Net Income From Continuing And Discontinued Operation": 11411000.0,
        "Total Expenses": 1716466000.0,
        "Total Operating Income As Reported": -46415000.0,
        "Diluted Average Shares": 1084796133.0,
        "Basic Average Shares": 1082581419.0,
        "Diluted EPS": 0.010519,
        "Basic EPS": 0.010541,
        "Diluted NI Availto Com Stockholders": 11411000.0,
        "Net Income Common Stockholders": 11411000.0,
        "Otherunder Preferred Stock Dividend": 0.0,
        "Net Income": 11411000.0,
        "Minority Interests": -1329000.0,
        "Net Income Including Noncontrolling Interests": 12740000.0,
        "Net Income Continuous Operations": 12740000.0,
        "Tax Provision": 2613000.0,
        "Pretax Income": 15353000.0,
        "Other Income Expense": -44998000.0,
        "Other Non Operating Income Expenses": -799000.0,
        "Special Income Charges": NaN,
        "Write Off": NaN,
        "Earnings From Equity Interest": -608000.0,
        "Gain On Sale Of Security": -43591000.0,
        "Net Non Operating Interest Income Expense": 106766000.0,
        "Interest Expense Non Operating": 68000.0,
        "Interest Income Non Operating": 106834000.0,
        "Operating Income": -46415000.0,
        "Operating Expense": 790529000.0,
        "Other Operating Expenses": -6891000.0,
        "Provision For Doubtful Accounts": 40080000.0,
        "Research And Development": 216373000.0,
        "Selling General And Administration": 540967000.0,
        "Selling And Marketing Expense": 196186000.0,
        "General And Administrative Expense": 344781000.0,
        "Other Gand A": 344781000.0,
        "Salaries And Wages": NaN,
        "Gross Profit": 744114000.0,
        "Cost Of Revenue": 925937000.0,
        "Total Revenue": 1670051000.0,
        "Operating Revenue": 1670051000.0
    },
    "2022-03-31": {
        "Diluted EPS": -0.03,
        "Total Revenue": 210,
        "Gross Profit": 102,
        "Operating Income": -40,
        "EBIT": -40,
        "Net Income": -30
    },
    "2021-09-30": {
        "Diluted EPS": -0.03,
        "Total Revenue": 193,
        "Gross Profit": 62,
        "Operating Income": -31,
        "EBIT": -31,
        "Net Income": -28
    },
    "2021-06-30": {
        "Diluted EPS": -1.14,
        "Total Revenue": 173,
        "Gross Profit": 76,
        "Operating Income": -316,
        "EBIT": -316,
        "Net Income": -342
    },
    "2020-12-31": {
        "Diluted EPS": 0.0,
        "Total Revenue": NaN,
        "Gross Profit": NaN,
        "Operating Income": NaN,
        "EBIT": NaN,
        "Net Income": NaN
    },
    "2023-06-30": {
        "Tax Effect Of Unusual Items": NaN,
        "Tax Rate For Calcs": NaN,
        "Normalized EBITDA": NaN,
        "Total Unusual Items": NaN,
        "Total Unusual Items Excluding Goodwill": NaN,
        "Net Income From Continuing Operation Net Minority Interest": NaN,
        "Reconciled Cost Of Revenue": NaN,
        "EBITDA": NaN,
        "EBIT": NaN,
        "Net Interest Income": NaN,
        "Interest Expense": 0.0,
        "Interest Income": NaN,
        "Normalized Income": NaN,
        "Net Income From Continuing And Discontinued Operation": NaN,
        "Total Expenses": NaN,
        "Total Operating Income As Reported": NaN,
        "Diluted Average Shares": 1060942074.0,
        "Basic Average Shares": 1058851705.0,
        "Diluted EPS": 0.6,
        "Basic EPS": 0.6,
        "Diluted NI Availto Com Stockholders": NaN,
        "Net Income Common Stockholders": NaN,
        "Net Income": NaN,
        "Minority Interests": NaN,
        "Net Income Including Noncontrolling Interests": NaN,
        "Net Income Continuous Operations": NaN,
        "Tax Provision": NaN,
        "Pretax Income": NaN,
        "Other Income Expense": NaN,
        "Other Non Operating Income Expenses": NaN,
        "Earnings From Equity Interest": NaN,
        "Gain On Sale Of Security": NaN,
        "Net Non Operating Interest Income Expense": NaN,
        "Interest Expense Non Operating": 0.0,
        "Interest Income Non Operating": NaN,
        "Operating Income": NaN,
        "Operating Expense": NaN,
        "Other Operating Expenses": NaN,
        "Provision For Doubtful Accounts": NaN,
        "Research And Development": NaN,
        "Selling General And Administration": NaN,
        "Selling And Marketing Expense": NaN,
        "General And Administrative Expense": NaN,
        "Other Gand A": NaN,
        "Salaries And Wages": 81199000.0,
        "Gross Profit": NaN,
        "Cost Of Revenue": NaN,
        "Total Revenue": NaN,
        "Excise Taxes": 953000000.0,
        "Operating Revenue": NaN
    },
    "2023-09-30": {
        "Tax Effect Of Unusual Items": NaN,
        "Tax Rate For Calcs": NaN,
        "Normalized EBITDA": NaN,
        "Total Unusual Items": NaN,
        "Total Unusual Items Excluding Goodwill": NaN,
        "Net Income From Continuing Operation Net Minority Interest": NaN,
        "Reconciled Cost Of Revenue": NaN,
        "EBITDA": NaN,
        "EBIT": NaN,
        "Net Interest Income": NaN,
        "Interest Expense": 0.0,
        "Interest Income": NaN,
        "Normalized Income": NaN,
        "Net Income From Continuing And Discontinued Operation": NaN,
        "Total Expenses": NaN,
        "Total Operating Income As Reported": NaN,
        "Diluted Average Shares": NaN,
        "Basic Average Shares": NaN,
        "Diluted EPS": NaN,
        "Basic EPS": NaN,
        "Diluted NI Availto Com Stockholders": NaN,
        "Net Income Common Stockholders": NaN,
        "Net Income": NaN,
        "Minority Interests": NaN,
        "Net Income Including Noncontrolling Interests": NaN,
        "Net Income Continuous Operations": NaN,
        "Tax Provision": NaN,
        "Pretax Income": NaN,
        "Other Income Expense": NaN,
        "Other Non Operating Income Expenses": NaN,
        "Special Income Charges": NaN,
        "Write Off": NaN,
        "Earnings From Equity Interest": NaN,
        "Gain On Sale Of Security": NaN,
        "Net Non Operating Interest Income Expense": NaN,
        "Interest Expense Non Operating": 0.0,
        "Interest Income Non Operating": NaN,
        "Operating Income": NaN,
        "Operating Expense": NaN,
        "Other Operating Expenses": NaN,
        "Provision For Doubtful Accounts": NaN,
        "Research And Development": NaN,
        "Selling General And Administration": NaN,
        "Selling And Marketing Expense": NaN,
        "General And Administrative Expense": NaN,
        "Other Gand A": NaN,
        "Gross Profit": NaN,
        "Cost Of Revenue": NaN,
        "Total Revenue": NaN,
        "Excise Taxes": 1137900000.0,
        "Operating Revenue": NaN
    },
    "2023-12-31": {
        "Tax Effect Of Unusual Items": NaN,
        "Tax Rate For Calcs": NaN,
        "Normalized EBITDA": NaN,
        "Total Unusual Items": NaN,
        "Total Unusual Items Excluding Goodwill": NaN,
        "Net Income From Continuing Operation Net Minority Interest": NaN,
        "Reconciled Cost Of Revenue": NaN,
        "EBITDA": NaN,
        "EBIT": NaN,
        "Net Interest Income": NaN,
        "Interest Expense": 0.0,
        "Interest Income": NaN,
        "Normalized Income": NaN,
        "Net Income From Continuing And Discontinued Operation": NaN,
        "Total Expenses": NaN,
        "Total Operating Income As Reported": NaN,
        "Diluted Average Shares": NaN,
        "Basic Average Shares": NaN,
        "Diluted EPS": NaN,
        "Basic EPS": NaN,
        "Diluted NI Availto Com Stockholders": NaN,
        "Net Income Common Stockholders": NaN,
        "Net Income": NaN,
        "Minority Interests": NaN,
        "Net Income Including Noncontrolling Interests": NaN,
        "Net Income Continuous Operations": NaN,
        "Tax Provision": NaN,
        "Pretax Income": NaN,
        "Other Income Expense": NaN,
        "Other Non Operating Income Expenses": NaN,
        "Special Income Charges": NaN,
        "Write Off": NaN,
        "Earnings From Equity Interest": NaN,
        "Gain On Sale Of Security": NaN,
        "Net Non Operating Interest Income Expense": NaN,
        "Interest Expense Non Operating": 0.0,
        "Interest Income Non Operating": NaN,
        "Operating Income": NaN,
        "Operating Expense": NaN,
        "Other Operating Expenses": NaN,
        "Provision For Doubtful Accounts": NaN,
        "Research And Development": NaN,
        "Selling General And Administration": NaN,
        "Selling And Marketing Expense": NaN,
        "General And Administrative Expense": NaN,
        "Other Gand A": NaN,
        "Gross Profit": NaN,
        "Cost Of Revenue": NaN,
        "Total Revenue": NaN,
        "Excise Taxes": NaN,
        "Operating Revenue": NaN
    },
    "2024-03-31": {
        "Tax Effect Of Unusual Items": NaN,
        "Tax Rate For Calcs": NaN,
        "Normalized EBITDA": NaN,
        "Total Unusual Items": NaN,
        "Total Unusual Items Excluding Goodwill": NaN,
        "Net Income From Continuing Operation Net Minority Interest": NaN,
        "Reconciled Cost Of Revenue": NaN,
        "EBITDA": NaN,
        "EBIT": NaN,
        "Net Interest Income": NaN,
        "Interest Income": NaN,
        "Normalized Income": NaN,
        "Net Income From Continuing And Discontinued Operation": NaN,
        "Total Expenses": NaN,
        "Total Operating Income As Reported": NaN,
        "Diluted Average Shares": NaN,
        "Basic Average Shares": NaN,
        "Diluted EPS": NaN,
        "Basic EPS": NaN,
        "Diluted NI Availto Com Stockholders": NaN,
        "Net Income Common Stockholders": NaN,
        "Net Income": NaN,
        "Minority Interests": NaN,
        "Net Income Including Noncontrolling Interests": NaN,
        "Net Income Continuous Operations": NaN,
        "Tax Provision": NaN,
        "Pretax Income": NaN,
        "Other Income Expense": NaN,
        "Other Non Operating Income Expenses": NaN,
        "Special Income Charges": 0.0,
        "Write Off": 0.0,
        "Earnings From Equity Interest": NaN,
        "Gain On Sale Of Security": NaN,
        "Net Non Operating Interest Income Expense": NaN,
        "Interest Income Non Operating": NaN,
        "Operating Income": NaN,
        "Operating Expense": NaN,
        "Other Operating Expenses": NaN,
        "Provision For Doubtful Accounts": NaN,
        "Research And Development": NaN,
        "Selling General And Administration": NaN,
        "Selling And Marketing Expense": NaN,
        "General And Administrative Expense": NaN,
        "Other Gand A": NaN,
        "Gross Profit": NaN,
        "Cost Of Revenue": NaN,
        "Total Revenue": NaN,
        "Excise Taxes": NaN,
        "Operating Revenue": NaN
    },
    "2024-06-30": {
        "Tax Effect Of Unusual Items": 1175759.494807,
        "Tax Rate For Calcs": 0.057407,
        "Normalized EBITDA": 544886000.0,
        "Total Unusual Items": 20481000.0,
        "Total Unusual Items Excluding Goodwill": 20481000.0,
        "Net Income From Continuing Operation Net Minority Interest": 823134000.0,
        "Reconciled Cost Of Revenue": 1312072000.0,
        "EBITDA": 565367000.0,
        "EBIT": 565367000.0,
        "Net Interest Income": 305337000.0,
        "Interest Income": 305337000.0,
        "Normalized Income": 803828759.494807,
        "Net Income From Continuing And Discontinued Operation": 823134000.0,
        "Total Expenses": 2198916000.0,
        "Total Operating Income As Reported": 565367000.0,
        "Diluted Average Shares": 1045277409.0,
        "Basic Average Shares": 1040294643.0,
        "Diluted EPS": 0.8,
        "Basic EPS": 0.8,
        "Diluted NI Availto Com Stockholders": 823134000.0,
        "Net Income Common Stockholders": 823134000.0,
        "Net Income": 823134000.0,
        "Minority Interests": -17374000.0,
        "Net Income Including Noncontrolling Interests": 840508000.0,
        "Net Income Continuous Operations": 840508000.0,
        "Tax Provision": 51190000.0,
        "Pretax Income": 891698000.0,
        "Other Income Expense": 20994000.0,
        "Other Non Operating Income Expenses": 1395000.0,
        "Special Income Charges": NaN,
        "Write Off": NaN,
        "Earnings From Equity Interest": -882000.0,
        "Gain On Sale Of Security": 20481000.0,
        "Net Non Operating Interest Income Expense": 305337000.0,
        "Interest Income Non Operating": 305337000.0,
        "Operating Income": 565367000.0,
        "Operating Expense": 886844000.0,
        "Other Operating Expenses": -7798000.0,
        "Provision For Doubtful Accounts": 71057000.0,
        "Research And Development": 232140000.0,
        "Selling General And Administration": 591445000.0,
        "Selling And Marketing Expense": 372288000.0,
        "General And Administrative Expense": 219157000.0,
        "Other Gand A": 219157000.0,
        "Gross Profit": 1452211000.0,
        "Cost Of Revenue": 1312072000.0,
        "Total Revenue": 2764283000.0,
        "Excise Taxes": 1255600000.0,
        "Operating Revenue": 4019883000.0
    },
    "2024-09-30": {
        "Tax Effect Of Unusual Items": 1000702.867343,
        "Tax Rate For Calcs": 0.069378,
        "Normalized EBITDA": 747565000.0,
        "Total Unusual Items": 14424000.0,
        "Total Unusual Items Excluding Goodwill": 14424000.0,
        "Net Income From Continuing Operation Net Minority Interest": 1107086000.0,
        "Reconciled Cost Of Revenue": 1364884000.0,
        "EBITDA": 761989000.0,
        "EBIT": 761989000.0,
        "Net Interest Income": 303268000.0,
        "Interest Income": 303268000.0,
        "Normalized Income": 1093662702.867343,
        "Net Income From Continuing And Discontinued Operation": 1107086000.0,
        "Total Expenses": 2269399000.0,
        "Total Operating Income As Reported": 761989000.0,
        "Diluted Average Shares": 1044264996.0,
        "Basic Average Shares": 1040922086.0,
        "Diluted EPS": 1.0,
        "Basic EPS": 1.0,
        "Diluted NI Availto Com Stockholders": 1107086000.0,
        "Net Income Common Stockholders": 1107086000.0,
        "Net Income": 1107086000.0,
        "Minority Interests": -14850000.0,
        "Net Income Including Noncontrolling Interests": 1121936000.0,
        "Net Income Continuous Operations": 1121936000.0,
        "Tax Provision": 83640000.0,
        "Pretax Income": 1205576000.0,
        "Other Income Expense": 140319000.0,
        "Other Non Operating Income Expenses": 126246000.0,
        "Special Income Charges": NaN,
        "Write Off": NaN,
        "Earnings From Equity Interest": -351000.0,
        "Gain On Sale Of Security": 14424000.0,
        "Net Non Operating Interest Income Expense": 303268000.0,
        "Interest Income Non Operating": 303268000.0,
        "Operating Income": 761989000.0,
        "Operating Expense": 904515000.0,
        "Other Operating Expenses": -2242000.0,
        "Provision For Doubtful Accounts": 71242000.0,
        "Research And Development": 195142000.0,
        "Selling General And Administration": 640373000.0,
        "Selling And Marketing Expense": 412499000.0,
        "General And Administrative Expense": 227874000.0,
        "Other Gand A": 227874000.0,
        "Gross Profit": 1666504000.0,
        "Cost Of Revenue": 1364884000.0,
        "Total Revenue": 3031388000.0,
        "Excise Taxes": 1380700000.0,
        "Operating Revenue": 4412088000.0
    },
    "2024-12-31": {
        "Tax Effect Of Unusual Items": -28525956.144804,
        "Tax Rate For Calcs": 0.079843,
        "Normalized EBITDA": 2080578000.0,
        "Total Unusual Items": -357275000.0,
        "Total Unusual Items Excluding Goodwill": -357275000.0,
        "Net Income From Continuing Operation Net Minority Interest": 558457000.0,
        "Reconciled Cost Of Revenue": 1391714000.0,
        "EBITDA": 1723303000.0,
        "EBIT": 1723303000.0,
        "Net Interest Income": 149466000.0,
        "Interest Income": 149466000.0,
        "Normalized Income": 887206043.855196,
        "Net Income From Continuing And Discontinued Operation": 558457000.0,
        "Total Expenses": 2338819000.0,
        "Total Operating Income As Reported": 835435000.0,
        "Diluted Average Shares": 1045679785.0,
        "Basic Average Shares": 1040167380.0,
        "Diluted EPS": 0.6,
        "Basic EPS": 0.6,
        "Diluted NI Availto Com Stockholders": 558251000.0,
        "Net Income Common Stockholders": 558457000.0,
        "Net Income": 558457000.0,
        "Minority Interests": -16169000.0,
        "Net Income Including Noncontrolling Interests": 574626000.0,
        "Net Income Continuous Operations": 574626000.0,
        "Tax Provision": 49861000.0,
        "Pretax Income": 624487000.0,
        "Other Income Expense": -360414000.0,
        "Other Non Operating Income Expenses": -1559000.0,
        "Special Income Charges": NaN,
        "Write Off": NaN,
        "Earnings From Equity Interest": -1580000.0,
        "Gain On Sale Of Security": -4533000.0,
        "Net Non Operating Interest Income Expense": 149466000.0,
        "Interest Income Non Operating": 149466000.0,
        "Operating Income": 835435000.0,
        "Operating Expense": 947105000.0,
        "Other Operating Expenses": -5920000.0,
        "Provision For Doubtful Accounts": 73905000.0,
        "Research And Development": 205026000.0,
        "Selling General And Administration": 674094000.0,
        "Selling And Marketing Expense": 471829000.0,
        "General And Administrative Expense": 202265000.0,
        "Other Gand A": 202265000.0,
        "Gross Profit": 1782540000.0,
        "Cost Of Revenue": 1391714000.0,
        "Total Revenue": 3174254000.0,
        "Excise Taxes": NaN,
        "Operating Revenue": 3174254000.0
    },
    "2025-03-31": {
        "Tax Effect Of Unusual Items": 5962290.959927,
        "Tax Rate For Calcs": 0.142061,
        "Normalized EBITDA": 1160477000.0,
        "Total Unusual Items": 41970000.0,
        "Total Unusual Items Excluding Goodwill": 41970000.0,
        "Net Income From Continuing Operation Net Minority Interest": 1268576000.0,
        "Reconciled Cost Of Revenue": 698559000.0,
        "EBITDA": 1202447000.0,
        "EBIT": 1202447000.0,
        "Net Interest Income": 245509000.0,
        "Interest Income": 245509000.0,
        "Normalized Income": 1232568290.959927,
        "Net Income From Continuing And Discontinued Operation": 1268576000.0,
        "Total Expenses": 1497462000.0,
        "Total Operating Income As Reported": 1202447000.0,
        "Diluted Average Shares": 1047932198.0,
        "Basic Average Shares": 1042512752.0,
        "Diluted EPS": 1.2,
        "Basic EPS": 1.2,
        "Diluted NI Availto Com Stockholders": 1268576000.0,
        "Net Income Common Stockholders": 1268576000.0,
        "Net Income": 1268576000.0,
        "Minority Interests": -10360000.0,
        "Net Income Including Noncontrolling Interests": 1278936000.0,
        "Net Income Continuous Operations": 1278936000.0,
        "Tax Provision": 211771000.0,
        "Pretax Income": 1490707000.0,
        "Other Income Expense": 42751000.0,
        "Other Non Operating Income Expenses": 618000.0,
        "Special Income Charges": 0.0,
        "Write Off": 0.0,
        "Earnings From Equity Interest": 163000.0,
        "Gain On Sale Of Security": 41970000.0,
        "Net Non Operating Interest Income Expense": 245509000.0,
        "Interest Income Non Operating": 245509000.0,
        "Operating Income": 1202447000.0,
        "Operating Expense": 798903000.0,
        "Other Operating Expenses": -40165000.0,
        "Provision For Doubtful Accounts": 81851000.0,
        "Research And Development": 193358000.0,
        "Selling General And Administration": 563859000.0,
        "Selling And Marketing Expense": 377850000.0,
        "General And Administrative Expense": 186009000.0,
        "Other Gand A": 186009000.0,
        "Gross Profit": 2001350000.0,
        "Cost Of Revenue": 698559000.0,
        "Total Revenue": 2699909000.0,
        "Excise Taxes": NaN,
        "Operating Revenue": 2699909000.0
    },
    "2025-06-30": {
        "Tax Effect Of Unusual Items": 6769576.166147,
        "Tax Rate For Calcs": 0.118269,
        "Normalized EBITDA": 1082321000.0,
        "Total Unusual Items": 57239000.0,
        "Total Unusual Items Excluding Goodwill": 57239000.0,
        "Net Income From Continuing Operation Net Minority Interest": 1244488000.0,
        "Reconciled Cost Of Revenue": 1238371000.0,
        "EBITDA": 1139560000.0,
        "EBIT": 1139560000.0,
        "Net Interest Income": 251304000.0,
        "Interest Income": 251304000.0,
        "Normalized Income": 1194018576.166147,
        "Net Income From Continuing And Discontinued Operation": 1244488000.0,
        "Total Expenses": 2099546000.0,
        "Total Operating Income As Reported": 1139560000.0,
        "Diluted Average Shares": 1046699884.0,
        "Basic Average Shares": 1041205127.0,
        "Diluted EPS": 1.2,
        "Basic EPS": 1.2,
        "Diluted NI Availto Com Stockholders": 1244488000.0,
        "Net Income Common Stockholders": 1244488000.0,
        "Net Income": 1244488000.0,
        "Minority Interests": -20346000.0,
        "Net Income Including Noncontrolling Interests": 1264834000.0,
        "Net Income Continuous Operations": 1264834000.0,
        "Tax Provision": 169655000.0,
        "Pretax Income": 1434489000.0,
        "Other Income Expense": 43625000.0,
        "Other Non Operating Income Expenses": -11024000.0,
        "Special Income Charges": NaN,
        "Write Off": NaN,
        "Earnings From Equity Interest": -2590000.0,
        "Gain On Sale Of Security": 57239000.0,
        "Net Non Operating Interest Income Expense": 251304000.0,
        "Interest Income Non Operating": 251304000.0,
        "Operating Income": 1139560000.0,
        "Operating Expense": 861175000.0,
        "Other Operating Expenses": -7662000.0,
        "Provision For Doubtful Accounts": 75028000.0,
        "Research And Development": 189620000.0,
        "Selling General And Administration": 604189000.0,
        "Selling And Marketing Expense": 433842000.0,
        "General And Administrative Expense": 170347000.0,
        "Other Gand A": 170347000.0,
        "Gross Profit": 2000735000.0,
        "Cost Of Revenue": 1238371000.0,
        "Total Revenue": 3239106000.0,
        "Excise Taxes": 1294900000.0,
        "Operating Revenue": 4534006000.0
    }
}