{
    "2023-03-31": {
        "Tax Effect Of Unusual Items": NaN,
        "Tax Rate For Calcs": NaN,
        "Normalized EBITDA": NaN,
        "Total Unusual Items": NaN,
        "Total Unusual Items Excluding Goodwill": NaN,
        "Net Income From Continuing Operation Net Minority Interest": NaN,
        "Reconciled Cost Of Revenue": NaN,
        "EBITDA": NaN,
        "EBIT": NaN,
        "Net Interest Income": NaN,
        "Interest Income": NaN,
        "Normalized Income": NaN,
        "Net Income From Continuing And Discontinued Operation": NaN,
        "Total Expenses": NaN,
        "Total Operating Income As Reported": NaN,
        "Diluted Average Shares": 9731180.0,
        "Basic Average Shares": 9731180.0,
        "Diluted EPS": -9.5,
        "Basic EPS": -9.5,
        "Diluted NI Availto Com Stockholders": NaN,
        "Net Income Common Stockholders": NaN,
        "Net Income": NaN,
        "Net Income Including Noncontrolling Interests": NaN,
        "Net Income Continuous Operations": NaN,
        "Earnings From Equity Interest Net Of Tax": -16000.0,
        "Tax Provision": NaN,
        "Pretax Income": NaN,
        "Other Income Expense": NaN,
        "Other Non Operating Income Expenses": NaN,
        "Gain On Sale Of Security": NaN,
        "Net Non Operating Interest Income Expense": NaN,
        "Interest Income Non Operating": NaN,
        "Operating Income": NaN,
        "Operating Expense": NaN,
        "Research And Development": NaN,
        "Selling General And Administration": NaN,
        "Selling And Marketing Expense": NaN,
        "General And Administrative Expense": NaN,
        "Other Gand A": NaN,
        "Gross Profit": NaN,
        "Cost Of Revenue": NaN,
        "Total Revenue": NaN,
        "Operating Revenue": NaN
    },
    "2022-12-31": {
        "Tax Effect Of Unusual Items": NaN,
        "Tax Rate For Calcs": NaN,
        "Normalized EBITDA": NaN,
        "Total Unusual Items": NaN,
        "Total Unusual Items Excluding Goodwill": NaN,
        "Net Income From Continuing Operation Net Minority Interest": NaN,
        "Reconciled Cost Of Revenue": NaN,
        "EBITDA": NaN,
        "EBIT": NaN,
        "Net Interest Income": NaN,
        "Interest Income": NaN,
        "Normalized Income": NaN,
        "Net Income From Continuing And Discontinued Operation": NaN,
        "Total Expenses": NaN,
        "Total Operating Income As Reported": NaN,
        "Diluted Average Shares": NaN,
        "Basic Average Shares": NaN,
        "Diluted EPS": NaN,
        "Basic EPS": NaN,
        "Diluted NI Availto Com Stockholders": NaN,
        "Net Income Common Stockholders": NaN,
        "Net Income": NaN,
        "Net Income Including Noncontrolling Interests": NaN,
        "Net Income Continuous Operations": NaN,
        "Earnings From Equity Interest Net Of Tax": NaN,
        "Tax Provision": NaN,
        "Pretax Income": NaN,
        "Other Income Expense": NaN,
        "Other Non Operating Income Expenses": NaN,
        "Special Income Charges": 0.0,
        "Impairment Of Capital Assets": 0.0,
        "Gain On Sale Of Security": NaN,
        "Net Non Operating Interest Income Expense": NaN,
        "Interest Income Non Operating": NaN,
        "Operating Income": NaN,
        "Operating Expense": NaN,
        "Research And Development": NaN,
        "Selling General And Administration": NaN,
        "Selling And Marketing Expense": NaN,
        "General And Administrative Expense": NaN,
        "Other Gand A": NaN,
        "Gross Profit": NaN,
        "Cost Of Revenue": NaN,
        "Total Revenue": NaN,
        "Operating Revenue": NaN
    },
    "2022-09-30": {
        "Tax Effect Of Unusual Items": NaN,
        "Tax Rate For Calcs": NaN,
        "Normalized EBITDA": NaN,
        "Total Unusual Items": NaN,
        "Total Unusual Items Excluding Goodwill": NaN,
        "Net Income From Continuing Operation Net Minority Interest": NaN,
        "Reconciled Cost Of Revenue": NaN,
        "EBITDA": NaN,
        "EBIT": NaN,
        "Net Interest Income": NaN,
        "Interest Income": NaN,
        "Normalized Income": NaN,
        "Net Income From Continuing And Discontinued Operation": NaN,
        "Total Expenses": NaN,
        "Total Operating Income As Reported": NaN,
        "Diluted Average Shares": NaN,
        "Basic Average Shares": NaN,
        "Diluted EPS": NaN,
        "Basic EPS": NaN,
        "Diluted NI Availto Com Stockholders": NaN,
        "Net Income Common Stockholders": NaN,
        "Net Income": NaN,
        "Net Income Including Noncontrolling Interests": NaN,
        "Net Income Continuous Operations": NaN,
        "Earnings From Equity Interest Net Of Tax": 0.0,
        "Tax Provision": NaN,
        "Pretax Income": NaN,
        "Other Income Expense": NaN,
        "Other Non Operating Income Expenses": NaN,
        "Special Income Charges": 0.0,
        "Impairment Of Capital Assets": 0.0,
        "Gain On Sale Of Security": NaN,
        "Net Non Operating Interest Income Expense": NaN,
        "Interest Income Non Operating": NaN,
        "Operating Income": NaN,
        "Operating Expense": NaN,
        "Research And Development": NaN,
        "Selling General And Administration": NaN,
        "Selling And Marketing Expense": NaN,
        "General And Administrative Expense": NaN,
        "Other Gand A": NaN,
        "Gross Profit": NaN,
        "Cost Of Revenue": NaN,
        "Total Revenue": NaN,
        "Operating Revenue": NaN
    },
    "2022-06-30": {
        "Tax Effect Of Unusual Items": 0.0,
        "Tax Rate For Calcs": 0.0,
        "Normalized EBITDA": -34063000.0,
        "Total Unusual Items": -18000.0,
        "Total Unusual Items Excluding Goodwill": -18000.0,
        "Net Income From Continuing Operation Net Minority Interest": -26431000.0,
        "Reconciled Cost Of Revenue": 63773000.0,
        "EBITDA": -34081000.0,
        "EBIT": -34081000.0,
        "Net Interest Income": 1581000.0,
        "Interest Income": 1581000.0,
        "Normalized Income": -26413000.0,
        "Net Income From Continuing And Discontinued Operation": -26431000.0,
        "Total Expenses": 167573000.0,
        "Total Operating Income As Reported": -34081000.0,
        "Diluted Average Shares": 50915344.0,
        "Basic Average Shares": 50915344.0,
        "Diluted EPS": -0.5,
        "Basic EPS": -0.5,
        "Diluted NI Availto Com Stockholders": -26431000.0,
        "Net Income Common Stockholders": -26431000.0,
        "Net Income": -26431000.0,
        "Net Income Including Noncontrolling Interests": -26431000.0,
        "Net Income Continuous Operations": -26431000.0,
        "Earnings From Equity Interest Net Of Tax": NaN,
        "Tax Provision": 0.0,
        "Pretax Income": -26431000.0,
        "Other Income Expense": 6069000.0,
        "Other Non Operating Income Expenses": 6087000.0,
        "Special Income Charges": 0.0,
        "Impairment Of Capital Assets": 0.0,
        "Gain On Sale Of Security": -18000.0,
        "Net Non Operating Interest Income Expense": 1581000.0,
        "Interest Income Non Operating": 1581000.0,
        "Operating Income": -34081000.0,
        "Operating Expense": 103800000.0,
        "Research And Development": 35709000.0,
        "Selling General And Administration": 68091000.0,
        "Selling And Marketing Expense": 8282000.0,
        "General And Administrative Expense": 59809000.0,
        "Other Gand A": 36925000.0,
        "Salaries And Wages": 22884000.0,
        "Gross Profit": 69719000.0,
        "Cost Of Revenue": 63773000.0,
        "Total Revenue": 133492000.0,
        "Operating Revenue": 133492000.0
    },
    "2023-06-30": {
        "Tax Effect Of Unusual Items": NaN,
        "Tax Rate For Calcs": NaN,
        "Normalized EBITDA": NaN,
        "Total Unusual Items": NaN,
        "Total Unusual Items Excluding Goodwill": NaN,
        "Net Income From Continuing Operation Net Minority Interest": NaN,
        "Reconciled Cost Of Revenue": NaN,
        "EBITDA": NaN,
        "EBIT": NaN,
        "Net Interest Income": NaN,
        "Interest Income": NaN,
        "Normalized Income": NaN,
        "Net Income From Continuing And Discontinued Operation": NaN,
        "Total Expenses": NaN,
        "Total Operating Income As Reported": NaN,
        "Diluted Average Shares": 9566341.0,
        "Basic Average Shares": 9566341.0,
        "Diluted EPS": -5.0,
        "Basic EPS": -5.0,
        "Diluted NI Availto Com Stockholders": NaN,
        "Net Income Common Stockholders": NaN,
        "Net Income": NaN,
        "Net Income Including Noncontrolling Interests": NaN,
        "Net Income Continuous Operations": NaN,
        "Earnings From Equity Interest Net Of Tax": 19000.0,
        "Tax Provision": NaN,
        "Pretax Income": NaN,
        "Other Income Expense": NaN,
        "Other Non Operating Income Expenses": NaN,
        "Gain On Sale Of Security": NaN,
        "Net Non Operating Interest Income Expense": NaN,
        "Interest Income Non Operating": NaN,
        "Operating Income": NaN,
        "Operating Expense": NaN,
        "Research And Development": NaN,
        "Selling General And Administration": NaN,
        "Selling And Marketing Expense": NaN,
        "General And Administrative Expense": NaN,
        "Other Gand A": NaN,
        "Gross Profit": NaN,
        "Cost Of Revenue": NaN,
        "Total Revenue": NaN,
        "Operating Revenue": NaN
    },
    "2023-09-30": {
        "Tax Effect Of Unusual Items": NaN,
        "Tax Rate For Calcs": NaN,
        "Normalized EBITDA": NaN,
        "Total Unusual Items": NaN,
        "Total Unusual Items Excluding Goodwill": NaN,
        "Net Income From Continuing Operation Net Minority Interest": NaN,
        "Reconciled Cost Of Revenue": NaN,
        "EBITDA": NaN,
        "EBIT": NaN,
        "Net Interest Income": NaN,
        "Interest Income": NaN,
        "Normalized Income": NaN,
        "Net Income From Continuing And Discontinued Operation": NaN,
        "Total Expenses": NaN,
        "Total Operating Income As Reported": NaN,
        "Diluted Average Shares": 8713497.0,
        "Basic Average Shares": 8713497.0,
        "Diluted EPS": -8.5,
        "Basic EPS": -8.5,
        "Diluted NI Availto Com Stockholders": NaN,
        "Net Income Common Stockholders": NaN,
        "Net Income": NaN,
        "Net Income Including Noncontrolling Interests": NaN,
        "Net Income Continuous Operations": NaN,
        "Earnings From Equity Interest Net Of Tax": -1000.0,
        "Tax Provision": NaN,
        "Pretax Income": NaN,
        "Other Income Expense": NaN,
        "Other Non Operating Income Expenses": NaN,
        "Gain On Sale Of Security": NaN,
        "Net Non Operating Interest Income Expense": NaN,
        "Interest Income Non Operating": NaN,
        "Operating Income": NaN,
        "Operating Expense": NaN,
        "Research And Development": NaN,
        "Selling General And Administration": NaN,
        "Selling And Marketing Expense": NaN,
        "General And Administrative Expense": NaN,
        "Other Gand A": NaN,
        "Gross Profit": NaN,
        "Cost Of Revenue": NaN,
        "Total Revenue": NaN,
        "Operating Revenue": NaN
    },
    "2023-12-31": {
        "Tax Effect Of Unusual Items": 0.0,
        "Tax Rate For Calcs": 0.0,
        "Normalized EBITDA": -101387000.0,
        "Total Unusual Items": -873000.0,
        "Total Unusual Items Excluding Goodwill": -873000.0,
        "Net Income From Continuing Operation Net Minority Interest": -98441000.0,
        "Reconciled Cost Of Revenue": 26775000.0,
        "EBITDA": -102260000.0,
        "EBIT": -102260000.0,
        "Net Interest Income": 5805000.0,
        "Interest Income": 5805000.0,
        "Normalized Income": -97568000.0,
        "Net Income From Continuing And Discontinued Operation": -98441000.0,
        "Total Expenses": 149606000.0,
        "Total Operating Income As Reported": -102260000.0,
        "Diluted Average Shares": NaN,
        "Basic Average Shares": NaN,
        "Diluted EPS": NaN,
        "Basic EPS": NaN,
        "Diluted NI Availto Com Stockholders": -98441000.0,
        "Net Income Common Stockholders": -98441000.0,
        "Net Income": -98441000.0,
        "Net Income Including Noncontrolling Interests": -98441000.0,
        "Net Income Continuous Operations": -98441000.0,
        "Earnings From Equity Interest Net Of Tax": NaN,
        "Tax Provision": 0.0,
        "Pretax Income": -98439000.0,
        "Other Income Expense": -1984000.0,
        "Other Non Operating Income Expenses": -1111000.0,
        "Gain On Sale Of Security": -873000.0,
        "Net Non Operating Interest Income Expense": 5805000.0,
        "Interest Income Non Operating": 5805000.0,
        "Operating Income": -102260000.0,
        "Operating Expense": 122831000.0,
        "Research And Development": 40930000.0,
        "Selling General And Administration": 81901000.0,
        "Selling And Marketing Expense": -28954000.0,
        "General And Administrative Expense": 110855000.0,
        "Other Gand A": -47303000.0,
        "Gross Profit": 20571000.0,
        "Cost Of Revenue": 26775000.0,
        "Total Revenue": 47346000.0,
        "Operating Revenue": 47346000.0
    },
    "2024-03-31": {
        "Tax Effect Of Unusual Items": NaN,
        "Tax Rate For Calcs": NaN,
        "Normalized EBITDA": NaN,
        "Total Unusual Items": NaN,
        "Total Unusual Items Excluding Goodwill": NaN,
        "Net Income From Continuing Operation Net Minority Interest": NaN,
        "Reconciled Cost Of Revenue": NaN,
        "EBITDA": NaN,
        "EBIT": NaN,
        "Net Interest Income": NaN,
        "Interest Income": NaN,
        "Normalized Income": NaN,
        "Net Income From Continuing And Discontinued Operation": NaN,
        "Total Expenses": NaN,
        "Total Operating Income As Reported": NaN,
        "Diluted Average Shares": 7751334.0,
        "Basic Average Shares": 7751334.0,
        "Diluted EPS": -7.0,
        "Basic EPS": -7.0,
        "Diluted NI Availto Com Stockholders": NaN,
        "Net Income Common Stockholders": NaN,
        "Net Income": NaN,
        "Net Income Including Noncontrolling Interests": NaN,
        "Net Income Continuous Operations": NaN,
        "Earnings From Equity Interest Net Of Tax": 0.0,
        "Tax Provision": NaN,
        "Pretax Income": NaN,
        "Other Income Expense": NaN,
        "Other Non Operating Income Expenses": NaN,
        "Gain On Sale Of Security": NaN,
        "Net Non Operating Interest Income Expense": NaN,
        "Interest Income Non Operating": NaN,
        "Operating Income": NaN,
        "Operating Expense": NaN,
        "Research And Development": NaN,
        "Selling General And Administration": NaN,
        "Selling And Marketing Expense": NaN,
        "General And Administrative Expense": NaN,
        "Other Gand A": NaN,
        "Gross Profit": NaN,
        "Cost Of Revenue": NaN,
        "Total Revenue": NaN,
        "Operating Revenue": NaN
    },
    "2024-06-30": {
        "Tax Effect Of Unusual Items": 0.0,
        "Tax Rate For Calcs": 0.0,
        "Normalized EBITDA": -60266000.0,
        "Total Unusual Items": 84000.0,
        "Total Unusual Items Excluding Goodwill": 84000.0,
        "Net Income From Continuing Operation Net Minority Interest": -55701000.0,
        "Reconciled Cost Of Revenue": 56707000.0,
        "EBITDA": -60182000.0,
        "EBIT": -60182000.0,
        "Net Interest Income": 4389000.0,
        "Interest Income": 4389000.0,
        "Normalized Income": -55785000.0,
        "Net Income From Continuing And Discontinued Operation": -55701000.0,
        "Total Expenses": 127673000.0,
        "Total Operating Income As Reported": -60182000.0,
        "Diluted Average Shares": 7759734.0,
        "Basic Average Shares": 7759734.0,
        "Diluted EPS": -7.0,
        "Basic EPS": -7.0,
        "Diluted NI Availto Com Stockholders": -55701000.0,
        "Net Income Common Stockholders": -55701000.0,
        "Net Income": -55701000.0,
        "Net Income Including Noncontrolling Interests": -55701000.0,
        "Net Income Continuous Operations": -55701000.0,
        "Earnings From Equity Interest Net Of Tax": 0.0,
        "Tax Provision": 0.0,
        "Pretax Income": -55701000.0,
        "Other Income Expense": 92000.0,
        "Other Non Operating Income Expenses": 8000.0,
        "Gain On Sale Of Security": 84000.0,
        "Net Non Operating Interest Income Expense": 4389000.0,
        "Interest Income Non Operating": 4389000.0,
        "Operating Income": -60182000.0,
        "Operating Expense": 70966000.0,
        "Research And Development": 23158000.0,
        "Selling General And Administration": 47808000.0,
        "Selling And Marketing Expense": 16874000.0,
        "General And Administrative Expense": 30934000.0,
        "Other Gand A": 30934000.0,
        "Gross Profit": 10784000.0,
        "Cost Of Revenue": 56707000.0,
        "Total Revenue": 67491000.0,
        "Operating Revenue": 67491000.0
    },
    "2024-09-30": {
        "Tax Effect Of Unusual Items": 0.0,
        "Tax Rate For Calcs": 0.0,
        "Normalized EBITDA": -21007000.0,
        "Total Unusual Items": -638000.0,
        "Total Unusual Items Excluding Goodwill": -638000.0,
        "Net Income From Continuing Operation Net Minority Interest": -17401000.0,
        "Reconciled Cost Of Revenue": 23289000.0,
        "EBITDA": -21645000.0,
        "EBIT": -21645000.0,
        "Net Interest Income": 3835000.0,
        "Interest Income": 3835000.0,
        "Normalized Income": -16763000.0,
        "Net Income From Continuing And Discontinued Operation": -17401000.0,
        "Total Expenses": 81272000.0,
        "Total Operating Income As Reported": -21645000.0,
        "Diluted Average Shares": 7758442.0,
        "Basic Average Shares": 7758442.0,
        "Diluted EPS": -2.0,
        "Basic EPS": -2.0,
        "Diluted NI Availto Com Stockholders": -17401000.0,
        "Net Income Common Stockholders": -17401000.0,
        "Net Income": -17401000.0,
        "Net Income Including Noncontrolling Interests": -17401000.0,
        "Net Income Continuous Operations": -17401000.0,
        "Earnings From Equity Interest Net Of Tax": 0.0,
        "Tax Provision": 0.0,
        "Pretax Income": -17401000.0,
        "Other Income Expense": 409000.0,
        "Other Non Operating Income Expenses": 1047000.0,
        "Gain On Sale Of Security": -638000.0,
        "Net Non Operating Interest Income Expense": 3835000.0,
        "Interest Income Non Operating": 3835000.0,
        "Operating Income": -21645000.0,
        "Operating Expense": 57983000.0,
        "Research And Development": 12789000.0,
        "Selling General And Administration": 45194000.0,
        "Selling And Marketing Expense": 20244000.0,
        "General And Administrative Expense": 24950000.0,
        "Other Gand A": 24950000.0,
        "Gross Profit": 36338000.0,
        "Cost Of Revenue": 23289000.0,
        "Total Revenue": 59627000.0,
        "Operating Revenue": 59627000.0
    },
    "2024-12-31": {
        "Tax Effect Of Unusual Items": 0.0,
        "Tax Rate For Calcs": 0.0,
        "Normalized EBITDA": -69694000.0,
        "Total Unusual Items": 620000.0,
        "Total Unusual Items Excluding Goodwill": 620000.0,
        "Net Income From Continuing Operation Net Minority Interest": -63748000.0,
        "Reconciled Cost Of Revenue": 24309000.0,
        "EBITDA": -69074000.0,
        "EBIT": -69074000.0,
        "Net Interest Income": 2899000.0,
        "Interest Income": 2899000.0,
        "Normalized Income": -64368000.0,
        "Net Income From Continuing And Discontinued Operation": -63748000.0,
        "Total Expenses": 105667000.0,
        "Total Operating Income As Reported": -69074000.0,
        "Diluted Average Shares": NaN,
        "Basic Average Shares": NaN,
        "Diluted EPS": NaN,
        "Basic EPS": NaN,
        "Diluted NI Availto Com Stockholders": -63748000.0,
        "Net Income Common Stockholders": -63748000.0,
        "Net Income": -63748000.0,
        "Net Income Including Noncontrolling Interests": -63748000.0,
        "Net Income Continuous Operations": -63748000.0,
        "Earnings From Equity Interest Net Of Tax": NaN,
        "Tax Provision": 0.0,
        "Pretax Income": -63748000.0,
        "Other Income Expense": 2427000.0,
        "Other Non Operating Income Expenses": 1807000.0,
        "Gain On Sale Of Security": 620000.0,
        "Net Non Operating Interest Income Expense": 2899000.0,
        "Interest Income Non Operating": 2899000.0,
        "Operating Income": -69074000.0,
        "Operating Expense": 81358000.0,
        "Research And Development": 16969000.0,
        "Selling General And Administration": 64389000.0,
        "Selling And Marketing Expense": -28200000.0,
        "General And Administrative Expense": 92589000.0,
        "Other Gand A": -46464000.0,
        "Gross Profit": 12284000.0,
        "Cost Of Revenue": 24309000.0,
        "Total Revenue": 36593000.0,
        "Operating Revenue": 36593000.0
    },
    "2025-03-31": {
        "Tax Effect Of Unusual Items": 0.0,
        "Tax Rate For Calcs": 0.0,
        "Normalized EBITDA": -33806000.0,
        "Total Unusual Items": -67000.0,
        "Total Unusual Items Excluding Goodwill": -67000.0,
        "Net Income From Continuing Operation Net Minority Interest": -30944000.0,
        "Reconciled Cost Of Revenue": 13835000.0,
        "EBITDA": -33873000.0,
        "EBIT": -33873000.0,
        "Net Interest Income": 2676000.0,
        "Interest Income": 2676000.0,
        "Normalized Income": -30877000.0,
        "Net Income From Continuing And Discontinued Operation": -30944000.0,
        "Total Expenses": 55541000.0,
        "Total Operating Income As Reported": -33873000.0,
        "Diluted Average Shares": 9246243.0,
        "Basic Average Shares": 9246243.0,
        "Diluted EPS": -3.5,
        "Basic EPS": -3.5,
        "Diluted NI Availto Com Stockholders": -30944000.0,
        "Net Income Common Stockholders": -30944000.0,
        "Net Income": -30944000.0,
        "Net Income Including Noncontrolling Interests": -30944000.0,
        "Net Income Continuous Operations": -30944000.0,
        "Earnings From Equity Interest Net Of Tax": NaN,
        "Tax Provision": 0.0,
        "Pretax Income": -30944000.0,
        "Other Income Expense": 253000.0,
        "Other Non Operating Income Expenses": 320000.0,
        "Gain On Sale Of Security": -67000.0,
        "Net Non Operating Interest Income Expense": 2676000.0,
        "Interest Income Non Operating": 2676000.0,
        "Operating Income": -33873000.0,
        "Operating Expense": 41706000.0,
        "Research And Development": 12592000.0,
        "Selling General And Administration": 29114000.0,
        "Selling And Marketing Expense": 13013000.0,
        "General And Administrative Expense": 16101000.0,
        "Other Gand A": 16101000.0,
        "Gross Profit": 7833000.0,
        "Cost Of Revenue": 13835000.0,
        "Total Revenue": 21668000.0,
        "Operating Revenue": 21668000.0
    },
    "2025-06-30": {
        "Tax Effect Of Unusual Items": -11000.0,
        "Tax Rate For Calcs": 0.25,
        "Normalized EBITDA": -28407000.0,
        "Total Unusual Items": -44000.0,
        "Total Unusual Items Excluding Goodwill": -44000.0,
        "Net Income From Continuing Operation Net Minority Interest": -25952000.0,
        "Reconciled Cost Of Revenue": 10798000.0,
        "EBITDA": -28451000.0,
        "EBIT": -28451000.0,
        "Net Interest Income": 2248000.0,
        "Interest Income": 2248000.0,
        "Normalized Income": -25919000.0,
        "Net Income From Continuing And Discontinued Operation": -25952000.0,
        "Total Expenses": 53861000.0,
        "Total Operating Income As Reported": -28451000.0,
        "Diluted Average Shares": 9220019.0,
        "Basic Average Shares": 9220019.0,
        "Diluted EPS": -3.0,
        "Basic EPS": -3.0,
        "Diluted NI Availto Com Stockholders": -25952000.0,
        "Net Income Common Stockholders": -25952000.0,
        "Net Income": -25952000.0,
        "Net Income Including Noncontrolling Interests": -25952000.0,
        "Net Income Continuous Operations": -25952000.0,
        "Earnings From Equity Interest Net Of Tax": NaN,
        "Tax Provision": 6000.0,
        "Pretax Income": -25946000.0,
        "Other Income Expense": 257000.0,
        "Other Non Operating Income Expenses": 301000.0,
        "Gain On Sale Of Security": -44000.0,
        "Net Non Operating Interest Income Expense": 2248000.0,
        "Interest Income Non Operating": 2248000.0,
        "Operating Income": -28451000.0,
        "Operating Expense": 43063000.0,
        "Research And Development": 12002000.0,
        "Selling General And Administration": 31061000.0,
        "Selling And Marketing Expense": 13995000.0,
        "General And Administrative Expense": 17066000.0,
        "Other Gand A": 17066000.0,
        "Gross Profit": 14612000.0,
        "Cost Of Revenue": 10798000.0,
        "Total Revenue": 25410000.0,
        "Operating Revenue": 25410000.0
    }
}