{
    "2023-03-31": {
        "Tax Effect Of Unusual Items": NaN,
        "Tax Rate For Calcs": NaN,
        "Normalized EBITDA": NaN,
        "Total Unusual Items": NaN,
        "Total Unusual Items Excluding Goodwill": NaN,
        "Net Income From Continuing Operation Net Minority Interest": NaN,
        "Reconciled Depreciation": NaN,
        "Reconciled Cost Of Revenue": NaN,
        "EBITDA": NaN,
        "EBIT": NaN,
        "Net Interest Income": NaN,
        "Interest Expense": NaN,
        "Normalized Income": NaN,
        "Net Income From Continuing And Discontinued Operation": NaN,
        "Total Expenses": NaN,
        "Total Operating Income As Reported": NaN,
        "Diluted Average Shares": NaN,
        "Basic Average Shares": NaN,
        "Diluted EPS": NaN,
        "Basic EPS": NaN,
        "Diluted NI Availto Com Stockholders": NaN,
        "Net Income Common Stockholders": NaN,
        "Net Income": NaN,
        "Net Income Including Noncontrolling Interests": NaN,
        "Net Income Continuous Operations": NaN,
        "Tax Provision": NaN,
        "Pretax Income": NaN,
        "Other Income Expense": NaN,
        "Other Non Operating Income Expenses": NaN,
        "Special Income Charges": NaN,
        "Write Off": NaN,
        "Restructuring And Mergern Acquisition": NaN,
        "Gain On Sale Of Security": -27000000.0,
        "Net Non Operating Interest Income Expense": NaN,
        "Interest Expense Non Operating": NaN,
        "Operating Income": NaN,
        "Operating Expense": NaN,
        "Selling General And Administration": NaN,
        "General And Administrative Expense": NaN,
        "Other Gand A": NaN,
        "Salaries And Wages": NaN,
        "Gross Profit": NaN,
        "Cost Of Revenue": NaN,
        "Total Revenue": NaN,
        "Operating Revenue": NaN
    },
    "2022-12-31": {
        "Tax Effect Of Unusual Items": NaN,
        "Tax Rate For Calcs": NaN,
        "Normalized EBITDA": NaN,
        "Total Unusual Items": NaN,
        "Total Unusual Items Excluding Goodwill": NaN,
        "Net Income From Continuing Operation Net Minority Interest": NaN,
        "Reconciled Depreciation": NaN,
        "Reconciled Cost Of Revenue": NaN,
        "EBITDA": NaN,
        "EBIT": NaN,
        "Net Interest Income": NaN,
        "Interest Expense": NaN,
        "Normalized Income": NaN,
        "Net Income From Continuing And Discontinued Operation": NaN,
        "Total Expenses": NaN,
        "Total Operating Income As Reported": NaN,
        "Diluted Average Shares": NaN,
        "Basic Average Shares": NaN,
        "Diluted EPS": NaN,
        "Basic EPS": NaN,
        "Diluted NI Availto Com Stockholders": NaN,
        "Net Income Common Stockholders": NaN,
        "Net Income": NaN,
        "Net Income Including Noncontrolling Interests": NaN,
        "Net Income Continuous Operations": NaN,
        "Tax Provision": NaN,
        "Pretax Income": NaN,
        "Other Income Expense": NaN,
        "Other Non Operating Income Expenses": NaN,
        "Special Income Charges": NaN,
        "Other Special Charges": -12000000.0,
        "Write Off": NaN,
        "Restructuring And Mergern Acquisition": NaN,
        "Gain On Sale Of Security": NaN,
        "Net Non Operating Interest Income Expense": NaN,
        "Interest Expense Non Operating": NaN,
        "Operating Income": NaN,
        "Operating Expense": NaN,
        "Selling General And Administration": NaN,
        "General And Administrative Expense": NaN,
        "Other Gand A": NaN,
        "Salaries And Wages": NaN,
        "Gross Profit": NaN,
        "Cost Of Revenue": NaN,
        "Total Revenue": NaN,
        "Operating Revenue": NaN
    },
    "2022-09-30": {
        "Tax Effect Of Unusual Items": NaN,
        "Tax Rate For Calcs": NaN,
        "Normalized EBITDA": NaN,
        "Total Unusual Items": NaN,
        "Total Unusual Items Excluding Goodwill": NaN,
        "Net Income From Continuing Operation Net Minority Interest": NaN,
        "Reconciled Depreciation": NaN,
        "Reconciled Cost Of Revenue": NaN,
        "EBITDA": NaN,
        "EBIT": NaN,
        "Net Interest Income": NaN,
        "Interest Expense": NaN,
        "Normalized Income": NaN,
        "Net Income From Continuing And Discontinued Operation": NaN,
        "Total Expenses": NaN,
        "Total Operating Income As Reported": NaN,
        "Diluted Average Shares": NaN,
        "Basic Average Shares": NaN,
        "Diluted EPS": NaN,
        "Basic EPS": NaN,
        "Diluted NI Availto Com Stockholders": NaN,
        "Net Income Common Stockholders": NaN,
        "Net Income": NaN,
        "Net Income Including Noncontrolling Interests": NaN,
        "Net Income Continuous Operations": NaN,
        "Tax Provision": NaN,
        "Pretax Income": NaN,
        "Other Income Expense": NaN,
        "Other Non Operating Income Expenses": NaN,
        "Special Income Charges": NaN,
        "Other Special Charges": -3000000.0,
        "Write Off": NaN,
        "Restructuring And Mergern Acquisition": NaN,
        "Gain On Sale Of Security": NaN,
        "Net Non Operating Interest Income Expense": NaN,
        "Interest Expense Non Operating": NaN,
        "Operating Income": NaN,
        "Operating Expense": NaN,
        "Selling General And Administration": NaN,
        "General And Administrative Expense": NaN,
        "Other Gand A": NaN,
        "Salaries And Wages": NaN,
        "Gross Profit": NaN,
        "Cost Of Revenue": NaN,
        "Total Revenue": NaN,
        "Operating Revenue": NaN
    },
    "2022-06-30": {
        "Tax Effect Of Unusual Items": -2800000.0,
        "Tax Rate For Calcs": 0.4,
        "Normalized EBITDA": 579000000.0,
        "Total Unusual Items": -7000000.0,
        "Total Unusual Items Excluding Goodwill": -7000000.0,
        "Net Income From Continuing Operation Net Minority Interest": 224000000.0,
        "Reconciled Depreciation": 34000000.0,
        "Reconciled Cost Of Revenue": 840000000.0,
        "EBITDA": 572000000.0,
        "EBIT": 538000000.0,
        "Net Interest Income": -148000000.0,
        "Interest Expense": 148000000.0,
        "Normalized Income": 228200000.0,
        "Net Income From Continuing And Discontinued Operation": 224000000.0,
        "Total Expenses": 1095000000.0,
        "Total Operating Income As Reported": 554000000.0,
        "Diluted Average Shares": 290000000.0,
        "Basic Average Shares": 286000000.0,
        "Diluted EPS": 0.77,
        "Basic EPS": 0.78,
        "Diluted NI Availto Com Stockholders": 224000000.0,
        "Net Income Common Stockholders": 224000000.0,
        "Net Income": 224000000.0,
        "Net Income Including Noncontrolling Interests": 224000000.0,
        "Net Income Continuous Operations": 224000000.0,
        "Tax Provision": 166000000.0,
        "Pretax Income": 390000000.0,
        "Other Income Expense": -3000000.0,
        "Other Non Operating Income Expenses": 4000000.0,
        "Special Income Charges": 8000000.0,
        "Other Special Charges": -8000000.0,
        "Write Off": -1000000.0,
        "Restructuring And Mergern Acquisition": -8000000.0,
        "Gain On Sale Of Security": -15000000.0,
        "Net Non Operating Interest Income Expense": -148000000.0,
        "Interest Expense Non Operating": 148000000.0,
        "Operating Income": 541000000.0,
        "Operating Expense": 255000000.0,
        "Selling General And Administration": 255000000.0,
        "General And Administrative Expense": 255000000.0,
        "Other Gand A": 254000000.0,
        "Salaries And Wages": 1000000.0,
        "Gross Profit": 796000000.0,
        "Cost Of Revenue": 840000000.0,
        "Total Revenue": 1636000000.0,
        "Operating Revenue": 1636000000.0
    },
    "2023-06-30": {
        "Tax Effect Of Unusual Items": NaN,
        "Tax Rate For Calcs": NaN,
        "Normalized EBITDA": NaN,
        "Total Unusual Items": NaN,
        "Total Unusual Items Excluding Goodwill": NaN,
        "Net Income From Continuing Operation Net Minority Interest": NaN,
        "Reconciled Depreciation": NaN,
        "Reconciled Cost Of Revenue": NaN,
        "EBITDA": NaN,
        "EBIT": NaN,
        "Net Interest Income": NaN,
        "Interest Expense": NaN,
        "Normalized Income": NaN,
        "Net Income From Continuing And Discontinued Operation": NaN,
        "Total Expenses": NaN,
        "Total Operating Income As Reported": NaN,
        "Diluted Average Shares": NaN,
        "Basic Average Shares": NaN,
        "Diluted EPS": NaN,
        "Basic EPS": NaN,
        "Diluted NI Availto Com Stockholders": NaN,
        "Net Income Common Stockholders": NaN,
        "Net Income": NaN,
        "Net Income Including Noncontrolling Interests": NaN,
        "Net Income Continuous Operations": NaN,
        "Tax Provision": NaN,
        "Pretax Income": NaN,
        "Other Income Expense": NaN,
        "Other Non Operating Income Expenses": NaN,
        "Special Income Charges": NaN,
        "Write Off": NaN,
        "Restructuring And Mergern Acquisition": NaN,
        "Gain On Sale Of Security": NaN,
        "Net Non Operating Interest Income Expense": NaN,
        "Interest Expense Non Operating": NaN,
        "Operating Income": NaN,
        "Operating Expense": NaN,
        "Selling General And Administration": NaN,
        "General And Administrative Expense": NaN,
        "Other Gand A": NaN,
        "Salaries And Wages": -1000000.0,
        "Gross Profit": NaN,
        "Cost Of Revenue": NaN,
        "Total Revenue": NaN,
        "Operating Revenue": NaN
    },
    "2022-03-31": {
        "Diluted EPS": 1.36,
        "Total Revenue": NaN,
        "Gross Profit": NaN,
        "Operating Income": 509,
        "EBIT": 546,
        "Net Income": 399
    },
    "2021-12-31": {
        "Diluted EPS": 1.1,
        "Total Revenue": NaN,
        "Gross Profit": NaN,
        "Operating Income": 502,
        "EBIT": 549,
        "Net Income": 330
    },
    "2021-09-30": {
        "Diluted EPS": 1.75,
        "Total Revenue": NaN,
        "Gross Profit": NaN,
        "Operating Income": 527,
        "EBIT": 566,
        "Net Income": 528
    },
    "2021-06-30": {
        "Diluted EPS": 1.29,
        "Total Revenue": NaN,
        "Gross Profit": NaN,
        "Operating Income": 567,
        "EBIT": 606,
        "Net Income": 391
    },
    "2021-03-31": {
        "Diluted EPS": 1.07,
        "Total Revenue": NaN,
        "Gross Profit": NaN,
        "Operating Income": 543,
        "EBIT": 582,
        "Net Income": 326
    },
    "2020-12-31": {
        "Diluted EPS": 1.08,
        "Total Revenue": NaN,
        "Gross Profit": NaN,
        "Operating Income": 482,
        "EBIT": 528,
        "Net Income": 332
    },
    "2020-09-30": {
        "Diluted EPS": 0.92,
        "Total Revenue": NaN,
        "Gross Profit": NaN,
        "Operating Income": 471,
        "EBIT": 518,
        "Net Income": 283
    },
    "2020-06-30": {
        "Diluted EPS": 0.67,
        "Total Revenue": NaN,
        "Gross Profit": 849,
        "Operating Income": 300,
        "EBIT": 326,
        "Net Income": 206
    },
    "2020-03-31": {
        "Diluted EPS": 0.27,
        "Total Revenue": NaN,
        "Gross Profit": 965,
        "Operating Income": 250,
        "EBIT": 277,
        "Net Income": 83
    },
    "2019-12-31": {
        "Diluted EPS": 1.58,
        "Total Revenue": NaN,
        "Gross Profit": NaN,
        "Operating Income": 546,
        "EBIT": 574,
        "Net Income": 488
    },
    "2019-09-30": {
        "Diluted EPS": 0.81,
        "Total Revenue": NaN,
        "Gross Profit": NaN,
        "Operating Income": 480,
        "EBIT": 510,
        "Net Income": 255
    },
    "2019-06-30": {
        "Diluted EPS": 0.92,
        "Total Revenue": NaN,
        "Gross Profit": NaN,
        "Operating Income": 471,
        "EBIT": 499,
        "Net Income": 289
    },
    "2019-03-31": {
        "Diluted EPS": 0.83,
        "Total Revenue": NaN,
        "Gross Profit": 982,
        "Operating Income": 433,
        "EBIT": 459,
        "Net Income": 262
    },
    "2018-12-31": {
        "Diluted EPS": 1.05,
        "Total Revenue": NaN,
        "Gross Profit": NaN,
        "Operating Income": 741,
        "EBIT": 775,
        "Net Income": 334
    },
    "2018-09-30": {
        "Diluted EPS": 1.4,
        "Total Revenue": NaN,
        "Gross Profit": 992,
        "Operating Income": 553,
        "EBIT": 585,
        "Net Income": 454
    },
    "2018-06-30": {
        "Diluted EPS": 0.97,
        "Total Revenue": NaN,
        "Gross Profit": 947,
        "Operating Income": 449,
        "EBIT": 483,
        "Net Income": 321
    },
    "2018-03-31": {
        "Diluted EPS": 1.27,
        "Total Revenue": NaN,
        "Gross Profit": 933,
        "Operating Income": 553,
        "EBIT": 590,
        "Net Income": 433
    },
    "2017-12-31": {
        "Diluted EPS": 1.24,
        "Total Revenue": NaN,
        "Gross Profit": 846,
        "Operating Income": NaN,
        "EBIT": NaN,
        "Net Income": 436
    },
    "2017-09-30": {
        "Diluted EPS": 1.18,
        "Total Revenue": NaN,
        "Gross Profit": 719,
        "Operating Income": 643,
        "EBIT": 703,
        "Net Income": 418
    },
    "2017-06-30": {
        "Diluted EPS": 0.58,
        "Total Revenue": NaN,
        "Gross Profit": 700,
        "Operating Income": 419,
        "EBIT": 484,
        "Net Income": 206
    },
    "2017-03-31": {
        "Diluted EPS": 0.77,
        "Total Revenue": NaN,
        "Gross Profit": 659,
        "Operating Income": 484,
        "EBIT": 554,
        "Net Income": 280
    },
    "2016-12-31": {
        "Diluted EPS": 0.71,
        "Total Revenue": NaN,
        "Gross Profit": NaN,
        "Operating Income": 489,
        "EBIT": 575,
        "Net Income": 267
    },
    "2016-09-30": {
        "Diluted EPS": 1.62,
        "Total Revenue": NaN,
        "Gross Profit": 947,
        "Operating Income": 398,
        "EBIT": 475,
        "Net Income": 640
    },
    "2016-06-30": {
        "Diluted EPS": 0.81,
        "Total Revenue": NaN,
        "Gross Profit": 933,
        "Operating Income": 415,
        "EBIT": 489,
        "Net Income": 336
    },
    "2016-03-31": {
        "Diluted EPS": 0.87,
        "Total Revenue": NaN,
        "Gross Profit": 895,
        "Operating Income": 349,
        "EBIT": 422,
        "Net Income": 364
    },
    "2015-12-31": {
        "Diluted EPS": 0.63,
        "Total Revenue": NaN,
        "Gross Profit": NaN,
        "Operating Income": 429,
        "EBIT": 243,
        "Net Income": 275
    },
    "2015-09-30": {
        "Diluted EPS": 0.95,
        "Total Revenue": NaN,
        "Gross Profit": NaN,
        "Operating Income": 603,
        "EBIT": 782,
        "Net Income": 421
    },
    "2015-06-30": {
        "Diluted EPS": 0.53,
        "Total Revenue": NaN,
        "Gross Profit": NaN,
        "Operating Income": 371,
        "EBIT": 558,
        "Net Income": 235
    },
    "2015-03-31": {
        "Diluted EPS": 0.81,
        "Total Revenue": NaN,
        "Gross Profit": NaN,
        "Operating Income": 506,
        "EBIT": 645,
        "Net Income": 362
    },
    "2014-12-31": {
        "Diluted EPS": -0.2,
        "Total Revenue": NaN,
        "Gross Profit": NaN,
        "Operating Income": -43,
        "EBIT": -216,
        "Net Income": -86
    },
    "2014-09-30": {
        "Diluted EPS": 0.89,
        "Total Revenue": NaN,
        "Gross Profit": NaN,
        "Operating Income": 550,
        "EBIT": 731,
        "Net Income": 404
    },
    "2014-06-30": {
        "Diluted EPS": 0.73,
        "Total Revenue": NaN,
        "Gross Profit": NaN,
        "Operating Income": 479,
        "EBIT": 659,
        "Net Income": 334
    },
    "2014-03-31": {
        "Diluted EPS": 0.87,
        "Total Revenue": NaN,
        "Gross Profit": NaN,
        "Operating Income": 571,
        "EBIT": 711,
        "Net Income": 399
    },
    "2013-12-31": {
        "Diluted EPS": 0.7,
        "Total Revenue": NaN,
        "Gross Profit": NaN,
        "Operating Income": 571,
        "EBIT": 819,
        "Net Income": 321
    },
    "2013-09-30": {
        "Diluted EPS": 0.33,
        "Total Revenue": NaN,
        "Gross Profit": NaN,
        "Operating Income": 350,
        "EBIT": 523,
        "Net Income": 152
    },
    "2013-06-30": {
        "Diluted EPS": 0.61,
        "Total Revenue": NaN,
        "Gross Profit": NaN,
        "Operating Income": 390,
        "EBIT": 560,
        "Net Income": 281
    },
    "2013-03-31": {
        "Diluted EPS": 0.72,
        "Total Revenue": NaN,
        "Gross Profit": NaN,
        "Operating Income": 487,
        "EBIT": 617,
        "Net Income": 337
    },
    "2012-12-31": {
        "Diluted EPS": 0.73,
        "Total Revenue": NaN,
        "Gross Profit": NaN,
        "Operating Income": 505,
        "EBIT": 728,
        "Net Income": 337
    },
    "2012-09-30": {
        "Diluted EPS": 1.0,
        "Total Revenue": NaN,
        "Gross Profit": NaN,
        "Operating Income": 671,
        "EBIT": 828,
        "Net Income": 471
    },
    "2012-06-30": {
        "Diluted EPS": 0.69,
        "Total Revenue": NaN,
        "Gross Profit": NaN,
        "Operating Income": 473,
        "EBIT": 631,
        "Net Income": 331
    },
    "2012-03-31": {
        "Diluted EPS": 0.96,
        "Total Revenue": NaN,
        "Gross Profit": NaN,
        "Operating Income": 645,
        "EBIT": 772,
        "Net Income": 458
    },
    "2011-12-31": {
        "Diluted EPS": 0.75,
        "Total Revenue": NaN,
        "Gross Profit": NaN,
        "Operating Income": 507,
        "EBIT": 718,
        "Net Income": 356
    },
    "2011-09-30": {
        "Diluted EPS": 0.8,
        "Total Revenue": NaN,
        "Gross Profit": NaN,
        "Operating Income": 488,
        "EBIT": 645,
        "Net Income": 383
    },
    "2011-06-30": {
        "Diluted EPS": 0.65,
        "Total Revenue": NaN,
        "Gross Profit": NaN,
        "Operating Income": 419,
        "EBIT": 565,
        "Net Income": 316
    },
    "2011-03-31": {
        "Diluted EPS": 0.54,
        "Total Revenue": NaN,
        "Gross Profit": NaN,
        "Operating Income": 401,
        "EBIT": 524,
        "Net Income": 264
    },
    "2010-12-31": {
        "Diluted EPS": 0.55,
        "Total Revenue": NaN,
        "Gross Profit": NaN,
        "Operating Income": 440,
        "EBIT": 646,
        "Net Income": 274
    },
    "2010-09-30": {
        "Diluted EPS": 0.74,
        "Total Revenue": NaN,
        "Gross Profit": NaN,
        "Operating Income": 544,
        "EBIT": 671,
        "Net Income": 357
    },
    "2010-06-30": {
        "Diluted EPS": 0.59,
        "Total Revenue": NaN,
        "Gross Profit": NaN,
        "Operating Income": 421,
        "EBIT": 558,
        "Net Income": 286
    },
    "2010-03-31": {
        "Diluted EPS": 0.5,
        "Total Revenue": NaN,
        "Gross Profit": NaN,
        "Operating Income": 364,
        "EBIT": 483,
        "Net Income": 241
    },
    "2009-12-31": {
        "Diluted EPS": 0.44,
        "Total Revenue": NaN,
        "Gross Profit": NaN,
        "Operating Income": 375,
        "EBIT": 570,
        "Net Income": 216
    },
    "2009-09-30": {
        "Diluted EPS": 0.69,
        "Total Revenue": NaN,
        "Gross Profit": NaN,
        "Operating Income": 470,
        "EBIT": 609,
        "Net Income": 334
    },
    "2009-06-30": {
        "Diluted EPS": 0.63,
        "Total Revenue": NaN,
        "Gross Profit": NaN,
        "Operating Income": 394,
        "EBIT": 523,
        "Net Income": 303
    },
    "2009-03-31": {
        "Diluted EPS": 0.46,
        "Total Revenue": NaN,
        "Gross Profit": NaN,
        "Operating Income": 351,
        "EBIT": 468,
        "Net Income": 218
    },
    "2023-09-30": {
        "Tax Effect Of Unusual Items": NaN,
        "Tax Rate For Calcs": NaN,
        "Normalized EBITDA": NaN,
        "Total Unusual Items": NaN,
        "Total Unusual Items Excluding Goodwill": NaN,
        "Net Income From Continuing Operation Net Minority Interest": NaN,
        "Reconciled Depreciation": NaN,
        "Reconciled Cost Of Revenue": NaN,
        "EBITDA": NaN,
        "EBIT": NaN,
        "Net Interest Income": NaN,
        "Interest Expense": NaN,
        "Normalized Income": NaN,
        "Net Income From Continuing And Discontinued Operation": NaN,
        "Total Expenses": NaN,
        "Total Operating Income As Reported": NaN,
        "Diluted Average Shares": NaN,
        "Basic Average Shares": NaN,
        "Diluted EPS": NaN,
        "Basic EPS": NaN,
        "Diluted NI Availto Com Stockholders": NaN,
        "Net Income Common Stockholders": NaN,
        "Net Income": NaN,
        "Net Income Including Noncontrolling Interests": NaN,
        "Net Income Continuous Operations": NaN,
        "Tax Provision": NaN,
        "Pretax Income": NaN,
        "Other Income Expense": NaN,
        "Other Non Operating Income Expenses": NaN,
        "Special Income Charges": NaN,
        "Write Off": NaN,
        "Restructuring And Mergern Acquisition": NaN,
        "Gain On Sale Of Security": NaN,
        "Net Non Operating Interest Income Expense": NaN,
        "Interest Expense Non Operating": NaN,
        "Operating Income": NaN,
        "Operating Expense": NaN,
        "Selling General And Administration": NaN,
        "General And Administrative Expense": NaN,
        "Other Gand A": NaN,
        "Salaries And Wages": -2000000.0,
        "Gross Profit": NaN,
        "Cost Of Revenue": NaN,
        "Total Revenue": NaN,
        "Operating Revenue": NaN
    },
    "2023-12-31": {
        "Tax Effect Of Unusual Items": NaN,
        "Tax Rate For Calcs": NaN,
        "Normalized EBITDA": NaN,
        "Total Unusual Items": NaN,
        "Total Unusual Items Excluding Goodwill": NaN,
        "Net Income From Continuing Operation Net Minority Interest": NaN,
        "Reconciled Depreciation": NaN,
        "Reconciled Cost Of Revenue": NaN,
        "EBITDA": NaN,
        "EBIT": NaN,
        "Net Interest Income": NaN,
        "Interest Expense": NaN,
        "Normalized Income": NaN,
        "Net Income From Continuing And Discontinued Operation": NaN,
        "Total Expenses": NaN,
        "Total Operating Income As Reported": NaN,
        "Diluted Average Shares": NaN,
        "Basic Average Shares": NaN,
        "Diluted EPS": NaN,
        "Basic EPS": NaN,
        "Diluted NI Availto Com Stockholders": NaN,
        "Net Income Common Stockholders": NaN,
        "Net Income": NaN,
        "Net Income Including Noncontrolling Interests": NaN,
        "Net Income Continuous Operations": NaN,
        "Tax Provision": NaN,
        "Pretax Income": NaN,
        "Other Income Expense": NaN,
        "Other Non Operating Income Expenses": NaN,
        "Special Income Charges": NaN,
        "Write Off": NaN,
        "Restructuring And Mergern Acquisition": NaN,
        "Gain On Sale Of Security": NaN,
        "Net Non Operating Interest Income Expense": NaN,
        "Interest Expense Non Operating": NaN,
        "Operating Income": NaN,
        "Operating Expense": NaN,
        "Selling General And Administration": NaN,
        "General And Administrative Expense": NaN,
        "Other Gand A": NaN,
        "Salaries And Wages": -1000000.0,
        "Gross Profit": NaN,
        "Cost Of Revenue": NaN,
        "Total Revenue": NaN,
        "Operating Revenue": NaN
    },
    "2024-03-31": {
        "Tax Effect Of Unusual Items": NaN,
        "Tax Rate For Calcs": NaN,
        "Normalized EBITDA": NaN,
        "Total Unusual Items": NaN,
        "Total Unusual Items Excluding Goodwill": NaN,
        "Net Income From Continuing Operation Net Minority Interest": NaN,
        "Reconciled Depreciation": NaN,
        "Reconciled Cost Of Revenue": NaN,
        "EBITDA": NaN,
        "EBIT": NaN,
        "Net Interest Income": NaN,
        "Interest Expense": NaN,
        "Normalized Income": NaN,
        "Net Income From Continuing And Discontinued Operation": NaN,
        "Total Expenses": NaN,
        "Total Operating Income As Reported": NaN,
        "Diluted Average Shares": NaN,
        "Basic Average Shares": NaN,
        "Diluted EPS": NaN,
        "Basic EPS": NaN,
        "Diluted NI Availto Com Stockholders": NaN,
        "Net Income Common Stockholders": NaN,
        "Net Income": NaN,
        "Net Income Including Noncontrolling Interests": NaN,
        "Net Income Continuous Operations": NaN,
        "Tax Provision": NaN,
        "Pretax Income": NaN,
        "Other Income Expense": NaN,
        "Other Non Operating Income Expenses": NaN,
        "Special Income Charges": NaN,
        "Write Off": NaN,
        "Restructuring And Mergern Acquisition": NaN,
        "Gain On Sale Of Security": -27000000.0,
        "Net Non Operating Interest Income Expense": NaN,
        "Interest Expense Non Operating": NaN,
        "Operating Income": NaN,
        "Operating Expense": NaN,
        "Selling General And Administration": NaN,
        "General And Administrative Expense": NaN,
        "Other Gand A": NaN,
        "Salaries And Wages": -2000000.0,
        "Gross Profit": NaN,
        "Cost Of Revenue": NaN,
        "Total Revenue": NaN,
        "Operating Revenue": NaN
    },
    "2024-06-30": {
        "Tax Effect Of Unusual Items": 3449691.991786,
        "Tax Rate For Calcs": 0.246407,
        "Normalized EBITDA": 635000000.0,
        "Total Unusual Items": 14000000.0,
        "Total Unusual Items Excluding Goodwill": 14000000.0,
        "Net Income From Continuing Operation Net Minority Interest": 367000000.0,
        "Reconciled Depreciation": 41000000.0,
        "Reconciled Cost Of Revenue": 894000000.0,
        "EBITDA": 649000000.0,
        "EBIT": 608000000.0,
        "Net Interest Income": -121000000.0,
        "Interest Expense": 121000000.0,
        "Normalized Income": 356449691.991786,
        "Net Income From Continuing And Discontinued Operation": 367000000.0,
        "Total Expenses": 1175000000.0,
        "Total Operating Income As Reported": 607000000.0,
        "Diluted Average Shares": NaN,
        "Basic Average Shares": NaN,
        "Diluted EPS": NaN,
        "Basic EPS": NaN,
        "Diluted NI Availto Com Stockholders": 367000000.0,
        "Net Income Common Stockholders": 367000000.0,
        "Net Income": 367000000.0,
        "Net Income Including Noncontrolling Interests": 367000000.0,
        "Net Income Continuous Operations": 367000000.0,
        "Tax Provision": 120000000.0,
        "Pretax Income": 487000000.0,
        "Other Income Expense": 20000000.0,
        "Other Non Operating Income Expenses": 6000000.0,
        "Special Income Charges": 14000000.0,
        "Write Off": 0.0,
        "Restructuring And Mergern Acquisition": -14000000.0,
        "Gain On Sale Of Security": NaN,
        "Net Non Operating Interest Income Expense": -121000000.0,
        "Interest Expense Non Operating": 121000000.0,
        "Operating Income": 588000000.0,
        "Operating Expense": 281000000.0,
        "Selling General And Administration": 281000000.0,
        "General And Administrative Expense": 281000000.0,
        "Other Gand A": 281000000.0,
        "Salaries And Wages": -1000000.0,
        "Gross Profit": 869000000.0,
        "Cost Of Revenue": 894000000.0,
        "Total Revenue": 1763000000.0,
        "Operating Revenue": 1763000000.0
    },
    "2024-09-30": {
        "Tax Effect Of Unusual Items": 3332000.0,
        "Tax Rate For Calcs": 0.238,
        "Normalized EBITDA": 652000000.0,
        "Total Unusual Items": 14000000.0,
        "Total Unusual Items Excluding Goodwill": 14000000.0,
        "Net Income From Continuing Operation Net Minority Interest": 382000000.0,
        "Reconciled Depreciation": 44000000.0,
        "Reconciled Cost Of Revenue": 960000000.0,
        "EBITDA": 666000000.0,
        "EBIT": 622000000.0,
        "Net Interest Income": -120000000.0,
        "Interest Expense": 120000000.0,
        "Normalized Income": 371332000.0,
        "Net Income From Continuing And Discontinued Operation": 382000000.0,
        "Total Expenses": 1223000000.0,
        "Total Operating Income As Reported": 619000000.0,
        "Diluted Average Shares": 285000000.0,
        "Basic Average Shares": 282000000.0,
        "Diluted EPS": 1.35,
        "Basic EPS": 1.36,
        "Diluted NI Availto Com Stockholders": 382000000.0,
        "Net Income Common Stockholders": 382000000.0,
        "Net Income": 382000000.0,
        "Net Income Including Noncontrolling Interests": 382000000.0,
        "Net Income Continuous Operations": 382000000.0,
        "Tax Provision": 120000000.0,
        "Pretax Income": 502000000.0,
        "Other Income Expense": 19000000.0,
        "Other Non Operating Income Expenses": 5000000.0,
        "Special Income Charges": 10000000.0,
        "Write Off": 2000000.0,
        "Restructuring And Mergern Acquisition": -12000000.0,
        "Gain On Sale Of Security": 4000000.0,
        "Net Non Operating Interest Income Expense": -120000000.0,
        "Interest Expense Non Operating": 120000000.0,
        "Operating Income": 603000000.0,
        "Operating Expense": 263000000.0,
        "Selling General And Administration": 263000000.0,
        "General And Administrative Expense": 263000000.0,
        "Other Gand A": 263000000.0,
        "Salaries And Wages": NaN,
        "Gross Profit": 866000000.0,
        "Cost Of Revenue": 960000000.0,
        "Total Revenue": 1826000000.0,
        "Operating Revenue": 1826000000.0
    },
    "2024-12-31": {
        "Tax Effect Of Unusual Items": -2386363.636364,
        "Tax Rate For Calcs": 0.198864,
        "Normalized EBITDA": 726000000.0,
        "Total Unusual Items": -12000000.0,
        "Total Unusual Items Excluding Goodwill": -12000000.0,
        "Net Income From Continuing Operation Net Minority Interest": 423000000.0,
        "Reconciled Depreciation": 55000000.0,
        "Reconciled Cost Of Revenue": 1313000000.0,
        "EBITDA": 714000000.0,
        "EBIT": 659000000.0,
        "Net Interest Income": -131000000.0,
        "Interest Expense": 131000000.0,
        "Normalized Income": 432613636.363636,
        "Net Income From Continuing And Discontinued Operation": 423000000.0,
        "Total Expenses": 1664000000.0,
        "Total Operating Income As Reported": 657000000.0,
        "Diluted Average Shares": 283000000.0,
        "Basic Average Shares": 280000000.0,
        "Diluted EPS": 1.49,
        "Basic EPS": 1.51,
        "Diluted NI Availto Com Stockholders": 423000000.0,
        "Net Income Common Stockholders": 423000000.0,
        "Net Income": 423000000.0,
        "Net Income Including Noncontrolling Interests": 423000000.0,
        "Net Income Continuous Operations": 423000000.0,
        "Tax Provision": 105000000.0,
        "Pretax Income": 528000000.0,
        "Other Income Expense": -39000000.0,
        "Other Non Operating Income Expenses": -27000000.0,
        "Special Income Charges": -8000000.0,
        "Write Off": 11000000.0,
        "Restructuring And Mergern Acquisition": -3000000.0,
        "Gain On Sale Of Security": -4000000.0,
        "Net Non Operating Interest Income Expense": -131000000.0,
        "Interest Expense Non Operating": 131000000.0,
        "Operating Income": 698000000.0,
        "Operating Expense": 351000000.0,
        "Selling General And Administration": 351000000.0,
        "General And Administrative Expense": 351000000.0,
        "Other Gand A": 351000000.0,
        "Salaries And Wages": NaN,
        "Gross Profit": 1049000000.0,
        "Cost Of Revenue": 1313000000.0,
        "Total Revenue": 2362000000.0,
        "Operating Revenue": 2362000000.0
    },
    "2025-03-31": {
        "Tax Effect Of Unusual Items": 1680000.0,
        "Tax Rate For Calcs": 0.21,
        "Normalized EBITDA": 586000000.0,
        "Total Unusual Items": 8000000.0,
        "Total Unusual Items Excluding Goodwill": 8000000.0,
        "Net Income From Continuing Operation Net Minority Interest": 253000000.0,
        "Reconciled Depreciation": 45000000.0,
        "Reconciled Cost Of Revenue": 950000000.0,
        "EBITDA": 594000000.0,
        "EBIT": 549000000.0,
        "Net Interest Income": -120000000.0,
        "Interest Expense": 120000000.0,
        "Normalized Income": 246680000.0,
        "Net Income From Continuing And Discontinued Operation": 253000000.0,
        "Total Expenses": 1252000000.0,
        "Total Operating Income As Reported": 548000000.0,
        "Diluted Average Shares": 282000000.0,
        "Basic Average Shares": 280000000.0,
        "Diluted EPS": 0.9,
        "Basic EPS": 0.91,
        "Diluted NI Availto Com Stockholders": 253000000.0,
        "Net Income Common Stockholders": 253000000.0,
        "Net Income": 253000000.0,
        "Net Income Including Noncontrolling Interests": 253000000.0,
        "Net Income Continuous Operations": 253000000.0,
        "Tax Provision": 176000000.0,
        "Pretax Income": 429000000.0,
        "Other Income Expense": 13000000.0,
        "Other Non Operating Income Expenses": 5000000.0,
        "Special Income Charges": 4000000.0,
        "Write Off": 1000000.0,
        "Restructuring And Mergern Acquisition": -5000000.0,
        "Gain On Sale Of Security": 4000000.0,
        "Net Non Operating Interest Income Expense": -120000000.0,
        "Interest Expense Non Operating": 120000000.0,
        "Operating Income": 535000000.0,
        "Operating Expense": 302000000.0,
        "Selling General And Administration": 302000000.0,
        "General And Administrative Expense": 302000000.0,
        "Other Gand A": 302000000.0,
        "Salaries And Wages": NaN,
        "Gross Profit": 837000000.0,
        "Cost Of Revenue": 950000000.0,
        "Total Revenue": 1787000000.0,
        "Operating Revenue": 1787000000.0
    },
    "2025-06-30": {
        "Tax Effect Of Unusual Items": 3256513.026052,
        "Tax Rate For Calcs": 0.250501,
        "Normalized EBITDA": 653000000.0,
        "Total Unusual Items": 13000000.0,
        "Total Unusual Items Excluding Goodwill": 13000000.0,
        "Net Income From Continuing Operation Net Minority Interest": 374000000.0,
        "Reconciled Depreciation": 44000000.0,
        "Reconciled Cost Of Revenue": 1027000000.0,
        "EBITDA": 666000000.0,
        "EBIT": 622000000.0,
        "Net Interest Income": -123000000.0,
        "Interest Expense": 123000000.0,
        "Normalized Income": 364256513.026052,
        "Net Income From Continuing And Discontinued Operation": 374000000.0,
        "Total Expenses": 1329000000.0,
        "Total Operating Income As Reported": 622000000.0,
        "Diluted Average Shares": 281000000.0,
        "Basic Average Shares": 279000000.0,
        "Diluted EPS": 1.33,
        "Basic EPS": 1.34,
        "Diluted NI Availto Com Stockholders": 374000000.0,
        "Net Income Common Stockholders": 374000000.0,
        "Net Income": 374000000.0,
        "Net Income Including Noncontrolling Interests": 374000000.0,
        "Net Income Continuous Operations": 374000000.0,
        "Tax Provision": 125000000.0,
        "Pretax Income": 499000000.0,
        "Other Income Expense": 18000000.0,
        "Other Non Operating Income Expenses": 5000000.0,
        "Special Income Charges": 10000000.0,
        "Write Off": 1000000.0,
        "Restructuring And Mergern Acquisition": -11000000.0,
        "Gain On Sale Of Security": 3000000.0,
        "Net Non Operating Interest Income Expense": -123000000.0,
        "Interest Expense Non Operating": 123000000.0,
        "Operating Income": 603000000.0,
        "Operating Expense": 302000000.0,
        "Selling General And Administration": 302000000.0,
        "General And Administrative Expense": 302000000.0,
        "Other Gand A": 302000000.0,
        "Salaries And Wages": NaN,
        "Gross Profit": 905000000.0,
        "Cost Of Revenue": 1027000000.0,
        "Total Revenue": 1932000000.0,
        "Operating Revenue": 1932000000.0
    },
    "2025-09-30": {
        "Tax Effect Of Unusual Items": NaN,
        "Tax Rate For Calcs": NaN,
        "Normalized EBITDA": NaN,
        "Total Unusual Items": NaN,
        "Total Unusual Items Excluding Goodwill": NaN,
        "Net Income From Continuing Operation Net Minority Interest": NaN,
        "Reconciled Depreciation": NaN,
        "Reconciled Cost Of Revenue": NaN,
        "EBITDA": NaN,
        "EBIT": NaN,
        "Net Interest Income": NaN,
        "Interest Expense": NaN,
        "Normalized Income": NaN,
        "Net Income From Continuing And Discontinued Operation": NaN,
        "Total Expenses": NaN,
        "Total Operating Income As Reported": NaN,
        "Diluted Average Shares": 281000000.0,
        "Basic Average Shares": 278000000.0,
        "Diluted EPS": 1.41,
        "Basic EPS": 1.42,
        "Diluted NI Availto Com Stockholders": NaN,
        "Net Income Common Stockholders": NaN,
        "Net Income": NaN,
        "Net Income Including Noncontrolling Interests": NaN,
        "Net Income Continuous Operations": NaN,
        "Tax Provision": NaN,
        "Pretax Income": NaN,
        "Other Income Expense": NaN,
        "Other Non Operating Income Expenses": NaN,
        "Special Income Charges": NaN,
        "Write Off": NaN,
        "Restructuring And Mergern Acquisition": NaN,
        "Gain On Sale Of Security": NaN,
        "Net Non Operating Interest Income Expense": NaN,
        "Interest Expense Non Operating": NaN,
        "Operating Income": NaN,
        "Operating Expense": NaN,
        "Selling General And Administration": NaN,
        "General And Administrative Expense": NaN,
        "Other Gand A": NaN,
        "Salaries And Wages": NaN,
        "Gross Profit": NaN,
        "Cost Of Revenue": NaN,
        "Total Revenue": NaN,
        "Operating Revenue": NaN
    }
}