{
    "2023-06-30": {
        "Tax Effect Of Unusual Items": NaN,
        "Tax Rate For Calcs": NaN,
        "Normalized EBITDA": NaN,
        "Total Unusual Items": NaN,
        "Total Unusual Items Excluding Goodwill": NaN,
        "Net Income From Continuing Operation Net Minority Interest": NaN,
        "Reconciled Depreciation": NaN,
        "Reconciled Cost Of Revenue": NaN,
        "EBITDA": NaN,
        "EBIT": NaN,
        "Net Interest Income": NaN,
        "Interest Income": NaN,
        "Normalized Income": NaN,
        "Net Income From Continuing And Discontinued Operation": NaN,
        "Total Expenses": NaN,
        "Rent Expense Supplemental": NaN,
        "Total Operating Income As Reported": NaN,
        "Diluted Average Shares": NaN,
        "Basic Average Shares": NaN,
        "Diluted EPS": NaN,
        "Basic EPS": NaN,
        "Diluted NI Availto Com Stockholders": NaN,
        "Net Income Common Stockholders": NaN,
        "Net Income": NaN,
        "Minority Interests": NaN,
        "Net Income Including Noncontrolling Interests": NaN,
        "Net Income Continuous Operations": NaN,
        "Earnings From Equity Interest Net Of Tax": NaN,
        "Tax Provision": NaN,
        "Pretax Income": NaN,
        "Other Income Expense": NaN,
        "Other Non Operating Income Expenses": NaN,
        "Special Income Charges": NaN,
        "Gain On Sale Of Business": NaN,
        "Restructuring And Mergern Acquisition": 14000000.0,
        "Gain On Sale Of Security": NaN,
        "Net Non Operating Interest Income Expense": NaN,
        "Interest Income Non Operating": NaN,
        "Operating Income": NaN,
        "Operating Expense": NaN,
        "Other Operating Expenses": NaN,
        "Depreciation Amortization Depletion Income Statement": 0.0,
        "Depreciation And Amortization In Income Statement": 0.0,
        "Amortization": 0.0,
        "Amortization Of Intangibles Income Statement": 0.0,
        "Selling General And Administration": NaN,
        "General And Administrative Expense": NaN,
        "Other Gand A": NaN,
        "Gross Profit": NaN,
        "Cost Of Revenue": NaN,
        "Total Revenue": NaN,
        "Operating Revenue": NaN
    },
    "2023-03-31": {
        "Tax Effect Of Unusual Items": NaN,
        "Tax Rate For Calcs": NaN,
        "Normalized EBITDA": NaN,
        "Total Unusual Items": NaN,
        "Total Unusual Items Excluding Goodwill": NaN,
        "Net Income From Continuing Operation Net Minority Interest": NaN,
        "Reconciled Depreciation": NaN,
        "Reconciled Cost Of Revenue": NaN,
        "EBITDA": NaN,
        "EBIT": NaN,
        "Net Interest Income": NaN,
        "Interest Income": NaN,
        "Normalized Income": NaN,
        "Net Income From Continuing And Discontinued Operation": NaN,
        "Total Expenses": NaN,
        "Rent Expense Supplemental": NaN,
        "Total Operating Income As Reported": NaN,
        "Diluted Average Shares": NaN,
        "Basic Average Shares": NaN,
        "Diluted EPS": NaN,
        "Basic EPS": NaN,
        "Diluted NI Availto Com Stockholders": NaN,
        "Net Income Common Stockholders": NaN,
        "Net Income": NaN,
        "Minority Interests": NaN,
        "Net Income Including Noncontrolling Interests": NaN,
        "Net Income Continuous Operations": NaN,
        "Earnings From Equity Interest Net Of Tax": NaN,
        "Tax Provision": NaN,
        "Pretax Income": NaN,
        "Other Income Expense": NaN,
        "Other Non Operating Income Expenses": -1000000.0,
        "Special Income Charges": NaN,
        "Gain On Sale Of Business": NaN,
        "Restructuring And Mergern Acquisition": 3000000.0,
        "Gain On Sale Of Security": NaN,
        "Net Non Operating Interest Income Expense": NaN,
        "Interest Income Non Operating": NaN,
        "Operating Income": NaN,
        "Operating Expense": NaN,
        "Other Operating Expenses": NaN,
        "Depreciation Amortization Depletion Income Statement": 2000000.0,
        "Depreciation And Amortization In Income Statement": 2000000.0,
        "Amortization": 2000000.0,
        "Amortization Of Intangibles Income Statement": 2000000.0,
        "Selling General And Administration": NaN,
        "General And Administrative Expense": NaN,
        "Other Gand A": NaN,
        "Gross Profit": NaN,
        "Cost Of Revenue": NaN,
        "Total Revenue": NaN,
        "Operating Revenue": NaN
    },
    "2022-12-31": {
        "Tax Effect Of Unusual Items": NaN,
        "Tax Rate For Calcs": NaN,
        "Normalized EBITDA": NaN,
        "Total Unusual Items": NaN,
        "Total Unusual Items Excluding Goodwill": NaN,
        "Net Income From Continuing Operation Net Minority Interest": NaN,
        "Reconciled Depreciation": NaN,
        "Reconciled Cost Of Revenue": NaN,
        "EBITDA": NaN,
        "EBIT": NaN,
        "Net Interest Income": NaN,
        "Interest Income": NaN,
        "Normalized Income": NaN,
        "Net Income From Continuing And Discontinued Operation": NaN,
        "Total Expenses": NaN,
        "Rent Expense Supplemental": NaN,
        "Total Operating Income As Reported": NaN,
        "Diluted Average Shares": NaN,
        "Basic Average Shares": NaN,
        "Diluted EPS": NaN,
        "Basic EPS": NaN,
        "Diluted NI Availto Com Stockholders": NaN,
        "Net Income Common Stockholders": NaN,
        "Net Income": NaN,
        "Minority Interests": NaN,
        "Net Income Including Noncontrolling Interests": NaN,
        "Net Income Continuous Operations": NaN,
        "Earnings From Equity Interest Net Of Tax": NaN,
        "Tax Provision": NaN,
        "Pretax Income": NaN,
        "Other Income Expense": NaN,
        "Other Non Operating Income Expenses": NaN,
        "Special Income Charges": NaN,
        "Gain On Sale Of Business": NaN,
        "Restructuring And Mergern Acquisition": NaN,
        "Earnings From Equity Interest": 0.0,
        "Gain On Sale Of Security": NaN,
        "Net Non Operating Interest Income Expense": NaN,
        "Interest Income Non Operating": NaN,
        "Operating Income": NaN,
        "Operating Expense": NaN,
        "Other Operating Expenses": NaN,
        "Depreciation Amortization Depletion Income Statement": 23000000.0,
        "Depreciation And Amortization In Income Statement": 23000000.0,
        "Amortization": 23000000.0,
        "Amortization Of Intangibles Income Statement": 23000000.0,
        "Selling General And Administration": NaN,
        "General And Administrative Expense": NaN,
        "Other Gand A": NaN,
        "Gross Profit": NaN,
        "Cost Of Revenue": NaN,
        "Total Revenue": NaN,
        "Operating Revenue": NaN
    },
    "2022-09-30": {
        "Tax Effect Of Unusual Items": NaN,
        "Tax Rate For Calcs": NaN,
        "Normalized EBITDA": NaN,
        "Total Unusual Items": NaN,
        "Total Unusual Items Excluding Goodwill": NaN,
        "Net Income From Continuing Operation Net Minority Interest": NaN,
        "Reconciled Depreciation": NaN,
        "Reconciled Cost Of Revenue": NaN,
        "EBITDA": NaN,
        "EBIT": NaN,
        "Net Interest Income": NaN,
        "Interest Income": NaN,
        "Normalized Income": NaN,
        "Net Income From Continuing And Discontinued Operation": NaN,
        "Total Expenses": NaN,
        "Rent Expense Supplemental": NaN,
        "Total Operating Income As Reported": NaN,
        "Diluted Average Shares": NaN,
        "Basic Average Shares": NaN,
        "Diluted EPS": NaN,
        "Basic EPS": NaN,
        "Diluted NI Availto Com Stockholders": NaN,
        "Net Income Common Stockholders": NaN,
        "Net Income": NaN,
        "Minority Interests": NaN,
        "Net Income Including Noncontrolling Interests": NaN,
        "Net Income Continuous Operations": NaN,
        "Earnings From Equity Interest Net Of Tax": NaN,
        "Tax Provision": NaN,
        "Pretax Income": NaN,
        "Other Income Expense": NaN,
        "Other Non Operating Income Expenses": NaN,
        "Special Income Charges": NaN,
        "Restructuring And Mergern Acquisition": NaN,
        "Earnings From Equity Interest": 0.0,
        "Gain On Sale Of Security": NaN,
        "Net Non Operating Interest Income Expense": NaN,
        "Interest Income Non Operating": NaN,
        "Operating Income": NaN,
        "Operating Expense": NaN,
        "Other Operating Expenses": NaN,
        "Depreciation Amortization Depletion Income Statement": NaN,
        "Depreciation And Amortization In Income Statement": NaN,
        "Amortization": NaN,
        "Amortization Of Intangibles Income Statement": NaN,
        "Selling General And Administration": NaN,
        "General And Administrative Expense": NaN,
        "Other Gand A": NaN,
        "Gross Profit": NaN,
        "Cost Of Revenue": NaN,
        "Total Revenue": NaN,
        "Operating Revenue": NaN
    },
    "2022-06-30": {
        "Tax Effect Of Unusual Items": 1590000.0,
        "Tax Rate For Calcs": 0.265,
        "Normalized EBITDA": 266000000.0,
        "Total Unusual Items": 6000000.0,
        "Total Unusual Items Excluding Goodwill": 6000000.0,
        "Net Income From Continuing Operation Net Minority Interest": 83000000.0,
        "Reconciled Depreciation": 153000000.0,
        "Reconciled Cost Of Revenue": 1850000000.0,
        "EBITDA": 272000000.0,
        "EBIT": 119000000.0,
        "Net Interest Income": 14000000.0,
        "Interest Income": 14000000.0,
        "Normalized Income": 78590000.0,
        "Net Income From Continuing And Discontinued Operation": 83000000.0,
        "Total Expenses": 2009000000.0,
        "Rent Expense Supplemental": 605000000.0,
        "Total Operating Income As Reported": 81000000.0,
        "Diluted Average Shares": 424000000.0,
        "Basic Average Shares": 421000000.0,
        "Diluted EPS": 0.2,
        "Basic EPS": 0.2,
        "Diluted NI Availto Com Stockholders": 83000000.0,
        "Net Income Common Stockholders": 83000000.0,
        "Net Income": 83000000.0,
        "Minority Interests": 0.0,
        "Net Income Including Noncontrolling Interests": 83000000.0,
        "Net Income Continuous Operations": 83000000.0,
        "Earnings From Equity Interest Net Of Tax": -1000000.0,
        "Tax Provision": 31000000.0,
        "Pretax Income": 115000000.0,
        "Other Income Expense": -18000000.0,
        "Other Non Operating Income Expenses": -24000000.0,
        "Special Income Charges": -14000000.0,
        "Restructuring And Mergern Acquisition": 14000000.0,
        "Earnings From Equity Interest": 0.0,
        "Gain On Sale Of Security": 20000000.0,
        "Net Non Operating Interest Income Expense": 14000000.0,
        "Interest Income Non Operating": 14000000.0,
        "Operating Income": 119000000.0,
        "Operating Expense": 159000000.0,
        "Other Operating Expenses": 18000000.0,
        "Depreciation Amortization Depletion Income Statement": 24000000.0,
        "Depreciation And Amortization In Income Statement": 24000000.0,
        "Amortization": 24000000.0,
        "Amortization Of Intangibles Income Statement": 24000000.0,
        "Selling General And Administration": 141000000.0,
        "General And Administrative Expense": 141000000.0,
        "Other Gand A": 141000000.0,
        "Gross Profit": 278000000.0,
        "Cost Of Revenue": 1850000000.0,
        "Total Revenue": 2128000000.0,
        "Operating Revenue": 2107000000.0
    },
    "2022-03-31": {
        "Diluted EPS": 0.23,
        "Total Revenue": NaN,
        "Gross Profit": 471,
        "Operating Income": 191,
        "EBIT": 355,
        "Net Income": 100
    },
    "2021-12-31": {
        "Diluted EPS": 1.09,
        "Total Revenue": NaN,
        "Gross Profit": 360,
        "Operating Income": 633,
        "EBIT": 769,
        "Net Income": 475
    },
    "2021-09-30": {
        "Diluted EPS": 0.24,
        "Total Revenue": NaN,
        "Gross Profit": 526,
        "Operating Income": 178,
        "EBIT": 306,
        "Net Income": 104
    },
    "2021-06-30": {
        "Diluted EPS": 0.42,
        "Total Revenue": NaN,
        "Gross Profit": 572,
        "Operating Income": 233,
        "EBIT": 357,
        "Net Income": 181
    },
    "2021-03-31": {
        "Diluted EPS": 0.53,
        "Total Revenue": NaN,
        "Gross Profit": 661,
        "Operating Income": 342,
        "EBIT": 470,
        "Net Income": 230
    },
    "2020-12-31": {
        "Diluted EPS": 0.35,
        "Total Revenue": NaN,
        "Gross Profit": 529,
        "Operating Income": 180,
        "EBIT": 303,
        "Net Income": 151
    },
    "2020-09-30": {
        "Diluted EPS": 1.1,
        "Total Revenue": NaN,
        "Gross Profit": 624,
        "Operating Income": 556,
        "EBIT": 669,
        "Net Income": 439
    },
    "2020-06-30": {
        "Diluted EPS": 0.34,
        "Total Revenue": NaN,
        "Gross Profit": 441,
        "Operating Income": 128,
        "EBIT": 233,
        "Net Income": 132
    },
    "2020-03-31": {
        "Diluted EPS": 0.16,
        "Total Revenue": NaN,
        "Gross Profit": 371,
        "Operating Income": 97,
        "EBIT": 206,
        "Net Income": 62
    },
    "2019-12-31": {
        "Diluted EPS": 0.23,
        "Total Revenue": NaN,
        "Gross Profit": 441,
        "Operating Income": 94,
        "EBIT": 200,
        "Net Income": 90
    },
    "2019-09-30": {
        "Diluted EPS": 0.58,
        "Total Revenue": NaN,
        "Gross Profit": 594,
        "Operating Income": 300,
        "EBIT": 405,
        "Net Income": 223
    },
    "2019-06-30": {
        "Diluted EPS": 0.46,
        "Total Revenue": NaN,
        "Gross Profit": 481,
        "Operating Income": 204,
        "EBIT": 310,
        "Net Income": 178
    },
    "2019-03-31": {
        "Diluted EPS": 0.57,
        "Total Revenue": NaN,
        "Gross Profit": 601,
        "Operating Income": 303,
        "EBIT": 414,
        "Net Income": 222
    },
    "2018-12-31": {
        "Diluted EPS": 0.2,
        "Total Revenue": NaN,
        "Gross Profit": 392,
        "Operating Income": 84,
        "EBIT": 186,
        "Net Income": 74
    },
    "2018-09-30": {
        "Diluted EPS": 0.51,
        "Total Revenue": NaN,
        "Gross Profit": 557,
        "Operating Income": 269,
        "EBIT": 377,
        "Net Income": 203
    },
    "2018-06-30": {
        "Diluted EPS": 0.36,
        "Total Revenue": NaN,
        "Gross Profit": 466,
        "Operating Income": 193,
        "EBIT": 310,
        "Net Income": 143
    },
    "2018-03-31": {
        "Diluted EPS": 0.72,
        "Total Revenue": NaN,
        "Gross Profit": 566,
        "Operating Income": 395,
        "EBIT": 513,
        "Net Income": 288
    },
    "2017-12-31": {
        "Diluted EPS": -0.27,
        "Total Revenue": NaN,
        "Gross Profit": 399,
        "Operating Income": 47,
        "EBIT": 155,
        "Net Income": -107
    },
    "2017-09-30": {
        "Diluted EPS": 0.44,
        "Total Revenue": NaN,
        "Gross Profit": 553,
        "Operating Income": 264,
        "EBIT": 369,
        "Net Income": 176
    },
    "2017-06-30": {
        "Diluted EPS": 0.31,
        "Total Revenue": NaN,
        "Gross Profit": 453,
        "Operating Income": 171,
        "EBIT": 271,
        "Net Income": 125
    },
    "2017-03-31": {
        "Diluted EPS": 0.52,
        "Total Revenue": NaN,
        "Gross Profit": 542,
        "Operating Income": 296,
        "EBIT": 392,
        "Net Income": 204
    },
    "2016-12-31": {
        "Diluted EPS": 0.0,
        "Total Revenue": NaN,
        "Gross Profit": NaN,
        "Operating Income": NaN,
        "EBIT": NaN,
        "Net Income": NaN
    },
    "2016-06-30": {
        "Diluted EPS": 0.21,
        "Total Revenue": NaN,
        "Gross Profit": 226,
        "Operating Income": 87,
        "EBIT": 190,
        "Net Income": 77
    },
    "2016-03-31": {
        "Diluted EPS": 0.4,
        "Total Revenue": NaN,
        "Gross Profit": 271,
        "Operating Income": 209,
        "EBIT": 277,
        "Net Income": 145
    },
    "2015-12-31": {
        "Diluted EPS": 0.0,
        "Total Revenue": NaN,
        "Gross Profit": NaN,
        "Operating Income": NaN,
        "EBIT": NaN,
        "Net Income": NaN
    },
    "2014-12-31": {
        "Diluted EPS": 0.0,
        "Total Revenue": NaN,
        "Gross Profit": NaN,
        "Operating Income": NaN,
        "EBIT": NaN,
        "Net Income": NaN
    },
    "2023-09-30": {
        "Tax Effect Of Unusual Items": NaN,
        "Tax Rate For Calcs": NaN,
        "Normalized EBITDA": NaN,
        "Total Unusual Items": NaN,
        "Total Unusual Items Excluding Goodwill": NaN,
        "Net Income From Continuing Operation Net Minority Interest": NaN,
        "Reconciled Depreciation": NaN,
        "Reconciled Cost Of Revenue": NaN,
        "EBITDA": NaN,
        "EBIT": NaN,
        "Net Interest Income": NaN,
        "Interest Income": NaN,
        "Normalized Income": NaN,
        "Net Income From Continuing And Discontinued Operation": NaN,
        "Total Expenses": NaN,
        "Rent Expense Supplemental": NaN,
        "Total Operating Income As Reported": NaN,
        "Diluted Average Shares": NaN,
        "Basic Average Shares": NaN,
        "Diluted EPS": NaN,
        "Basic EPS": NaN,
        "Diluted NI Availto Com Stockholders": NaN,
        "Net Income Common Stockholders": NaN,
        "Net Income": NaN,
        "Minority Interests": NaN,
        "Net Income Including Noncontrolling Interests": NaN,
        "Net Income Continuous Operations": NaN,
        "Earnings From Equity Interest Net Of Tax": NaN,
        "Tax Provision": NaN,
        "Pretax Income": NaN,
        "Other Income Expense": NaN,
        "Other Non Operating Income Expenses": NaN,
        "Special Income Charges": NaN,
        "Gain On Sale Of Business": NaN,
        "Restructuring And Mergern Acquisition": 0.0,
        "Gain On Sale Of Security": NaN,
        "Net Non Operating Interest Income Expense": NaN,
        "Interest Income Non Operating": NaN,
        "Operating Income": NaN,
        "Operating Expense": NaN,
        "Other Operating Expenses": NaN,
        "Depreciation Amortization Depletion Income Statement": 0.0,
        "Depreciation And Amortization In Income Statement": 0.0,
        "Amortization": 0.0,
        "Amortization Of Intangibles Income Statement": 0.0,
        "Selling General And Administration": NaN,
        "General And Administrative Expense": NaN,
        "Other Gand A": NaN,
        "Gross Profit": NaN,
        "Cost Of Revenue": NaN,
        "Total Revenue": NaN,
        "Operating Revenue": NaN
    },
    "2023-12-31": {
        "Tax Effect Of Unusual Items": NaN,
        "Tax Rate For Calcs": NaN,
        "Normalized EBITDA": NaN,
        "Total Unusual Items": NaN,
        "Total Unusual Items Excluding Goodwill": NaN,
        "Net Income From Continuing Operation Net Minority Interest": NaN,
        "Reconciled Depreciation": NaN,
        "Reconciled Cost Of Revenue": NaN,
        "EBITDA": NaN,
        "EBIT": NaN,
        "Net Interest Income": NaN,
        "Interest Income": NaN,
        "Normalized Income": NaN,
        "Net Income From Continuing And Discontinued Operation": NaN,
        "Total Expenses": NaN,
        "Rent Expense Supplemental": NaN,
        "Total Operating Income As Reported": NaN,
        "Diluted Average Shares": NaN,
        "Basic Average Shares": NaN,
        "Diluted EPS": NaN,
        "Basic EPS": NaN,
        "Diluted NI Availto Com Stockholders": NaN,
        "Net Income Common Stockholders": NaN,
        "Net Income": NaN,
        "Minority Interests": NaN,
        "Net Income Including Noncontrolling Interests": NaN,
        "Net Income Continuous Operations": NaN,
        "Earnings From Equity Interest Net Of Tax": NaN,
        "Tax Provision": NaN,
        "Pretax Income": NaN,
        "Other Income Expense": NaN,
        "Other Non Operating Income Expenses": NaN,
        "Special Income Charges": NaN,
        "Gain On Sale Of Business": NaN,
        "Restructuring And Mergern Acquisition": 12000000.0,
        "Gain On Sale Of Security": NaN,
        "Net Non Operating Interest Income Expense": NaN,
        "Interest Income Non Operating": NaN,
        "Operating Income": NaN,
        "Operating Expense": NaN,
        "Other Operating Expenses": NaN,
        "Depreciation Amortization Depletion Income Statement": 0.0,
        "Depreciation And Amortization In Income Statement": 0.0,
        "Amortization": 0.0,
        "Amortization Of Intangibles Income Statement": 0.0,
        "Selling General And Administration": NaN,
        "General And Administrative Expense": NaN,
        "Other Gand A": NaN,
        "Gross Profit": NaN,
        "Cost Of Revenue": NaN,
        "Total Revenue": NaN,
        "Operating Revenue": NaN
    },
    "2024-03-31": {
        "Tax Effect Of Unusual Items": NaN,
        "Tax Rate For Calcs": NaN,
        "Normalized EBITDA": NaN,
        "Total Unusual Items": NaN,
        "Total Unusual Items Excluding Goodwill": NaN,
        "Net Income From Continuing Operation Net Minority Interest": NaN,
        "Reconciled Depreciation": NaN,
        "Reconciled Cost Of Revenue": NaN,
        "EBITDA": NaN,
        "EBIT": NaN,
        "Net Interest Income": NaN,
        "Interest Income": NaN,
        "Normalized Income": NaN,
        "Net Income From Continuing And Discontinued Operation": NaN,
        "Total Expenses": NaN,
        "Rent Expense Supplemental": NaN,
        "Total Operating Income As Reported": NaN,
        "Diluted Average Shares": NaN,
        "Basic Average Shares": NaN,
        "Diluted EPS": NaN,
        "Basic EPS": NaN,
        "Diluted NI Availto Com Stockholders": NaN,
        "Net Income Common Stockholders": NaN,
        "Net Income": NaN,
        "Minority Interests": NaN,
        "Net Income Including Noncontrolling Interests": NaN,
        "Net Income Continuous Operations": NaN,
        "Earnings From Equity Interest Net Of Tax": NaN,
        "Tax Provision": NaN,
        "Pretax Income": NaN,
        "Other Income Expense": NaN,
        "Other Non Operating Income Expenses": 1000000.0,
        "Special Income Charges": NaN,
        "Gain On Sale Of Business": NaN,
        "Restructuring And Mergern Acquisition": 1000000.0,
        "Gain On Sale Of Security": NaN,
        "Net Non Operating Interest Income Expense": NaN,
        "Interest Income Non Operating": NaN,
        "Operating Income": NaN,
        "Operating Expense": NaN,
        "Other Operating Expenses": NaN,
        "Selling General And Administration": NaN,
        "General And Administrative Expense": NaN,
        "Other Gand A": NaN,
        "Gross Profit": NaN,
        "Cost Of Revenue": NaN,
        "Total Revenue": NaN,
        "Operating Revenue": NaN
    },
    "2024-06-30": {
        "Tax Effect Of Unusual Items": -1262295.081967,
        "Tax Rate For Calcs": 0.252459,
        "Normalized EBITDA": 402000000.0,
        "Total Unusual Items": -5000000.0,
        "Total Unusual Items Excluding Goodwill": -5000000.0,
        "Net Income From Continuing Operation Net Minority Interest": 212000000.0,
        "Reconciled Depreciation": 118000000.0,
        "Reconciled Cost Of Revenue": 2238000000.0,
        "EBITDA": 397000000.0,
        "EBIT": 279000000.0,
        "Net Interest Income": 31000000.0,
        "Interest Income": 31000000.0,
        "Normalized Income": 215737704.918033,
        "Net Income From Continuing And Discontinued Operation": 212000000.0,
        "Total Expenses": 2400000000.0,
        "Rent Expense Supplemental": 674000000.0,
        "Total Operating Income As Reported": 266000000.0,
        "Diluted Average Shares": 391000000.0,
        "Basic Average Shares": 389000000.0,
        "Diluted EPS": 0.55,
        "Basic EPS": 0.55,
        "Diluted NI Availto Com Stockholders": 212000000.0,
        "Net Income Common Stockholders": 212000000.0,
        "Net Income": 212000000.0,
        "Minority Interests": -16000000.0,
        "Net Income Including Noncontrolling Interests": 228000000.0,
        "Net Income Continuous Operations": 228000000.0,
        "Earnings From Equity Interest Net Of Tax": 0.0,
        "Tax Provision": 77000000.0,
        "Pretax Income": 305000000.0,
        "Other Income Expense": -5000000.0,
        "Other Non Operating Income Expenses": NaN,
        "Special Income Charges": -13000000.0,
        "Gain On Sale Of Business": -13000000.0,
        "Restructuring And Mergern Acquisition": NaN,
        "Gain On Sale Of Security": 8000000.0,
        "Net Non Operating Interest Income Expense": 31000000.0,
        "Interest Income Non Operating": 31000000.0,
        "Operating Income": 279000000.0,
        "Operating Expense": 162000000.0,
        "Other Operating Expenses": 29000000.0,
        "Selling General And Administration": 133000000.0,
        "General And Administrative Expense": 133000000.0,
        "Other Gand A": 133000000.0,
        "Gross Profit": 441000000.0,
        "Cost Of Revenue": 2238000000.0,
        "Total Revenue": 2679000000.0,
        "Operating Revenue": 2646000000.0
    },
    "2024-09-30": {
        "Tax Effect Of Unusual Items": 7098000.0,
        "Tax Rate For Calcs": 0.273,
        "Normalized EBITDA": 473000000.0,
        "Total Unusual Items": 26000000.0,
        "Total Unusual Items Excluding Goodwill": 26000000.0,
        "Net Income From Continuing Operation Net Minority Interest": 297000000.0,
        "Reconciled Depreciation": 120000000.0,
        "Reconciled Cost Of Revenue": 2521000000.0,
        "EBITDA": 499000000.0,
        "EBIT": 379000000.0,
        "Net Interest Income": 31000000.0,
        "Interest Income": 31000000.0,
        "Normalized Income": 278098000.0,
        "Net Income From Continuing And Discontinued Operation": 297000000.0,
        "Total Expenses": 2692000000.0,
        "Rent Expense Supplemental": 755000000.0,
        "Total Operating Income As Reported": 371000000.0,
        "Diluted Average Shares": 385000000.0,
        "Basic Average Shares": 384000000.0,
        "Diluted EPS": 0.77,
        "Basic EPS": 0.77,
        "Diluted NI Availto Com Stockholders": 297000000.0,
        "Net Income Common Stockholders": 297000000.0,
        "Net Income": 297000000.0,
        "Minority Interests": -22000000.0,
        "Net Income Including Noncontrolling Interests": 319000000.0,
        "Net Income Continuous Operations": 319000000.0,
        "Earnings From Equity Interest Net Of Tax": 2000000.0,
        "Tax Provision": 119000000.0,
        "Pretax Income": 436000000.0,
        "Other Income Expense": 26000000.0,
        "Other Non Operating Income Expenses": NaN,
        "Special Income Charges": -8000000.0,
        "Gain On Sale Of Business": -8000000.0,
        "Restructuring And Mergern Acquisition": NaN,
        "Gain On Sale Of Security": 34000000.0,
        "Net Non Operating Interest Income Expense": 31000000.0,
        "Interest Income Non Operating": 31000000.0,
        "Operating Income": 379000000.0,
        "Operating Expense": 171000000.0,
        "Other Operating Expenses": 32000000.0,
        "Selling General And Administration": 139000000.0,
        "General And Administrative Expense": 139000000.0,
        "Other Gand A": 139000000.0,
        "Gross Profit": 550000000.0,
        "Cost Of Revenue": 2521000000.0,
        "Total Revenue": 3071000000.0,
        "Operating Revenue": 3036000000.0
    },
    "2024-12-31": {
        "Tax Effect Of Unusual Items": -7464705.882353,
        "Tax Rate For Calcs": 0.276471,
        "Normalized EBITDA": 316000000.0,
        "Total Unusual Items": -27000000.0,
        "Total Unusual Items Excluding Goodwill": -27000000.0,
        "Net Income From Continuing Operation Net Minority Interest": 115000000.0,
        "Reconciled Depreciation": 121000000.0,
        "Reconciled Cost Of Revenue": 2239000000.0,
        "EBITDA": 289000000.0,
        "EBIT": 168000000.0,
        "Net Interest Income": 29000000.0,
        "Interest Income": 29000000.0,
        "Normalized Income": 134535294.117647,
        "Net Income From Continuing And Discontinued Operation": 115000000.0,
        "Total Expenses": 2427000000.0,
        "Rent Expense Supplemental": 672000000.0,
        "Total Operating Income As Reported": 151000000.0,
        "Diluted Average Shares": 382000000.0,
        "Basic Average Shares": 379000000.0,
        "Diluted EPS": 0.3,
        "Basic EPS": 0.3,
        "Diluted NI Availto Com Stockholders": 115000000.0,
        "Net Income Common Stockholders": 115000000.0,
        "Net Income": 115000000.0,
        "Minority Interests": -11000000.0,
        "Net Income Including Noncontrolling Interests": 126000000.0,
        "Net Income Continuous Operations": 126000000.0,
        "Earnings From Equity Interest Net Of Tax": 3000000.0,
        "Tax Provision": 47000000.0,
        "Pretax Income": 170000000.0,
        "Other Income Expense": -27000000.0,
        "Other Non Operating Income Expenses": 0.0,
        "Special Income Charges": -17000000.0,
        "Gain On Sale Of Business": -17000000.0,
        "Restructuring And Mergern Acquisition": NaN,
        "Gain On Sale Of Security": -10000000.0,
        "Net Non Operating Interest Income Expense": 29000000.0,
        "Interest Income Non Operating": 29000000.0,
        "Operating Income": 168000000.0,
        "Operating Expense": 188000000.0,
        "Other Operating Expenses": 32000000.0,
        "Selling General And Administration": 156000000.0,
        "General And Administrative Expense": 156000000.0,
        "Other Gand A": 156000000.0,
        "Gross Profit": 356000000.0,
        "Cost Of Revenue": 2239000000.0,
        "Total Revenue": 2595000000.0,
        "Operating Revenue": 2557000000.0
    },
    "2025-03-31": {
        "Tax Effect Of Unusual Items": -834000.0,
        "Tax Rate For Calcs": 0.278,
        "Normalized EBITDA": 517000000.0,
        "Total Unusual Items": -3000000.0,
        "Total Unusual Items Excluding Goodwill": -3000000.0,
        "Net Income From Continuing Operation Net Minority Interest": 292000000.0,
        "Reconciled Depreciation": 109000000.0,
        "Reconciled Cost Of Revenue": 2409000000.0,
        "EBITDA": 514000000.0,
        "EBIT": 405000000.0,
        "Net Interest Income": 26000000.0,
        "Interest Income": 26000000.0,
        "Normalized Income": 294166000.0,
        "Net Income From Continuing And Discontinued Operation": 292000000.0,
        "Total Expenses": 2576000000.0,
        "Rent Expense Supplemental": 688000000.0,
        "Total Operating Income As Reported": 399000000.0,
        "Diluted Average Shares": 378000000.0,
        "Basic Average Shares": 376000000.0,
        "Diluted EPS": 0.77,
        "Basic EPS": 0.78,
        "Diluted NI Availto Com Stockholders": 292000000.0,
        "Net Income Common Stockholders": 292000000.0,
        "Net Income": 292000000.0,
        "Minority Interests": -21000000.0,
        "Net Income Including Noncontrolling Interests": 313000000.0,
        "Net Income Continuous Operations": 313000000.0,
        "Earnings From Equity Interest Net Of Tax": 4000000.0,
        "Tax Provision": 119000000.0,
        "Pretax Income": 428000000.0,
        "Other Income Expense": -3000000.0,
        "Other Non Operating Income Expenses": NaN,
        "Special Income Charges": -6000000.0,
        "Gain On Sale Of Business": -6000000.0,
        "Restructuring And Mergern Acquisition": NaN,
        "Gain On Sale Of Security": 3000000.0,
        "Net Non Operating Interest Income Expense": 26000000.0,
        "Interest Income Non Operating": 26000000.0,
        "Operating Income": 405000000.0,
        "Operating Expense": 167000000.0,
        "Other Operating Expenses": 29000000.0,
        "Selling General And Administration": 138000000.0,
        "General And Administrative Expense": 138000000.0,
        "Other Gand A": 138000000.0,
        "Gross Profit": 572000000.0,
        "Cost Of Revenue": 2409000000.0,
        "Total Revenue": 2981000000.0,
        "Operating Revenue": 2949000000.0
    },
    "2025-06-30": {
        "Tax Effect Of Unusual Items": -7717041.800643,
        "Tax Rate For Calcs": 0.257235,
        "Normalized EBITDA": 455000000.0,
        "Total Unusual Items": -30000000.0,
        "Total Unusual Items Excluding Goodwill": -30000000.0,
        "Net Income From Continuing Operation Net Minority Interest": 215000000.0,
        "Reconciled Depreciation": 110000000.0,
        "Reconciled Cost Of Revenue": 2311000000.0,
        "EBITDA": 425000000.0,
        "EBIT": 315000000.0,
        "Net Interest Income": 25000000.0,
        "Interest Income": 25000000.0,
        "Normalized Income": 237282958.199357,
        "Net Income From Continuing And Discontinued Operation": 215000000.0,
        "Total Expenses": 2472000000.0,
        "Rent Expense Supplemental": 669000000.0,
        "Total Operating Income As Reported": 304000000.0,
        "Diluted Average Shares": 374000000.0,
        "Basic Average Shares": 373000000.0,
        "Diluted EPS": 0.58,
        "Basic EPS": 0.58,
        "Diluted NI Availto Com Stockholders": 215000000.0,
        "Net Income Common Stockholders": 215000000.0,
        "Net Income": 215000000.0,
        "Minority Interests": -18000000.0,
        "Net Income Including Noncontrolling Interests": 233000000.0,
        "Net Income Continuous Operations": 233000000.0,
        "Earnings From Equity Interest Net Of Tax": 2000000.0,
        "Tax Provision": 80000000.0,
        "Pretax Income": 311000000.0,
        "Other Income Expense": -29000000.0,
        "Other Non Operating Income Expenses": 1000000.0,
        "Special Income Charges": -12000000.0,
        "Gain On Sale Of Business": -12000000.0,
        "Restructuring And Mergern Acquisition": NaN,
        "Gain On Sale Of Security": -18000000.0,
        "Net Non Operating Interest Income Expense": 25000000.0,
        "Interest Income Non Operating": 25000000.0,
        "Operating Income": 315000000.0,
        "Operating Expense": 161000000.0,
        "Other Operating Expenses": 30000000.0,
        "Selling General And Administration": 131000000.0,
        "General And Administrative Expense": 131000000.0,
        "Other Gand A": 131000000.0,
        "Gross Profit": 476000000.0,
        "Cost Of Revenue": 2311000000.0,
        "Total Revenue": 2787000000.0,
        "Operating Revenue": 2752000000.0
    }
}