{
    "2023-03-31": {
        "Tax Effect Of Unusual Items": NaN,
        "Tax Rate For Calcs": NaN,
        "Normalized EBITDA": NaN,
        "Total Unusual Items": NaN,
        "Total Unusual Items Excluding Goodwill": NaN,
        "Net Income From Continuing Operation Net Minority Interest": NaN,
        "Reconciled Depreciation": NaN,
        "Reconciled Cost Of Revenue": NaN,
        "EBITDA": NaN,
        "EBIT": NaN,
        "Net Interest Income": NaN,
        "Interest Expense": NaN,
        "Normalized Income": NaN,
        "Net Income From Continuing And Discontinued Operation": NaN,
        "Total Expenses": NaN,
        "Total Operating Income As Reported": NaN,
        "Diluted Average Shares": NaN,
        "Basic Average Shares": NaN,
        "Diluted EPS": NaN,
        "Basic EPS": NaN,
        "Diluted NI Availto Com Stockholders": NaN,
        "Net Income Common Stockholders": NaN,
        "Net Income": NaN,
        "Net Income Including Noncontrolling Interests": NaN,
        "Net Income Discontinuous Operations": 0.0,
        "Net Income Continuous Operations": NaN,
        "Tax Provision": NaN,
        "Pretax Income": NaN,
        "Other Income Expense": NaN,
        "Other Non Operating Income Expenses": NaN,
        "Special Income Charges": NaN,
        "Other Special Charges": NaN,
        "Write Off": NaN,
        "Restructuring And Mergern Acquisition": NaN,
        "Net Non Operating Interest Income Expense": NaN,
        "Interest Expense Non Operating": NaN,
        "Operating Income": NaN,
        "Operating Expense": NaN,
        "Research And Development": NaN,
        "Selling General And Administration": NaN,
        "Selling And Marketing Expense": NaN,
        "General And Administrative Expense": NaN,
        "Other Gand A": NaN,
        "Gross Profit": NaN,
        "Cost Of Revenue": NaN,
        "Total Revenue": NaN,
        "Operating Revenue": NaN
    },
    "2022-12-31": {
        "Tax Effect Of Unusual Items": NaN,
        "Tax Rate For Calcs": NaN,
        "Normalized EBITDA": NaN,
        "Total Unusual Items": NaN,
        "Total Unusual Items Excluding Goodwill": NaN,
        "Net Income From Continuing Operation Net Minority Interest": NaN,
        "Reconciled Depreciation": NaN,
        "Reconciled Cost Of Revenue": NaN,
        "EBITDA": NaN,
        "EBIT": NaN,
        "Net Interest Income": NaN,
        "Interest Expense": NaN,
        "Normalized Income": NaN,
        "Net Income From Continuing And Discontinued Operation": NaN,
        "Total Expenses": NaN,
        "Total Operating Income As Reported": NaN,
        "Diluted Average Shares": NaN,
        "Basic Average Shares": NaN,
        "Diluted EPS": NaN,
        "Basic EPS": NaN,
        "Diluted NI Availto Com Stockholders": NaN,
        "Net Income Common Stockholders": NaN,
        "Net Income": NaN,
        "Net Income Including Noncontrolling Interests": NaN,
        "Net Income Discontinuous Operations": 0.0,
        "Net Income Continuous Operations": NaN,
        "Tax Provision": NaN,
        "Pretax Income": NaN,
        "Other Income Expense": NaN,
        "Other Non Operating Income Expenses": NaN,
        "Special Income Charges": NaN,
        "Other Special Charges": NaN,
        "Write Off": NaN,
        "Restructuring And Mergern Acquisition": -14000000.0,
        "Net Non Operating Interest Income Expense": NaN,
        "Interest Expense Non Operating": NaN,
        "Operating Income": NaN,
        "Operating Expense": NaN,
        "Research And Development": NaN,
        "Selling General And Administration": NaN,
        "Selling And Marketing Expense": NaN,
        "General And Administrative Expense": NaN,
        "Other Gand A": NaN,
        "Gross Profit": NaN,
        "Cost Of Revenue": NaN,
        "Total Revenue": NaN,
        "Operating Revenue": NaN
    },
    "2022-09-30": {
        "Tax Effect Of Unusual Items": NaN,
        "Tax Rate For Calcs": NaN,
        "Normalized EBITDA": NaN,
        "Total Unusual Items": NaN,
        "Total Unusual Items Excluding Goodwill": NaN,
        "Net Income From Continuing Operation Net Minority Interest": NaN,
        "Reconciled Depreciation": NaN,
        "Reconciled Cost Of Revenue": NaN,
        "EBITDA": NaN,
        "EBIT": NaN,
        "Net Interest Income": NaN,
        "Interest Expense": NaN,
        "Normalized Income": NaN,
        "Net Income From Continuing And Discontinued Operation": NaN,
        "Total Expenses": NaN,
        "Total Operating Income As Reported": NaN,
        "Diluted Average Shares": NaN,
        "Basic Average Shares": NaN,
        "Diluted EPS": NaN,
        "Basic EPS": NaN,
        "Diluted NI Availto Com Stockholders": NaN,
        "Net Income Common Stockholders": NaN,
        "Net Income": NaN,
        "Net Income Including Noncontrolling Interests": NaN,
        "Net Income Discontinuous Operations": NaN,
        "Net Income Continuous Operations": NaN,
        "Tax Provision": NaN,
        "Pretax Income": NaN,
        "Other Income Expense": NaN,
        "Other Non Operating Income Expenses": NaN,
        "Special Income Charges": NaN,
        "Write Off": 0.0,
        "Restructuring And Mergern Acquisition": 0.0,
        "Net Non Operating Interest Income Expense": NaN,
        "Interest Expense Non Operating": NaN,
        "Operating Income": NaN,
        "Operating Expense": NaN,
        "Research And Development": NaN,
        "Selling General And Administration": NaN,
        "Selling And Marketing Expense": NaN,
        "General And Administrative Expense": NaN,
        "Other Gand A": NaN,
        "Gross Profit": NaN,
        "Cost Of Revenue": NaN,
        "Total Revenue": NaN,
        "Operating Revenue": NaN
    },
    "2022-06-30": {
        "Tax Effect Of Unusual Items": -3200000.0,
        "Tax Rate For Calcs": 0.4,
        "Normalized EBITDA": 80000000.0,
        "Total Unusual Items": -8000000.0,
        "Total Unusual Items Excluding Goodwill": -8000000.0,
        "Net Income From Continuing Operation Net Minority Interest": 8000000.0,
        "Reconciled Depreciation": 49000000.0,
        "Reconciled Cost Of Revenue": 566000000.0,
        "EBITDA": 72000000.0,
        "EBIT": 23000000.0,
        "Net Interest Income": -9000000.0,
        "Interest Expense": 9000000.0,
        "Normalized Income": 12800000.0,
        "Net Income From Continuing And Discontinued Operation": 8000000.0,
        "Total Expenses": 990000000.0,
        "Total Operating Income As Reported": 18000000.0,
        "Diluted Average Shares": 245163000.0,
        "Basic Average Shares": 243942000.0,
        "Diluted EPS": 0.03,
        "Basic EPS": 0.03,
        "Diluted NI Availto Com Stockholders": 8000000.0,
        "Net Income Common Stockholders": 8000000.0,
        "Net Income": 8000000.0,
        "Net Income Including Noncontrolling Interests": 8000000.0,
        "Net Income Discontinuous Operations": NaN,
        "Net Income Continuous Operations": 8000000.0,
        "Tax Provision": 6000000.0,
        "Pretax Income": 14000000.0,
        "Other Income Expense": 4000000.0,
        "Other Non Operating Income Expenses": 12000000.0,
        "Special Income Charges": -8000000.0,
        "Other Special Charges": 7000000.0,
        "Write Off": NaN,
        "Restructuring And Mergern Acquisition": 1000000.0,
        "Net Non Operating Interest Income Expense": -9000000.0,
        "Interest Expense Non Operating": 9000000.0,
        "Operating Income": 19000000.0,
        "Operating Expense": 424000000.0,
        "Research And Development": 119000000.0,
        "Selling General And Administration": 305000000.0,
        "Selling And Marketing Expense": 182000000.0,
        "General And Administrative Expense": 123000000.0,
        "Other Gand A": 123000000.0,
        "Salaries And Wages": NaN,
        "Gross Profit": 443000000.0,
        "Cost Of Revenue": 566000000.0,
        "Total Revenue": 1009000000.0,
        "Operating Revenue": 1009000000.0
    },
    "2023-06-30": {
        "Tax Effect Of Unusual Items": NaN,
        "Tax Rate For Calcs": NaN,
        "Normalized EBITDA": NaN,
        "Total Unusual Items": NaN,
        "Total Unusual Items Excluding Goodwill": NaN,
        "Net Income From Continuing Operation Net Minority Interest": NaN,
        "Reconciled Depreciation": NaN,
        "Reconciled Cost Of Revenue": NaN,
        "EBITDA": NaN,
        "EBIT": NaN,
        "Net Interest Income": NaN,
        "Interest Expense": NaN,
        "Normalized Income": NaN,
        "Net Income From Continuing And Discontinued Operation": NaN,
        "Total Expenses": NaN,
        "Total Operating Income As Reported": NaN,
        "Diluted Average Shares": NaN,
        "Basic Average Shares": NaN,
        "Diluted EPS": NaN,
        "Basic EPS": NaN,
        "Diluted NI Availto Com Stockholders": NaN,
        "Net Income Common Stockholders": NaN,
        "Net Income": NaN,
        "Net Income Including Noncontrolling Interests": NaN,
        "Net Income Discontinuous Operations": 0.0,
        "Net Income Continuous Operations": NaN,
        "Tax Provision": NaN,
        "Pretax Income": NaN,
        "Other Income Expense": NaN,
        "Other Non Operating Income Expenses": NaN,
        "Special Income Charges": NaN,
        "Other Special Charges": NaN,
        "Write Off": NaN,
        "Restructuring And Mergern Acquisition": NaN,
        "Net Non Operating Interest Income Expense": NaN,
        "Interest Expense Non Operating": NaN,
        "Operating Income": NaN,
        "Operating Expense": NaN,
        "Research And Development": NaN,
        "Selling General And Administration": NaN,
        "Selling And Marketing Expense": NaN,
        "General And Administrative Expense": NaN,
        "Other Gand A": NaN,
        "Gross Profit": NaN,
        "Cost Of Revenue": NaN,
        "Total Revenue": NaN,
        "Operating Revenue": NaN
    },
    "2023-09-30": {
        "Tax Effect Of Unusual Items": NaN,
        "Tax Rate For Calcs": NaN,
        "Normalized EBITDA": NaN,
        "Total Unusual Items": NaN,
        "Total Unusual Items Excluding Goodwill": NaN,
        "Net Income From Continuing Operation Net Minority Interest": NaN,
        "Reconciled Depreciation": NaN,
        "Reconciled Cost Of Revenue": NaN,
        "EBITDA": NaN,
        "EBIT": NaN,
        "Net Interest Income": NaN,
        "Interest Expense": NaN,
        "Normalized Income": NaN,
        "Net Income From Continuing And Discontinued Operation": NaN,
        "Total Expenses": NaN,
        "Total Operating Income As Reported": NaN,
        "Diluted Average Shares": NaN,
        "Basic Average Shares": NaN,
        "Diluted EPS": NaN,
        "Basic EPS": NaN,
        "Diluted NI Availto Com Stockholders": NaN,
        "Net Income Common Stockholders": NaN,
        "Net Income": NaN,
        "Net Income Including Noncontrolling Interests": NaN,
        "Net Income Discontinuous Operations": 0.0,
        "Net Income Continuous Operations": NaN,
        "Tax Provision": NaN,
        "Pretax Income": NaN,
        "Other Income Expense": NaN,
        "Other Non Operating Income Expenses": NaN,
        "Special Income Charges": NaN,
        "Other Special Charges": NaN,
        "Write Off": NaN,
        "Restructuring And Mergern Acquisition": 1000000.0,
        "Net Non Operating Interest Income Expense": NaN,
        "Interest Expense Non Operating": NaN,
        "Operating Income": NaN,
        "Operating Expense": NaN,
        "Research And Development": NaN,
        "Selling General And Administration": NaN,
        "Selling And Marketing Expense": NaN,
        "General And Administrative Expense": NaN,
        "Other Gand A": NaN,
        "Gross Profit": NaN,
        "Cost Of Revenue": NaN,
        "Total Revenue": NaN,
        "Operating Revenue": NaN
    },
    "2023-12-31": {
        "Tax Effect Of Unusual Items": NaN,
        "Tax Rate For Calcs": NaN,
        "Normalized EBITDA": NaN,
        "Total Unusual Items": NaN,
        "Total Unusual Items Excluding Goodwill": NaN,
        "Net Income From Continuing Operation Net Minority Interest": NaN,
        "Reconciled Depreciation": NaN,
        "Reconciled Cost Of Revenue": NaN,
        "EBITDA": NaN,
        "EBIT": NaN,
        "Net Interest Income": NaN,
        "Interest Expense": NaN,
        "Normalized Income": NaN,
        "Net Income From Continuing And Discontinued Operation": NaN,
        "Total Expenses": NaN,
        "Total Operating Income As Reported": NaN,
        "Diluted Average Shares": NaN,
        "Basic Average Shares": NaN,
        "Diluted EPS": NaN,
        "Basic EPS": NaN,
        "Diluted NI Availto Com Stockholders": NaN,
        "Net Income Common Stockholders": NaN,
        "Net Income": NaN,
        "Net Income Including Noncontrolling Interests": NaN,
        "Net Income Discontinuous Operations": 0.0,
        "Net Income Continuous Operations": NaN,
        "Tax Provision": NaN,
        "Pretax Income": NaN,
        "Other Income Expense": NaN,
        "Other Non Operating Income Expenses": NaN,
        "Special Income Charges": NaN,
        "Other Special Charges": NaN,
        "Write Off": NaN,
        "Restructuring And Mergern Acquisition": 2000000.0,
        "Net Non Operating Interest Income Expense": NaN,
        "Interest Expense Non Operating": NaN,
        "Operating Income": NaN,
        "Operating Expense": NaN,
        "Research And Development": NaN,
        "Selling General And Administration": NaN,
        "Selling And Marketing Expense": NaN,
        "General And Administrative Expense": NaN,
        "Other Gand A": NaN,
        "Gross Profit": NaN,
        "Cost Of Revenue": NaN,
        "Total Revenue": NaN,
        "Operating Revenue": NaN
    },
    "2024-03-31": {
        "Tax Effect Of Unusual Items": -1260000.0,
        "Tax Rate For Calcs": 0.21,
        "Normalized EBITDA": 53000000.0,
        "Total Unusual Items": -6000000.0,
        "Total Unusual Items Excluding Goodwill": -6000000.0,
        "Net Income From Continuing Operation Net Minority Interest": -23000000.0,
        "Reconciled Depreciation": 59000000.0,
        "Reconciled Cost Of Revenue": 123000000.0,
        "EBITDA": 47000000.0,
        "EBIT": -12000000.0,
        "Net Interest Income": -9000000.0,
        "Interest Expense": 9000000.0,
        "Normalized Income": -18260000.0,
        "Net Income From Continuing And Discontinued Operation": -23000000.0,
        "Total Expenses": 568000000.0,
        "Total Operating Income As Reported": -45000000.0,
        "Diluted Average Shares": 234695000.0,
        "Basic Average Shares": 234695000.0,
        "Diluted EPS": -0.1,
        "Basic EPS": -0.1,
        "Diluted NI Availto Com Stockholders": -23000000.0,
        "Net Income Common Stockholders": -23000000.0,
        "Net Income": -23000000.0,
        "Net Income Including Noncontrolling Interests": -23000000.0,
        "Net Income Discontinuous Operations": NaN,
        "Net Income Continuous Operations": -23000000.0,
        "Tax Provision": 2000000.0,
        "Pretax Income": -21000000.0,
        "Other Income Expense": 27000000.0,
        "Other Non Operating Income Expenses": 33000000.0,
        "Special Income Charges": -6000000.0,
        "Other Special Charges": NaN,
        "Write Off": 6000000.0,
        "Restructuring And Mergern Acquisition": NaN,
        "Net Non Operating Interest Income Expense": -9000000.0,
        "Interest Expense Non Operating": 9000000.0,
        "Operating Income": -39000000.0,
        "Operating Expense": 445000000.0,
        "Research And Development": 147000000.0,
        "Selling General And Administration": 298000000.0,
        "Selling And Marketing Expense": 166000000.0,
        "General And Administrative Expense": 132000000.0,
        "Other Gand A": 132000000.0,
        "Gross Profit": 406000000.0,
        "Cost Of Revenue": 123000000.0,
        "Total Revenue": 529000000.0,
        "Operating Revenue": 521000000.0
    },
    "2024-06-30": {
        "Tax Effect Of Unusual Items": -210000.0,
        "Tax Rate For Calcs": 0.21,
        "Normalized EBITDA": 58000000.0,
        "Total Unusual Items": -1000000.0,
        "Total Unusual Items Excluding Goodwill": -1000000.0,
        "Net Income From Continuing Operation Net Minority Interest": -17000000.0,
        "Reconciled Depreciation": 62000000.0,
        "Reconciled Cost Of Revenue": 130000000.0,
        "EBITDA": 57000000.0,
        "EBIT": -5000000.0,
        "Net Interest Income": -10000000.0,
        "Interest Expense": 10000000.0,
        "Normalized Income": -16210000.0,
        "Net Income From Continuing And Discontinued Operation": -17000000.0,
        "Total Expenses": 610000000.0,
        "Total Operating Income As Reported": -38000000.0,
        "Diluted Average Shares": 233453000.0,
        "Basic Average Shares": 233453000.0,
        "Diluted EPS": -0.07,
        "Basic EPS": -0.07,
        "Diluted NI Availto Com Stockholders": -17000000.0,
        "Net Income Common Stockholders": -17000000.0,
        "Net Income": -17000000.0,
        "Net Income Including Noncontrolling Interests": -17000000.0,
        "Net Income Continuous Operations": -17000000.0,
        "Tax Provision": 2000000.0,
        "Pretax Income": -15000000.0,
        "Other Income Expense": 33000000.0,
        "Other Non Operating Income Expenses": 34000000.0,
        "Special Income Charges": -1000000.0,
        "Other Special Charges": 1000000.0,
        "Write Off": 0.0,
        "Restructuring And Mergern Acquisition": 0.0,
        "Net Non Operating Interest Income Expense": -10000000.0,
        "Interest Expense Non Operating": 10000000.0,
        "Operating Income": -38000000.0,
        "Operating Expense": 480000000.0,
        "Research And Development": 144000000.0,
        "Selling General And Administration": 336000000.0,
        "Selling And Marketing Expense": 205000000.0,
        "General And Administrative Expense": 131000000.0,
        "Other Gand A": 131000000.0,
        "Gross Profit": 442000000.0,
        "Cost Of Revenue": 130000000.0,
        "Total Revenue": 572000000.0,
        "Operating Revenue": 560000000.0
    },
    "2024-09-30": {
        "Tax Effect Of Unusual Items": 0.0,
        "Tax Rate For Calcs": 0.0,
        "Normalized EBITDA": 55000000.0,
        "Total Unusual Items": -1000000.0,
        "Total Unusual Items Excluding Goodwill": -1000000.0,
        "Net Income From Continuing Operation Net Minority Interest": -20000000.0,
        "Reconciled Depreciation": 65000000.0,
        "Reconciled Cost Of Revenue": 140000000.0,
        "EBITDA": 54000000.0,
        "EBIT": -11000000.0,
        "Net Interest Income": -9000000.0,
        "Interest Expense": 9000000.0,
        "Normalized Income": -19000000.0,
        "Net Income From Continuing And Discontinued Operation": -20000000.0,
        "Total Expenses": 625000000.0,
        "Total Operating Income As Reported": -45000000.0,
        "Diluted Average Shares": 232521000.0,
        "Basic Average Shares": 232521000.0,
        "Diluted EPS": -0.08,
        "Basic EPS": -0.08,
        "Diluted NI Availto Com Stockholders": -20000000.0,
        "Net Income Common Stockholders": -20000000.0,
        "Net Income": -20000000.0,
        "Net Income Including Noncontrolling Interests": -20000000.0,
        "Net Income Continuous Operations": -20000000.0,
        "Tax Provision": 0.0,
        "Pretax Income": -20000000.0,
        "Other Income Expense": 33000000.0,
        "Other Non Operating Income Expenses": 34000000.0,
        "Special Income Charges": -1000000.0,
        "Other Special Charges": NaN,
        "Write Off": 0.0,
        "Restructuring And Mergern Acquisition": 1000000.0,
        "Net Non Operating Interest Income Expense": -9000000.0,
        "Interest Expense Non Operating": 9000000.0,
        "Operating Income": -44000000.0,
        "Operating Expense": 485000000.0,
        "Research And Development": 145000000.0,
        "Selling General And Administration": 340000000.0,
        "Selling And Marketing Expense": 217000000.0,
        "General And Administrative Expense": 123000000.0,
        "Other Gand A": 123000000.0,
        "Gross Profit": 441000000.0,
        "Cost Of Revenue": 140000000.0,
        "Total Revenue": 581000000.0,
        "Operating Revenue": 567000000.0
    },
    "2024-12-31": {
        "Tax Effect Of Unusual Items": 0.0,
        "Tax Rate For Calcs": 0.21,
        "Normalized EBITDA": 21000000.0,
        "Total Unusual Items": 0.0,
        "Total Unusual Items Excluding Goodwill": 0.0,
        "Net Income From Continuing Operation Net Minority Interest": -52000000.0,
        "Reconciled Depreciation": 64000000.0,
        "Reconciled Cost Of Revenue": 134000000.0,
        "EBITDA": 21000000.0,
        "EBIT": -43000000.0,
        "Net Interest Income": -8000000.0,
        "Interest Expense": 8000000.0,
        "Normalized Income": -52000000.0,
        "Net Income From Continuing And Discontinued Operation": -52000000.0,
        "Total Expenses": 623000000.0,
        "Total Operating Income As Reported": -69000000.0,
        "Diluted Average Shares": 236329000.0,
        "Basic Average Shares": 236329000.0,
        "Diluted EPS": -0.22,
        "Basic EPS": -0.22,
        "Diluted NI Availto Com Stockholders": -52000000.0,
        "Net Income Common Stockholders": -52000000.0,
        "Net Income": -52000000.0,
        "Net Income Including Noncontrolling Interests": -52000000.0,
        "Net Income Continuous Operations": -52000000.0,
        "Tax Provision": 1000000.0,
        "Pretax Income": -51000000.0,
        "Other Income Expense": 26000000.0,
        "Other Non Operating Income Expenses": 26000000.0,
        "Special Income Charges": 0.0,
        "Other Special Charges": 0.0,
        "Write Off": 0.0,
        "Restructuring And Mergern Acquisition": 0.0,
        "Net Non Operating Interest Income Expense": -8000000.0,
        "Interest Expense Non Operating": 8000000.0,
        "Operating Income": -69000000.0,
        "Operating Expense": 489000000.0,
        "Research And Development": 149000000.0,
        "Selling General And Administration": 340000000.0,
        "Selling And Marketing Expense": 202000000.0,
        "General And Administrative Expense": 138000000.0,
        "Other Gand A": 138000000.0,
        "Gross Profit": 420000000.0,
        "Cost Of Revenue": 134000000.0,
        "Total Revenue": 554000000.0,
        "Operating Revenue": 544000000.0
    },
    "2025-03-31": {
        "Tax Effect Of Unusual Items": 0.0,
        "Tax Rate For Calcs": 0.0,
        "Normalized EBITDA": 80000000.0,
        "Total Unusual Items": 0.0,
        "Total Unusual Items Excluding Goodwill": 0.0,
        "Net Income From Continuing Operation Net Minority Interest": 8000000.0,
        "Reconciled Depreciation": 67000000.0,
        "Reconciled Cost Of Revenue": 139000000.0,
        "EBITDA": 80000000.0,
        "EBIT": 13000000.0,
        "Net Interest Income": -5000000.0,
        "Interest Expense": 5000000.0,
        "Normalized Income": 8000000.0,
        "Net Income From Continuing And Discontinued Operation": 8000000.0,
        "Total Expenses": 607000000.0,
        "Total Operating Income As Reported": -9000000.0,
        "Diluted Average Shares": 256192000.0,
        "Basic Average Shares": 242256000.0,
        "Diluted EPS": 0.03,
        "Basic EPS": 0.03,
        "Diluted NI Availto Com Stockholders": 8000000.0,
        "Net Income Common Stockholders": 8000000.0,
        "Net Income": 8000000.0,
        "Net Income Including Noncontrolling Interests": 8000000.0,
        "Net Income Continuous Operations": 8000000.0,
        "Tax Provision": 0.0,
        "Pretax Income": 8000000.0,
        "Other Income Expense": 22000000.0,
        "Other Non Operating Income Expenses": 22000000.0,
        "Special Income Charges": 0.0,
        "Other Special Charges": NaN,
        "Write Off": 0.0,
        "Restructuring And Mergern Acquisition": NaN,
        "Net Non Operating Interest Income Expense": -5000000.0,
        "Interest Expense Non Operating": 5000000.0,
        "Operating Income": -9000000.0,
        "Operating Expense": 468000000.0,
        "Research And Development": 149000000.0,
        "Selling General And Administration": 319000000.0,
        "Selling And Marketing Expense": 198000000.0,
        "General And Administrative Expense": 121000000.0,
        "Other Gand A": 121000000.0,
        "Gross Profit": 459000000.0,
        "Cost Of Revenue": 139000000.0,
        "Total Revenue": 598000000.0,
        "Operating Revenue": 587000000.0
    },
    "2025-06-30": {
        "Tax Effect Of Unusual Items": 0.0,
        "Tax Rate For Calcs": 0.0,
        "Normalized EBITDA": 76000000.0,
        "Total Unusual Items": 0.0,
        "Total Unusual Items Excluding Goodwill": 0.0,
        "Net Income From Continuing Operation Net Minority Interest": 2000000.0,
        "Reconciled Depreciation": 69000000.0,
        "Reconciled Cost Of Revenue": 166000000.0,
        "EBITDA": 76000000.0,
        "EBIT": 7000000.0,
        "Net Interest Income": -5000000.0,
        "Interest Expense": 5000000.0,
        "Normalized Income": 2000000.0,
        "Net Income From Continuing And Discontinued Operation": 2000000.0,
        "Total Expenses": 666000000.0,
        "Total Operating Income As Reported": -11000000.0,
        "Diluted Average Shares": 251665000.0,
        "Basic Average Shares": 241083000.0,
        "Diluted EPS": 0.01,
        "Basic EPS": 0.01,
        "Diluted NI Availto Com Stockholders": 2000000.0,
        "Net Income Common Stockholders": 2000000.0,
        "Net Income": 2000000.0,
        "Net Income Including Noncontrolling Interests": 2000000.0,
        "Net Income Continuous Operations": 2000000.0,
        "Tax Provision": 0.0,
        "Pretax Income": 2000000.0,
        "Other Income Expense": 18000000.0,
        "Other Non Operating Income Expenses": 18000000.0,
        "Special Income Charges": 0.0,
        "Other Special Charges": NaN,
        "Write Off": 0.0,
        "Restructuring And Mergern Acquisition": NaN,
        "Net Non Operating Interest Income Expense": -5000000.0,
        "Interest Expense Non Operating": 5000000.0,
        "Operating Income": -11000000.0,
        "Operating Expense": 500000000.0,
        "Research And Development": 153000000.0,
        "Selling General And Administration": 347000000.0,
        "Selling And Marketing Expense": 226000000.0,
        "General And Administrative Expense": 121000000.0,
        "Other Gand A": 121000000.0,
        "Gross Profit": 489000000.0,
        "Cost Of Revenue": 166000000.0,
        "Total Revenue": 655000000.0,
        "Operating Revenue": 641000000.0
    }
}