{
    "2023-03-31": {
        "Tax Effect Of Unusual Items": NaN,
        "Tax Rate For Calcs": NaN,
        "Normalized EBITDA": NaN,
        "Total Unusual Items": NaN,
        "Total Unusual Items Excluding Goodwill": NaN,
        "Net Income From Continuing Operation Net Minority Interest": NaN,
        "Reconciled Depreciation": NaN,
        "Reconciled Cost Of Revenue": NaN,
        "EBITDA": NaN,
        "EBIT": NaN,
        "Net Interest Income": NaN,
        "Interest Expense": NaN,
        "Normalized Income": NaN,
        "Net Income From Continuing And Discontinued Operation": NaN,
        "Total Expenses": NaN,
        "Total Operating Income As Reported": NaN,
        "Diluted Average Shares": NaN,
        "Basic Average Shares": NaN,
        "Diluted EPS": NaN,
        "Basic EPS": NaN,
        "Diluted NI Availto Com Stockholders": NaN,
        "Net Income Common Stockholders": NaN,
        "Net Income": NaN,
        "Minority Interests": NaN,
        "Net Income Including Noncontrolling Interests": NaN,
        "Net Income Discontinuous Operations": 0.0,
        "Net Income Continuous Operations": NaN,
        "Tax Provision": NaN,
        "Pretax Income": NaN,
        "Other Income Expense": NaN,
        "Other Non Operating Income Expenses": NaN,
        "Special Income Charges": NaN,
        "Impairment Of Capital Assets": NaN,
        "Restructuring And Mergern Acquisition": NaN,
        "Net Non Operating Interest Income Expense": NaN,
        "Interest Expense Non Operating": NaN,
        "Operating Income": NaN,
        "Operating Expense": NaN,
        "Depreciation Amortization Depletion Income Statement": NaN,
        "Depreciation And Amortization In Income Statement": NaN,
        "Amortization": NaN,
        "Amortization Of Intangibles Income Statement": NaN,
        "Research And Development": NaN,
        "Selling General And Administration": NaN,
        "Gross Profit": NaN,
        "Cost Of Revenue": NaN,
        "Total Revenue": NaN,
        "Operating Revenue": NaN
    },
    "2022-12-31": {
        "Tax Effect Of Unusual Items": NaN,
        "Tax Rate For Calcs": NaN,
        "Normalized EBITDA": NaN,
        "Total Unusual Items": NaN,
        "Total Unusual Items Excluding Goodwill": NaN,
        "Net Income From Continuing Operation Net Minority Interest": NaN,
        "Reconciled Depreciation": NaN,
        "Reconciled Cost Of Revenue": NaN,
        "EBITDA": NaN,
        "EBIT": NaN,
        "Net Interest Income": NaN,
        "Interest Expense": NaN,
        "Normalized Income": NaN,
        "Net Income From Continuing And Discontinued Operation": NaN,
        "Total Expenses": NaN,
        "Total Operating Income As Reported": NaN,
        "Diluted Average Shares": NaN,
        "Basic Average Shares": NaN,
        "Diluted EPS": NaN,
        "Basic EPS": NaN,
        "Diluted NI Availto Com Stockholders": NaN,
        "Net Income Common Stockholders": NaN,
        "Net Income": NaN,
        "Minority Interests": NaN,
        "Net Income Including Noncontrolling Interests": NaN,
        "Net Income Discontinuous Operations": 0.0,
        "Net Income Continuous Operations": NaN,
        "Tax Provision": NaN,
        "Pretax Income": NaN,
        "Other Income Expense": NaN,
        "Other Non Operating Income Expenses": NaN,
        "Special Income Charges": NaN,
        "Impairment Of Capital Assets": 289800000.0,
        "Restructuring And Mergern Acquisition": NaN,
        "Net Non Operating Interest Income Expense": NaN,
        "Interest Expense Non Operating": NaN,
        "Operating Income": NaN,
        "Operating Expense": NaN,
        "Other Operating Expenses": 11400000.0,
        "Depreciation Amortization Depletion Income Statement": NaN,
        "Depreciation And Amortization In Income Statement": NaN,
        "Amortization": NaN,
        "Amortization Of Intangibles Income Statement": NaN,
        "Research And Development": NaN,
        "Selling General And Administration": NaN,
        "Gross Profit": NaN,
        "Cost Of Revenue": NaN,
        "Total Revenue": NaN,
        "Operating Revenue": NaN
    },
    "2022-09-30": {
        "Tax Effect Of Unusual Items": NaN,
        "Tax Rate For Calcs": NaN,
        "Normalized EBITDA": NaN,
        "Total Unusual Items": NaN,
        "Total Unusual Items Excluding Goodwill": NaN,
        "Net Income From Continuing Operation Net Minority Interest": NaN,
        "Reconciled Depreciation": NaN,
        "Reconciled Cost Of Revenue": NaN,
        "EBITDA": NaN,
        "EBIT": NaN,
        "Net Interest Income": NaN,
        "Interest Expense": NaN,
        "Normalized Income": NaN,
        "Net Income From Continuing And Discontinued Operation": NaN,
        "Total Expenses": NaN,
        "Total Operating Income As Reported": NaN,
        "Diluted Average Shares": NaN,
        "Basic Average Shares": NaN,
        "Diluted EPS": NaN,
        "Basic EPS": NaN,
        "Diluted NI Availto Com Stockholders": NaN,
        "Net Income Common Stockholders": NaN,
        "Net Income": NaN,
        "Minority Interests": NaN,
        "Net Income Including Noncontrolling Interests": NaN,
        "Net Income Discontinuous Operations": NaN,
        "Net Income Continuous Operations": NaN,
        "Tax Provision": NaN,
        "Pretax Income": NaN,
        "Other Income Expense": NaN,
        "Other Non Operating Income Expenses": NaN,
        "Special Income Charges": NaN,
        "Impairment Of Capital Assets": 0.0,
        "Restructuring And Mergern Acquisition": NaN,
        "Net Non Operating Interest Income Expense": NaN,
        "Interest Expense Non Operating": NaN,
        "Operating Income": NaN,
        "Operating Expense": NaN,
        "Other Operating Expenses": 8100000.0,
        "Depreciation Amortization Depletion Income Statement": NaN,
        "Depreciation And Amortization In Income Statement": NaN,
        "Amortization": NaN,
        "Amortization Of Intangibles Income Statement": NaN,
        "Research And Development": NaN,
        "Selling General And Administration": NaN,
        "Gross Profit": NaN,
        "Cost Of Revenue": NaN,
        "Total Revenue": NaN,
        "Operating Revenue": NaN
    },
    "2022-06-30": {
        "Tax Effect Of Unusual Items": -12426000.0,
        "Tax Rate For Calcs": 0.228,
        "Normalized EBITDA": 525500000.0,
        "Total Unusual Items": -54500000.0,
        "Total Unusual Items Excluding Goodwill": -54500000.0,
        "Net Income From Continuing Operation Net Minority Interest": 153700000.0,
        "Reconciled Depreciation": 232700000.0,
        "Reconciled Cost Of Revenue": 411300000.0,
        "EBITDA": 471000000.0,
        "EBIT": 238300000.0,
        "Net Interest Income": -38800000.0,
        "Interest Expense": 38800000.0,
        "Normalized Income": 195774000.0,
        "Net Income From Continuing And Discontinued Operation": 153700000.0,
        "Total Expenses": 1446400000.0,
        "Total Operating Income As Reported": 280900000.0,
        "Diluted Average Shares": 210300000.0,
        "Basic Average Shares": 209600000.0,
        "Diluted EPS": 0.73,
        "Basic EPS": 0.73,
        "Diluted NI Availto Com Stockholders": 153700000.0,
        "Net Income Common Stockholders": 153700000.0,
        "Net Income": 153700000.0,
        "Minority Interests": -300000.0,
        "Net Income Including Noncontrolling Interests": 154000000.0,
        "Net Income Discontinuous Operations": 0.0,
        "Net Income Continuous Operations": 154000000.0,
        "Tax Provision": 45500000.0,
        "Pretax Income": 199500000.0,
        "Other Income Expense": -97100000.0,
        "Other Non Operating Income Expenses": -42600000.0,
        "Special Income Charges": -54500000.0,
        "Impairment Of Capital Assets": 3000000.0,
        "Restructuring And Mergern Acquisition": 51500000.0,
        "Net Non Operating Interest Income Expense": -38800000.0,
        "Interest Expense Non Operating": 38800000.0,
        "Operating Income": 335400000.0,
        "Operating Expense": 935400000.0,
        "Other Operating Expenses": 7800000.0,
        "Depreciation Amortization Depletion Income Statement": 133000000.0,
        "Depreciation And Amortization In Income Statement": 133000000.0,
        "Amortization": 133000000.0,
        "Amortization Of Intangibles Income Statement": 133000000.0,
        "Research And Development": 99400000.0,
        "Selling General And Administration": 695200000.0,
        "Gross Profit": 1270800000.0,
        "Cost Of Revenue": 511000000.0,
        "Total Revenue": 1781800000.0,
        "Operating Revenue": 1781800000.0
    },
    "2023-06-30": {
        "Tax Effect Of Unusual Items": NaN,
        "Tax Rate For Calcs": NaN,
        "Normalized EBITDA": NaN,
        "Total Unusual Items": NaN,
        "Total Unusual Items Excluding Goodwill": NaN,
        "Net Income From Continuing Operation Net Minority Interest": NaN,
        "Reconciled Depreciation": NaN,
        "Reconciled Cost Of Revenue": NaN,
        "EBITDA": NaN,
        "EBIT": NaN,
        "Net Interest Income": NaN,
        "Interest Expense": NaN,
        "Normalized Income": NaN,
        "Net Income From Continuing And Discontinued Operation": NaN,
        "Total Expenses": NaN,
        "Total Operating Income As Reported": NaN,
        "Diluted Average Shares": NaN,
        "Basic Average Shares": NaN,
        "Diluted EPS": NaN,
        "Basic EPS": NaN,
        "Diluted NI Availto Com Stockholders": NaN,
        "Net Income Common Stockholders": NaN,
        "Net Income": NaN,
        "Minority Interests": NaN,
        "Net Income Including Noncontrolling Interests": NaN,
        "Net Income Discontinuous Operations": 0.0,
        "Net Income Continuous Operations": NaN,
        "Tax Provision": NaN,
        "Pretax Income": NaN,
        "Other Income Expense": NaN,
        "Other Non Operating Income Expenses": NaN,
        "Special Income Charges": NaN,
        "Impairment Of Capital Assets": 0.0,
        "Restructuring And Mergern Acquisition": NaN,
        "Net Non Operating Interest Income Expense": NaN,
        "Interest Expense Non Operating": NaN,
        "Operating Income": NaN,
        "Operating Expense": NaN,
        "Depreciation Amortization Depletion Income Statement": NaN,
        "Depreciation And Amortization In Income Statement": NaN,
        "Amortization": NaN,
        "Amortization Of Intangibles Income Statement": NaN,
        "Research And Development": NaN,
        "Selling General And Administration": NaN,
        "Gross Profit": NaN,
        "Cost Of Revenue": NaN,
        "Total Revenue": NaN,
        "Operating Revenue": NaN
    },
    "2022-03-31": {
        "Diluted EPS": 0.07,
        "Total Revenue": NaN,
        "Gross Profit": NaN,
        "Operating Income": 198,
        "EBIT": 432,
        "Net Income": 14
    },
    "2021-12-31": {
        "Diluted EPS": -0.39,
        "Total Revenue": NaN,
        "Gross Profit": NaN,
        "Operating Income": 134,
        "EBIT": 367,
        "Net Income": -85
    },
    "2021-09-30": {
        "Diluted EPS": 0.69,
        "Total Revenue": NaN,
        "Gross Profit": NaN,
        "Operating Income": 243,
        "EBIT": 476,
        "Net Income": 146
    },
    "2021-06-30": {
        "Diluted EPS": 0.67,
        "Total Revenue": NaN,
        "Gross Profit": NaN,
        "Operating Income": 225,
        "EBIT": 477,
        "Net Income": 142
    },
    "2021-03-31": {
        "Diluted EPS": 0.94,
        "Total Revenue": NaN,
        "Gross Profit": NaN,
        "Operating Income": 259,
        "EBIT": 494,
        "Net Income": 199
    },
    "2020-12-31": {
        "Diluted EPS": 1.63,
        "Total Revenue": NaN,
        "Gross Profit": 845,
        "Operating Income": 412,
        "EBIT": 401,
        "Net Income": 334
    },
    "2020-09-30": {
        "Diluted EPS": 1.16,
        "Total Revenue": NaN,
        "Gross Profit": NaN,
        "Operating Income": 299,
        "EBIT": 558,
        "Net Income": 243
    },
    "2020-06-30": {
        "Diluted EPS": -1.0,
        "Total Revenue": NaN,
        "Gross Profit": 802,
        "Operating Income": -172,
        "EBIT": 117,
        "Net Income": -207
    },
    "2020-03-31": {
        "Diluted EPS": -2.46,
        "Total Revenue": NaN,
        "Gross Profit": NaN,
        "Operating Income": -456,
        "EBIT": 409,
        "Net Income": -509
    },
    "2019-12-31": {
        "Diluted EPS": 1.54,
        "Total Revenue": NaN,
        "Gross Profit": NaN,
        "Operating Income": 337,
        "EBIT": 591,
        "Net Income": 321
    },
    "2019-09-30": {
        "Diluted EPS": 2.08,
        "Total Revenue": NaN,
        "Gross Profit": NaN,
        "Operating Income": 246,
        "EBIT": 497,
        "Net Income": 431
    },
    "2019-06-30": {
        "Diluted EPS": 0.65,
        "Total Revenue": NaN,
        "Gross Profit": NaN,
        "Operating Income": 205,
        "EBIT": 528,
        "Net Income": 134
    },
    "2019-03-31": {
        "Diluted EPS": 1.2,
        "Total Revenue": NaN,
        "Gross Profit": NaN,
        "Operating Income": 350,
        "EBIT": 598,
        "Net Income": 246
    },
    "2018-12-31": {
        "Diluted EPS": -4.4,
        "Total Revenue": NaN,
        "Gross Profit": NaN,
        "Operating Income": -791,
        "EBIT": 440,
        "Net Income": -901
    },
    "2018-09-30": {
        "Diluted EPS": 0.79,
        "Total Revenue": NaN,
        "Gross Profit": NaN,
        "Operating Income": 223,
        "EBIT": 488,
        "Net Income": 162
    },
    "2018-06-30": {
        "Diluted EPS": 0.9,
        "Total Revenue": NaN,
        "Gross Profit": NaN,
        "Operating Income": 296,
        "EBIT": 558,
        "Net Income": 185
    },
    "2018-03-31": {
        "Diluted EPS": 0.85,
        "Total Revenue": NaN,
        "Gross Profit": NaN,
        "Operating Income": 305,
        "EBIT": 569,
        "Net Income": 175
    },
    "2017-12-31": {
        "Diluted EPS": 6.05,
        "Total Revenue": NaN,
        "Gross Profit": NaN,
        "Operating Income": -40,
        "EBIT": 496,
        "Net Income": NaN
    },
    "2017-09-30": {
        "Diluted EPS": 0.48,
        "Total Revenue": NaN,
        "Gross Profit": NaN,
        "Operating Income": 211,
        "EBIT": 510,
        "Net Income": 99
    },
    "2017-06-30": {
        "Diluted EPS": 0.9,
        "Total Revenue": NaN,
        "Gross Profit": NaN,
        "Operating Income": 280,
        "EBIT": 571,
        "Net Income": 184
    },
    "2017-03-31": {
        "Diluted EPS": 1.47,
        "Total Revenue": NaN,
        "Gross Profit": NaN,
        "Operating Income": 348,
        "EBIT": 616,
        "Net Income": 299
    },
    "2016-12-31": {
        "Diluted EPS": 0.35,
        "Total Revenue": NaN,
        "Gross Profit": NaN,
        "Operating Income": 179,
        "EBIT": 434,
        "Net Income": 70
    },
    "2016-09-30": {
        "Diluted EPS": 0.78,
        "Total Revenue": NaN,
        "Gross Profit": NaN,
        "Operating Income": 196,
        "EBIT": 484,
        "Net Income": 159
    },
    "2016-06-30": {
        "Diluted EPS": -0.16,
        "Total Revenue": NaN,
        "Gross Profit": NaN,
        "Operating Income": 202,
        "EBIT": 482,
        "Net Income": -31
    },
    "2016-03-31": {
        "Diluted EPS": 0.54,
        "Total Revenue": NaN,
        "Gross Profit": NaN,
        "Operating Income": 246,
        "EBIT": 492,
        "Net Income": 109
    },
    "2015-12-31": {
        "Diluted EPS": 0.67,
        "Total Revenue": NaN,
        "Gross Profit": NaN,
        "Operating Income": 213,
        "EBIT": 498,
        "Net Income": 127
    },
    "2015-09-30": {
        "Diluted EPS": 0.11,
        "Total Revenue": NaN,
        "Gross Profit": NaN,
        "Operating Income": 116,
        "EBIT": 356,
        "Net Income": 22
    },
    "2015-06-30": {
        "Diluted EPS": -1.0,
        "Total Revenue": NaN,
        "Gross Profit": 873,
        "Operating Income": -132,
        "EBIT": -33,
        "Net Income": -174
    },
    "2015-03-31": {
        "Diluted EPS": 0.99,
        "Total Revenue": NaN,
        "Gross Profit": 850,
        "Operating Income": 270,
        "EBIT": 359,
        "Net Income": 171
    },
    "2014-12-31": {
        "Diluted EPS": 0.87,
        "Total Revenue": NaN,
        "Gross Profit": 911,
        "Operating Income": 221,
        "EBIT": 314,
        "Net Income": 149
    },
    "2014-09-30": {
        "Diluted EPS": 1.01,
        "Total Revenue": NaN,
        "Gross Profit": 810,
        "Operating Income": 255,
        "EBIT": 346,
        "Net Income": 173
    },
    "2014-06-30": {
        "Diluted EPS": 1.03,
        "Total Revenue": NaN,
        "Gross Profit": 851,
        "Operating Income": 261,
        "EBIT": 352,
        "Net Income": 177
    },
    "2014-03-31": {
        "Diluted EPS": 1.29,
        "Total Revenue": NaN,
        "Gross Profit": 858,
        "Operating Income": 300,
        "EBIT": 401,
        "Net Income": 222
    },
    "2013-12-31": {
        "Diluted EPS": 1.47,
        "Total Revenue": NaN,
        "Gross Profit": 919,
        "Operating Income": 348,
        "EBIT": 438,
        "Net Income": 255
    },
    "2013-09-30": {
        "Diluted EPS": 0.9,
        "Total Revenue": NaN,
        "Gross Profit": 746,
        "Operating Income": 212,
        "EBIT": 304,
        "Net Income": 154
    },
    "2013-06-30": {
        "Diluted EPS": 0.89,
        "Total Revenue": NaN,
        "Gross Profit": 846,
        "Operating Income": 210,
        "EBIT": 302,
        "Net Income": 152
    },
    "2013-03-31": {
        "Diluted EPS": 1.28,
        "Total Revenue": NaN,
        "Gross Profit": 846,
        "Operating Income": 298,
        "EBIT": 383,
        "Net Income": 219
    },
    "2012-12-31": {
        "Diluted EPS": 0.88,
        "Total Revenue": NaN,
        "Gross Profit": 882,
        "Operating Income": 201,
        "EBIT": 387,
        "Net Income": 153
    },
    "2012-09-30": {
        "Diluted EPS": 1.02,
        "Total Revenue": NaN,
        "Gross Profit": 770,
        "Operating Income": 249,
        "EBIT": 332,
        "Net Income": 178
    },
    "2012-06-30": {
        "Diluted EPS": 1.22,
        "Total Revenue": NaN,
        "Gross Profit": 843,
        "Operating Income": 302,
        "EBIT": 395,
        "Net Income": 215
    },
    "2012-03-31": {
        "Diluted EPS": 1.17,
        "Total Revenue": NaN,
        "Gross Profit": 852,
        "Operating Income": 296,
        "EBIT": 392,
        "Net Income": 210
    },
    "2011-12-31": {
        "Diluted EPS": 0.88,
        "Total Revenue": NaN,
        "Gross Profit": 864,
        "Operating Income": 201,
        "EBIT": 296,
        "Net Income": 157
    },
    "2011-09-30": {
        "Diluted EPS": 1.01,
        "Total Revenue": NaN,
        "Gross Profit": 780,
        "Operating Income": 267,
        "EBIT": 358,
        "Net Income": 192
    },
    "2011-06-30": {
        "Diluted EPS": 1.06,
        "Total Revenue": NaN,
        "Gross Profit": 850,
        "Operating Income": 259,
        "EBIT": 348,
        "Net Income": 204
    },
    "2011-03-31": {
        "Diluted EPS": 1.08,
        "Total Revenue": NaN,
        "Gross Profit": 837,
        "Operating Income": 297,
        "EBIT": 383,
        "Net Income": 209
    },
    "2010-12-31": {
        "Diluted EPS": 0.18,
        "Total Revenue": NaN,
        "Gross Profit": 861,
        "Operating Income": 123,
        "EBIT": 418,
        "Net Income": 35
    },
    "2010-09-30": {
        "Diluted EPS": 0.96,
        "Total Revenue": 965,
        "Gross Profit": 746,
        "Operating Income": 272,
        "EBIT": 355,
        "Net Income": 191
    },
    "2010-06-30": {
        "Diluted EPS": 0.82,
        "Total Revenue": NaN,
        "Gross Profit": 807,
        "Operating Income": 228,
        "EBIT": 309,
        "Net Income": 166
    },
    "2010-03-31": {
        "Diluted EPS": 1.01,
        "Total Revenue": NaN,
        "Gross Profit": 794,
        "Operating Income": 294,
        "EBIT": 379,
        "Net Income": 205
    },
    "2009-12-31": {
        "Diluted EPS": 0.73,
        "Total Revenue": NaN,
        "Gross Profit": 833,
        "Operating Income": 239,
        "EBIT": 399,
        "Net Income": 155
    },
    "2009-09-30": {
        "Diluted EPS": 0.7,
        "Total Revenue": 976,
        "Gross Profit": 726,
        "Operating Income": 204,
        "EBIT": 292,
        "Net Income": 150
    },
    "2009-06-30": {
        "Diluted EPS": 0.98,
        "Total Revenue": NaN,
        "Gross Profit": 783,
        "Operating Income": 297,
        "EBIT": 378,
        "Net Income": 210
    },
    "2009-03-31": {
        "Diluted EPS": 0.91,
        "Total Revenue": 993,
        "Gross Profit": 762,
        "Operating Income": 280,
        "EBIT": 359,
        "Net Income": 202
    },
    "2023-09-30": {
        "Tax Effect Of Unusual Items": NaN,
        "Tax Rate For Calcs": NaN,
        "Normalized EBITDA": NaN,
        "Total Unusual Items": NaN,
        "Total Unusual Items Excluding Goodwill": NaN,
        "Net Income From Continuing Operation Net Minority Interest": NaN,
        "Reconciled Depreciation": NaN,
        "Reconciled Cost Of Revenue": NaN,
        "EBITDA": NaN,
        "EBIT": NaN,
        "Net Interest Income": NaN,
        "Interest Expense": NaN,
        "Normalized Income": NaN,
        "Net Income From Continuing And Discontinued Operation": NaN,
        "Total Expenses": NaN,
        "Total Operating Income As Reported": NaN,
        "Diluted Average Shares": 210000000.0,
        "Basic Average Shares": 208900000.0,
        "Diluted EPS": 0.77,
        "Basic EPS": 0.78,
        "Diluted NI Availto Com Stockholders": NaN,
        "Net Income Common Stockholders": NaN,
        "Net Income": NaN,
        "Minority Interests": NaN,
        "Net Income Including Noncontrolling Interests": NaN,
        "Net Income Discontinuous Operations": 0.0,
        "Net Income Continuous Operations": NaN,
        "Tax Provision": NaN,
        "Pretax Income": NaN,
        "Other Income Expense": NaN,
        "Other Non Operating Income Expenses": NaN,
        "Special Income Charges": NaN,
        "Impairment Of Capital Assets": 0.0,
        "Restructuring And Mergern Acquisition": NaN,
        "Net Non Operating Interest Income Expense": NaN,
        "Interest Expense Non Operating": NaN,
        "Operating Income": NaN,
        "Operating Expense": NaN,
        "Depreciation Amortization Depletion Income Statement": NaN,
        "Depreciation And Amortization In Income Statement": NaN,
        "Amortization": NaN,
        "Amortization Of Intangibles Income Statement": NaN,
        "Research And Development": NaN,
        "Selling General And Administration": NaN,
        "Gross Profit": NaN,
        "Cost Of Revenue": NaN,
        "Total Revenue": NaN,
        "Operating Revenue": NaN
    },
    "2023-12-31": {
        "Tax Effect Of Unusual Items": -13986000.0,
        "Tax Rate For Calcs": 0.21,
        "Normalized EBITDA": 642600000.0,
        "Total Unusual Items": -66600000.0,
        "Total Unusual Items Excluding Goodwill": -66600000.0,
        "Net Income From Continuing Operation Net Minority Interest": 419200000.0,
        "Reconciled Depreciation": 241200000.0,
        "Reconciled Cost Of Revenue": 442500000.0,
        "EBITDA": 576000000.0,
        "EBIT": 334800000.0,
        "Net Interest Income": -50300000.0,
        "Interest Expense": 50300000.0,
        "Normalized Income": 471814000.0,
        "Net Income From Continuing And Discontinued Operation": 419200000.0,
        "Total Expenses": 1519300000.0,
        "Total Operating Income As Reported": 354200000.0,
        "Diluted Average Shares": 208600000.0,
        "Basic Average Shares": 207900000.0,
        "Diluted EPS": 2.01,
        "Basic EPS": 2.02,
        "Diluted NI Availto Com Stockholders": 419200000.0,
        "Net Income Common Stockholders": 419200000.0,
        "Net Income": 419200000.0,
        "Minority Interests": -500000.0,
        "Net Income Including Noncontrolling Interests": 419700000.0,
        "Net Income Discontinuous Operations": 0.0,
        "Net Income Continuous Operations": 419700000.0,
        "Tax Provision": -135200000.0,
        "Pretax Income": 284500000.0,
        "Other Income Expense": -86200000.0,
        "Other Non Operating Income Expenses": -19600000.0,
        "Special Income Charges": -66600000.0,
        "Impairment Of Capital Assets": 0.0,
        "Restructuring And Mergern Acquisition": 66600000.0,
        "Net Non Operating Interest Income Expense": -50300000.0,
        "Interest Expense Non Operating": 50300000.0,
        "Operating Income": 420800000.0,
        "Operating Expense": 980500000.0,
        "Depreciation Amortization Depletion Income Statement": 144900000.0,
        "Depreciation And Amortization In Income Statement": 144900000.0,
        "Amortization": 144900000.0,
        "Amortization Of Intangibles Income Statement": 144900000.0,
        "Research And Development": 113300000.0,
        "Selling General And Administration": 722300000.0,
        "Gross Profit": 1401300000.0,
        "Cost Of Revenue": 538800000.0,
        "Total Revenue": 1940100000.0,
        "Operating Revenue": 2392300000.0
    },
    "2024-03-31": {
        "Tax Effect Of Unusual Items": -24585600.0,
        "Tax Rate For Calcs": 0.197,
        "Normalized EBITDA": 629200000.0,
        "Total Unusual Items": -124800000.0,
        "Total Unusual Items Excluding Goodwill": -124800000.0,
        "Net Income From Continuing Operation Net Minority Interest": 172400000.0,
        "Reconciled Depreciation": 238600000.0,
        "Reconciled Cost Of Revenue": 415800000.0,
        "EBITDA": 504400000.0,
        "EBIT": 265800000.0,
        "Net Interest Income": -50700000.0,
        "Interest Expense": 50700000.0,
        "Normalized Income": 272614400.0,
        "Net Income From Continuing And Discontinued Operation": 172400000.0,
        "Total Expenses": 1498500000.0,
        "Total Operating Income As Reported": 265900000.0,
        "Diluted Average Shares": 206200000.0,
        "Basic Average Shares": 205200000.0,
        "Diluted EPS": 0.84,
        "Basic EPS": 0.84,
        "Diluted NI Availto Com Stockholders": 172400000.0,
        "Net Income Common Stockholders": 172400000.0,
        "Net Income": 172400000.0,
        "Minority Interests": -400000.0,
        "Net Income Including Noncontrolling Interests": 172800000.0,
        "Net Income Discontinuous Operations": NaN,
        "Net Income Continuous Operations": 172800000.0,
        "Tax Provision": 42300000.0,
        "Pretax Income": 215100000.0,
        "Other Income Expense": -124900000.0,
        "Other Non Operating Income Expenses": -100000.0,
        "Special Income Charges": -124800000.0,
        "Impairment Of Capital Assets": NaN,
        "Restructuring And Mergern Acquisition": 124800000.0,
        "Net Non Operating Interest Income Expense": -50700000.0,
        "Interest Expense Non Operating": 50700000.0,
        "Operating Income": 390700000.0,
        "Operating Expense": 986200000.0,
        "Depreciation Amortization Depletion Income Statement": 142100000.0,
        "Depreciation And Amortization In Income Statement": 142100000.0,
        "Amortization": 142100000.0,
        "Amortization Of Intangibles Income Statement": 142100000.0,
        "Research And Development": 107900000.0,
        "Selling General And Administration": 736200000.0,
        "Gross Profit": 1376900000.0,
        "Cost Of Revenue": 512300000.0,
        "Total Revenue": 1889200000.0,
        "Operating Revenue": 1731900000.0
    },
    "2024-06-30": {
        "Tax Effect Of Unusual Items": -9153200.0,
        "Tax Rate For Calcs": 0.196,
        "Normalized EBITDA": 643200000.0,
        "Total Unusual Items": -46700000.0,
        "Total Unusual Items Excluding Goodwill": -46700000.0,
        "Net Income From Continuing Operation Net Minority Interest": 242800000.0,
        "Reconciled Depreciation": 243200000.0,
        "Reconciled Cost Of Revenue": 454400000.0,
        "EBITDA": 596500000.0,
        "EBIT": 353300000.0,
        "Net Interest Income": -51100000.0,
        "Interest Expense": 51100000.0,
        "Normalized Income": 280346800.0,
        "Net Income From Continuing And Discontinued Operation": 242800000.0,
        "Total Expenses": 1544100000.0,
        "Total Operating Income As Reported": 351300000.0,
        "Diluted Average Shares": 206400000.0,
        "Basic Average Shares": 205700000.0,
        "Diluted EPS": 1.18,
        "Basic EPS": 1.18,
        "Diluted NI Availto Com Stockholders": 242800000.0,
        "Net Income Common Stockholders": 242800000.0,
        "Net Income": 242800000.0,
        "Minority Interests": -300000.0,
        "Net Income Including Noncontrolling Interests": 243100000.0,
        "Net Income Discontinuous Operations": NaN,
        "Net Income Continuous Operations": 243100000.0,
        "Tax Provision": 59100000.0,
        "Pretax Income": 302200000.0,
        "Other Income Expense": -44700000.0,
        "Other Non Operating Income Expenses": 2000000.0,
        "Special Income Charges": -46700000.0,
        "Impairment Of Capital Assets": NaN,
        "Restructuring And Mergern Acquisition": 46700000.0,
        "Net Non Operating Interest Income Expense": -51100000.0,
        "Interest Expense Non Operating": 51100000.0,
        "Operating Income": 397900000.0,
        "Operating Expense": 990500000.0,
        "Depreciation Amortization Depletion Income Statement": 144000000.0,
        "Depreciation And Amortization In Income Statement": 144000000.0,
        "Amortization": 144000000.0,
        "Amortization Of Intangibles Income Statement": 144000000.0,
        "Research And Development": 109400000.0,
        "Selling General And Administration": 737100000.0,
        "Gross Profit": 1388400000.0,
        "Cost Of Revenue": 553600000.0,
        "Total Revenue": 1942000000.0,
        "Operating Revenue": 1777100000.0
    },
    "2024-09-30": {
        "Tax Effect Of Unusual Items": -7686000.0,
        "Tax Rate For Calcs": 0.21,
        "Normalized EBITDA": 572100000.0,
        "Total Unusual Items": -36600000.0,
        "Total Unusual Items Excluding Goodwill": -36600000.0,
        "Net Income From Continuing Operation Net Minority Interest": 249100000.0,
        "Reconciled Depreciation": 250900000.0,
        "Reconciled Cost Of Revenue": 435900000.0,
        "EBITDA": 535500000.0,
        "EBIT": 284600000.0,
        "Net Interest Income": -54300000.0,
        "Interest Expense": 54300000.0,
        "Normalized Income": 278014000.0,
        "Net Income From Continuing And Discontinued Operation": 249100000.0,
        "Total Expenses": 1508100000.0,
        "Total Operating Income As Reported": 279500000.0,
        "Diluted Average Shares": 203000000.0,
        "Basic Average Shares": 202300000.0,
        "Diluted EPS": 1.23,
        "Basic EPS": 1.23,
        "Diluted NI Availto Com Stockholders": 249100000.0,
        "Net Income Common Stockholders": 249100000.0,
        "Net Income": 249100000.0,
        "Minority Interests": -200000.0,
        "Net Income Including Noncontrolling Interests": 249200000.0,
        "Net Income Discontinuous Operations": NaN,
        "Net Income Continuous Operations": 249200000.0,
        "Tax Provision": -18900000.0,
        "Pretax Income": 230300000.0,
        "Other Income Expense": -31500000.0,
        "Other Non Operating Income Expenses": 5100000.0,
        "Special Income Charges": -36600000.0,
        "Impairment Of Capital Assets": NaN,
        "Restructuring And Mergern Acquisition": 36600000.0,
        "Net Non Operating Interest Income Expense": -54300000.0,
        "Interest Expense Non Operating": 54300000.0,
        "Operating Income": 316100000.0,
        "Operating Expense": 969500000.0,
        "Depreciation Amortization Depletion Income Statement": 148200000.0,
        "Depreciation And Amortization In Income Statement": 148200000.0,
        "Amortization": 148200000.0,
        "Amortization Of Intangibles Income Statement": 148200000.0,
        "Research And Development": 111600000.0,
        "Selling General And Administration": 709700000.0,
        "Gross Profit": 1285600000.0,
        "Cost Of Revenue": 538600000.0,
        "Total Revenue": 1824200000.0,
        "Operating Revenue": 1680800000.0
    },
    "2024-12-31": {
        "Tax Effect Of Unusual Items": -5854463.66782,
        "Tax Rate For Calcs": 0.169204,
        "Normalized EBITDA": 649100000.0,
        "Total Unusual Items": -34600000.0,
        "Total Unusual Items Excluding Goodwill": -34600000.0,
        "Net Income From Continuing Operation Net Minority Interest": 239500000.0,
        "Reconciled Depreciation": 263600000.0,
        "Reconciled Cost Of Revenue": 480700000.0,
        "EBITDA": 614500000.0,
        "EBIT": 350900000.0,
        "Net Interest Income": -61900000.0,
        "Interest Expense": 61900000.0,
        "Normalized Income": 268245536.33218,
        "Net Income From Continuing And Discontinued Operation": 239500000.0,
        "Total Expenses": 1599700000.0,
        "Total Operating Income As Reported": 389000000.0,
        "Diluted Average Shares": NaN,
        "Basic Average Shares": NaN,
        "Diluted EPS": NaN,
        "Basic EPS": NaN,
        "Diluted NI Availto Com Stockholders": 239500000.0,
        "Net Income Common Stockholders": 239500000.0,
        "Net Income": 239500000.0,
        "Minority Interests": -700000.0,
        "Net Income Including Noncontrolling Interests": 240100000.0,
        "Net Income Discontinuous Operations": NaN,
        "Net Income Continuous Operations": 240100000.0,
        "Tax Provision": 48900000.0,
        "Pretax Income": 289000000.0,
        "Other Income Expense": -72700000.0,
        "Other Non Operating Income Expenses": -38100000.0,
        "Special Income Charges": -34600000.0,
        "Impairment Of Capital Assets": NaN,
        "Restructuring And Mergern Acquisition": 34600000.0,
        "Net Non Operating Interest Income Expense": -61900000.0,
        "Interest Expense Non Operating": 61900000.0,
        "Operating Income": 423500000.0,
        "Operating Expense": 1013000000.0,
        "Depreciation Amortization Depletion Income Statement": 157600000.0,
        "Depreciation And Amortization In Income Statement": 157600000.0,
        "Amortization": 157600000.0,
        "Amortization Of Intangibles Income Statement": 157600000.0,
        "Research And Development": 108500000.0,
        "Selling General And Administration": 746900000.0,
        "Gross Profit": 1436500000.0,
        "Cost Of Revenue": 586700000.0,
        "Total Revenue": 2023200000.0,
        "Operating Revenue": 2488800000.0
    }
}