{
    "2023-03-31": {
        "Tax Effect Of Unusual Items": NaN,
        "Tax Rate For Calcs": NaN,
        "Normalized EBITDA": NaN,
        "Total Unusual Items": NaN,
        "Total Unusual Items Excluding Goodwill": NaN,
        "Net Income From Continuing Operation Net Minority Interest": NaN,
        "Reconciled Depreciation": NaN,
        "Reconciled Cost Of Revenue": NaN,
        "EBITDA": NaN,
        "EBIT": NaN,
        "Net Interest Income": NaN,
        "Interest Expense": NaN,
        "Normalized Income": NaN,
        "Net Income From Continuing And Discontinued Operation": NaN,
        "Total Expenses": NaN,
        "Total Operating Income As Reported": NaN,
        "Diluted Average Shares": NaN,
        "Basic Average Shares": NaN,
        "Diluted EPS": NaN,
        "Basic EPS": NaN,
        "Diluted NI Availto Com Stockholders": NaN,
        "Average Dilution Earnings": 0.0,
        "Net Income Common Stockholders": NaN,
        "Otherunder Preferred Stock Dividend": NaN,
        "Net Income": NaN,
        "Net Income Including Noncontrolling Interests": NaN,
        "Net Income Continuous Operations": NaN,
        "Earnings From Equity Interest Net Of Tax": NaN,
        "Tax Provision": NaN,
        "Pretax Income": NaN,
        "Other Income Expense": NaN,
        "Other Non Operating Income Expenses": NaN,
        "Special Income Charges": NaN,
        "Gain On Sale Of Business": 0.0,
        "Impairment Of Capital Assets": NaN,
        "Gain On Sale Of Security": NaN,
        "Net Non Operating Interest Income Expense": NaN,
        "Interest Expense Non Operating": NaN,
        "Operating Income": NaN,
        "Operating Expense": NaN,
        "Research And Development": NaN,
        "Selling General And Administration": NaN,
        "Selling And Marketing Expense": NaN,
        "General And Administrative Expense": NaN,
        "Other Gand A": NaN,
        "Gross Profit": NaN,
        "Cost Of Revenue": NaN,
        "Total Revenue": NaN,
        "Operating Revenue": NaN
    },
    "2022-12-31": {
        "Tax Effect Of Unusual Items": NaN,
        "Tax Rate For Calcs": NaN,
        "Normalized EBITDA": NaN,
        "Total Unusual Items": NaN,
        "Total Unusual Items Excluding Goodwill": NaN,
        "Net Income From Continuing Operation Net Minority Interest": NaN,
        "Reconciled Depreciation": NaN,
        "Reconciled Cost Of Revenue": NaN,
        "EBITDA": NaN,
        "EBIT": NaN,
        "Net Interest Income": NaN,
        "Interest Expense": NaN,
        "Normalized Income": NaN,
        "Net Income From Continuing And Discontinued Operation": NaN,
        "Total Expenses": NaN,
        "Total Operating Income As Reported": NaN,
        "Diluted Average Shares": NaN,
        "Basic Average Shares": NaN,
        "Diluted EPS": NaN,
        "Basic EPS": NaN,
        "Diluted NI Availto Com Stockholders": NaN,
        "Average Dilution Earnings": NaN,
        "Net Income Common Stockholders": NaN,
        "Otherunder Preferred Stock Dividend": NaN,
        "Net Income": NaN,
        "Net Income Including Noncontrolling Interests": NaN,
        "Net Income Discontinuous Operations": -1709000.0,
        "Net Income Continuous Operations": NaN,
        "Earnings From Equity Interest Net Of Tax": NaN,
        "Tax Provision": NaN,
        "Pretax Income": NaN,
        "Other Income Expense": NaN,
        "Other Non Operating Income Expenses": NaN,
        "Special Income Charges": NaN,
        "Gain On Sale Of Business": 0.0,
        "Other Special Charges": 0.0,
        "Impairment Of Capital Assets": 0.0,
        "Gain On Sale Of Security": NaN,
        "Net Non Operating Interest Income Expense": NaN,
        "Interest Expense Non Operating": NaN,
        "Operating Income": NaN,
        "Operating Expense": NaN,
        "Research And Development": NaN,
        "Selling General And Administration": NaN,
        "Selling And Marketing Expense": NaN,
        "General And Administrative Expense": NaN,
        "Other Gand A": NaN,
        "Gross Profit": NaN,
        "Cost Of Revenue": NaN,
        "Total Revenue": NaN,
        "Operating Revenue": NaN
    },
    "2022-09-30": {
        "Tax Effect Of Unusual Items": NaN,
        "Tax Rate For Calcs": NaN,
        "Normalized EBITDA": NaN,
        "Total Unusual Items": NaN,
        "Total Unusual Items Excluding Goodwill": NaN,
        "Net Income From Continuing Operation Net Minority Interest": NaN,
        "Reconciled Depreciation": NaN,
        "Reconciled Cost Of Revenue": NaN,
        "EBITDA": NaN,
        "EBIT": NaN,
        "Net Interest Income": NaN,
        "Interest Expense": NaN,
        "Normalized Income": NaN,
        "Net Income From Continuing And Discontinued Operation": NaN,
        "Total Expenses": NaN,
        "Total Operating Income As Reported": NaN,
        "Diluted Average Shares": NaN,
        "Basic Average Shares": NaN,
        "Diluted EPS": NaN,
        "Basic EPS": NaN,
        "Diluted NI Availto Com Stockholders": NaN,
        "Average Dilution Earnings": 0.0,
        "Net Income Common Stockholders": NaN,
        "Otherunder Preferred Stock Dividend": NaN,
        "Net Income": NaN,
        "Net Income Including Noncontrolling Interests": NaN,
        "Net Income Discontinuous Operations": 0.0,
        "Net Income Continuous Operations": NaN,
        "Earnings From Equity Interest Net Of Tax": NaN,
        "Tax Provision": NaN,
        "Pretax Income": NaN,
        "Other Income Expense": NaN,
        "Other Non Operating Income Expenses": NaN,
        "Special Income Charges": NaN,
        "Gain On Sale Of Business": 0.0,
        "Other Special Charges": -10112000.0,
        "Impairment Of Capital Assets": 27369000.0,
        "Gain On Sale Of Security": NaN,
        "Net Non Operating Interest Income Expense": NaN,
        "Interest Expense Non Operating": NaN,
        "Operating Income": NaN,
        "Operating Expense": NaN,
        "Research And Development": NaN,
        "Selling General And Administration": NaN,
        "Selling And Marketing Expense": NaN,
        "General And Administrative Expense": NaN,
        "Other Gand A": NaN,
        "Gross Profit": NaN,
        "Cost Of Revenue": NaN,
        "Total Revenue": NaN,
        "Operating Revenue": NaN
    },
    "2022-06-30": {
        "Tax Effect Of Unusual Items": -30224000.0,
        "Tax Rate For Calcs": 0.4,
        "Normalized EBITDA": 112104000.0,
        "Total Unusual Items": -75560000.0,
        "Total Unusual Items Excluding Goodwill": -75560000.0,
        "Net Income From Continuing Operation Net Minority Interest": -46436000.0,
        "Reconciled Depreciation": 59872000.0,
        "Reconciled Cost Of Revenue": 46004000.0,
        "EBITDA": 36544000.0,
        "EBIT": -23328000.0,
        "Net Interest Income": -6956000.0,
        "Interest Expense": 6956000.0,
        "Normalized Income": -1100000.0,
        "Net Income From Continuing And Discontinued Operation": -46436000.0,
        "Total Expenses": 291469000.0,
        "Total Operating Income As Reported": 45887000.0,
        "Diluted Average Shares": 46978709.0,
        "Basic Average Shares": 46978709.0,
        "Diluted EPS": -0.99,
        "Basic EPS": -0.99,
        "Diluted NI Availto Com Stockholders": -46436000.0,
        "Average Dilution Earnings": NaN,
        "Net Income Common Stockholders": -46436000.0,
        "Otherunder Preferred Stock Dividend": NaN,
        "Net Income": -46436000.0,
        "Net Income Including Noncontrolling Interests": -46436000.0,
        "Net Income Discontinuous Operations": 0.0,
        "Net Income Continuous Operations": -46436000.0,
        "Earnings From Equity Interest Net Of Tax": -6101000.0,
        "Tax Provision": 10051000.0,
        "Pretax Income": -30284000.0,
        "Other Income Expense": -69215000.0,
        "Other Non Operating Income Expenses": 6345000.0,
        "Special Income Charges": 0.0,
        "Gain On Sale Of Business": 0.0,
        "Other Special Charges": NaN,
        "Impairment Of Capital Assets": 0.0,
        "Gain On Sale Of Security": -75560000.0,
        "Net Non Operating Interest Income Expense": -6956000.0,
        "Interest Expense Non Operating": 6956000.0,
        "Operating Income": 45887000.0,
        "Operating Expense": 245465000.0,
        "Research And Development": 19721000.0,
        "Selling General And Administration": 225744000.0,
        "Selling And Marketing Expense": 123777000.0,
        "General And Administrative Expense": 101967000.0,
        "Other Gand A": 101967000.0,
        "Gross Profit": 291352000.0,
        "Cost Of Revenue": 46004000.0,
        "Total Revenue": 337356000.0,
        "Operating Revenue": 337356000.0
    },
    "2023-06-30": {
        "Tax Effect Of Unusual Items": NaN,
        "Tax Rate For Calcs": NaN,
        "Normalized EBITDA": NaN,
        "Total Unusual Items": NaN,
        "Total Unusual Items Excluding Goodwill": NaN,
        "Net Income From Continuing Operation Net Minority Interest": NaN,
        "Reconciled Depreciation": NaN,
        "Reconciled Cost Of Revenue": NaN,
        "EBITDA": NaN,
        "EBIT": NaN,
        "Net Interest Income": NaN,
        "Interest Expense": NaN,
        "Normalized Income": NaN,
        "Net Income From Continuing And Discontinued Operation": NaN,
        "Total Expenses": NaN,
        "Total Operating Income As Reported": NaN,
        "Diluted Average Shares": NaN,
        "Basic Average Shares": NaN,
        "Diluted EPS": NaN,
        "Basic EPS": NaN,
        "Diluted NI Availto Com Stockholders": NaN,
        "Average Dilution Earnings": -2000.0,
        "Net Income Common Stockholders": NaN,
        "Otherunder Preferred Stock Dividend": NaN,
        "Net Income": NaN,
        "Net Income Including Noncontrolling Interests": NaN,
        "Net Income Continuous Operations": NaN,
        "Earnings From Equity Interest Net Of Tax": NaN,
        "Tax Provision": NaN,
        "Pretax Income": NaN,
        "Other Income Expense": NaN,
        "Other Non Operating Income Expenses": NaN,
        "Special Income Charges": NaN,
        "Gain On Sale Of Business": NaN,
        "Impairment Of Capital Assets": NaN,
        "Gain On Sale Of Security": NaN,
        "Net Non Operating Interest Income Expense": NaN,
        "Interest Expense Non Operating": NaN,
        "Operating Income": NaN,
        "Operating Expense": NaN,
        "Research And Development": NaN,
        "Selling General And Administration": NaN,
        "Selling And Marketing Expense": NaN,
        "General And Administrative Expense": NaN,
        "Other Gand A": NaN,
        "Gross Profit": NaN,
        "Cost Of Revenue": NaN,
        "Total Revenue": NaN,
        "Operating Revenue": NaN
    },
    "2023-09-30": {
        "Tax Effect Of Unusual Items": NaN,
        "Tax Rate For Calcs": NaN,
        "Normalized EBITDA": NaN,
        "Total Unusual Items": NaN,
        "Total Unusual Items Excluding Goodwill": NaN,
        "Net Income From Continuing Operation Net Minority Interest": NaN,
        "Reconciled Depreciation": NaN,
        "Reconciled Cost Of Revenue": NaN,
        "EBITDA": NaN,
        "EBIT": NaN,
        "Net Interest Income": NaN,
        "Interest Expense": NaN,
        "Normalized Income": NaN,
        "Net Income From Continuing And Discontinued Operation": NaN,
        "Total Expenses": NaN,
        "Total Operating Income As Reported": NaN,
        "Diluted Average Shares": NaN,
        "Basic Average Shares": NaN,
        "Diluted EPS": NaN,
        "Basic EPS": NaN,
        "Diluted NI Availto Com Stockholders": NaN,
        "Average Dilution Earnings": 0.0,
        "Net Income Common Stockholders": NaN,
        "Otherunder Preferred Stock Dividend": NaN,
        "Net Income": NaN,
        "Net Income Including Noncontrolling Interests": NaN,
        "Net Income Continuous Operations": NaN,
        "Earnings From Equity Interest Net Of Tax": NaN,
        "Tax Provision": NaN,
        "Pretax Income": NaN,
        "Other Income Expense": NaN,
        "Other Non Operating Income Expenses": NaN,
        "Special Income Charges": NaN,
        "Gain On Sale Of Business": NaN,
        "Impairment Of Capital Assets": 56850000.0,
        "Gain On Sale Of Security": -6019000.0,
        "Net Non Operating Interest Income Expense": NaN,
        "Interest Expense Non Operating": NaN,
        "Operating Income": NaN,
        "Operating Expense": NaN,
        "Depreciation Amortization Depletion Income Statement": NaN,
        "Depreciation And Amortization In Income Statement": NaN,
        "Research And Development": NaN,
        "Selling General And Administration": NaN,
        "Selling And Marketing Expense": NaN,
        "General And Administrative Expense": NaN,
        "Other Gand A": NaN,
        "Gross Profit": NaN,
        "Cost Of Revenue": NaN,
        "Total Revenue": NaN,
        "Operating Revenue": NaN
    },
    "2023-12-31": {
        "Tax Effect Of Unusual Items": NaN,
        "Tax Rate For Calcs": NaN,
        "Normalized EBITDA": NaN,
        "Total Unusual Items": NaN,
        "Total Unusual Items Excluding Goodwill": NaN,
        "Net Income From Continuing Operation Net Minority Interest": NaN,
        "Reconciled Depreciation": NaN,
        "Reconciled Cost Of Revenue": NaN,
        "EBITDA": NaN,
        "EBIT": NaN,
        "Net Interest Income": NaN,
        "Interest Expense": NaN,
        "Normalized Income": NaN,
        "Net Income From Continuing And Discontinued Operation": NaN,
        "Total Expenses": NaN,
        "Total Operating Income As Reported": NaN,
        "Diluted Average Shares": NaN,
        "Basic Average Shares": NaN,
        "Diluted EPS": NaN,
        "Basic EPS": NaN,
        "Diluted NI Availto Com Stockholders": NaN,
        "Average Dilution Earnings": 0.0,
        "Net Income Common Stockholders": NaN,
        "Otherunder Preferred Stock Dividend": NaN,
        "Net Income": NaN,
        "Net Income Including Noncontrolling Interests": NaN,
        "Net Income Continuous Operations": NaN,
        "Earnings From Equity Interest Net Of Tax": NaN,
        "Tax Provision": NaN,
        "Pretax Income": NaN,
        "Other Income Expense": NaN,
        "Other Non Operating Income Expenses": NaN,
        "Special Income Charges": NaN,
        "Gain On Sale Of Business": NaN,
        "Impairment Of Capital Assets": 0.0,
        "Gain On Sale Of Security": 1065000.0,
        "Net Non Operating Interest Income Expense": NaN,
        "Interest Expense Non Operating": NaN,
        "Operating Income": NaN,
        "Operating Expense": NaN,
        "Depreciation Amortization Depletion Income Statement": NaN,
        "Depreciation And Amortization In Income Statement": NaN,
        "Research And Development": NaN,
        "Selling General And Administration": NaN,
        "Selling And Marketing Expense": NaN,
        "General And Administrative Expense": NaN,
        "Other Gand A": NaN,
        "Gross Profit": NaN,
        "Cost Of Revenue": NaN,
        "Total Revenue": NaN,
        "Operating Revenue": NaN
    },
    "2024-03-31": {
        "Tax Effect Of Unusual Items": NaN,
        "Tax Rate For Calcs": NaN,
        "Normalized EBITDA": NaN,
        "Total Unusual Items": NaN,
        "Total Unusual Items Excluding Goodwill": NaN,
        "Net Income From Continuing Operation Net Minority Interest": NaN,
        "Reconciled Depreciation": NaN,
        "Reconciled Cost Of Revenue": NaN,
        "EBITDA": NaN,
        "EBIT": NaN,
        "Net Interest Income": NaN,
        "Interest Expense": NaN,
        "Normalized Income": NaN,
        "Net Income From Continuing And Discontinued Operation": NaN,
        "Total Expenses": NaN,
        "Total Operating Income As Reported": NaN,
        "Diluted Average Shares": NaN,
        "Basic Average Shares": NaN,
        "Diluted EPS": NaN,
        "Basic EPS": NaN,
        "Diluted NI Availto Com Stockholders": NaN,
        "Average Dilution Earnings": NaN,
        "Net Income Common Stockholders": NaN,
        "Otherunder Preferred Stock Dividend": NaN,
        "Net Income": NaN,
        "Net Income Including Noncontrolling Interests": NaN,
        "Net Income Continuous Operations": NaN,
        "Earnings From Equity Interest Net Of Tax": NaN,
        "Tax Provision": NaN,
        "Pretax Income": NaN,
        "Other Income Expense": NaN,
        "Other Non Operating Income Expenses": NaN,
        "Special Income Charges": NaN,
        "Gain On Sale Of Business": NaN,
        "Impairment Of Capital Assets": NaN,
        "Gain On Sale Of Security": -10705000.0,
        "Net Non Operating Interest Income Expense": NaN,
        "Interest Expense Non Operating": NaN,
        "Operating Income": NaN,
        "Operating Expense": NaN,
        "Provision For Doubtful Accounts": NaN,
        "Depreciation Amortization Depletion Income Statement": NaN,
        "Depreciation And Amortization In Income Statement": NaN,
        "Research And Development": NaN,
        "Selling General And Administration": NaN,
        "Selling And Marketing Expense": NaN,
        "General And Administrative Expense": NaN,
        "Other Gand A": NaN,
        "Gross Profit": NaN,
        "Cost Of Revenue": NaN,
        "Total Revenue": NaN,
        "Operating Revenue": NaN
    },
    "2024-06-30": {
        "Tax Effect Of Unusual Items": NaN,
        "Tax Rate For Calcs": NaN,
        "Normalized EBITDA": NaN,
        "Total Unusual Items": NaN,
        "Total Unusual Items Excluding Goodwill": NaN,
        "Net Income From Continuing Operation Net Minority Interest": NaN,
        "Reconciled Depreciation": NaN,
        "Reconciled Cost Of Revenue": NaN,
        "EBITDA": NaN,
        "EBIT": NaN,
        "Net Interest Income": NaN,
        "Interest Expense": NaN,
        "Normalized Income": NaN,
        "Net Income From Continuing And Discontinued Operation": NaN,
        "Total Expenses": NaN,
        "Total Operating Income As Reported": NaN,
        "Diluted Average Shares": NaN,
        "Basic Average Shares": NaN,
        "Diluted EPS": NaN,
        "Basic EPS": NaN,
        "Diluted NI Availto Com Stockholders": NaN,
        "Average Dilution Earnings": 2159000.0,
        "Net Income Common Stockholders": NaN,
        "Otherunder Preferred Stock Dividend": 0.0,
        "Net Income": NaN,
        "Net Income Including Noncontrolling Interests": NaN,
        "Net Income Continuous Operations": NaN,
        "Earnings From Equity Interest Net Of Tax": NaN,
        "Tax Provision": NaN,
        "Pretax Income": NaN,
        "Other Income Expense": NaN,
        "Other Non Operating Income Expenses": NaN,
        "Special Income Charges": NaN,
        "Gain On Sale Of Business": NaN,
        "Impairment Of Capital Assets": NaN,
        "Gain On Sale Of Security": 3051000.0,
        "Net Non Operating Interest Income Expense": NaN,
        "Interest Expense Non Operating": NaN,
        "Operating Income": NaN,
        "Operating Expense": NaN,
        "Provision For Doubtful Accounts": NaN,
        "Depreciation Amortization Depletion Income Statement": 52141000.0,
        "Depreciation And Amortization In Income Statement": 52141000.0,
        "Research And Development": NaN,
        "Selling General And Administration": NaN,
        "Selling And Marketing Expense": NaN,
        "General And Administrative Expense": NaN,
        "Other Gand A": NaN,
        "Gross Profit": NaN,
        "Cost Of Revenue": NaN,
        "Total Revenue": NaN,
        "Operating Revenue": NaN
    },
    "2024-09-30": {
        "Tax Effect Of Unusual Items": -17907330.0,
        "Tax Rate For Calcs": 0.21,
        "Normalized EBITDA": 104687000.0,
        "Total Unusual Items": -85273000.0,
        "Total Unusual Items Excluding Goodwill": -85273000.0,
        "Net Income From Continuing Operation Net Minority Interest": -48577000.0,
        "Reconciled Depreciation": 51351000.0,
        "Reconciled Cost Of Revenue": 51170000.0,
        "EBITDA": 19414000.0,
        "EBIT": -31937000.0,
        "Net Interest Income": -4024000.0,
        "Interest Expense": 4024000.0,
        "Normalized Income": 18788670.0,
        "Net Income From Continuing And Discontinued Operation": -48577000.0,
        "Total Expenses": 297611000.0,
        "Total Operating Income As Reported": -29304000.0,
        "Diluted Average Shares": 43924158.0,
        "Basic Average Shares": 43924158.0,
        "Diluted EPS": -1.11,
        "Basic EPS": -1.11,
        "Diluted NI Availto Com Stockholders": -48577000.0,
        "Average Dilution Earnings": 0.0,
        "Net Income Common Stockholders": -48577000.0,
        "Otherunder Preferred Stock Dividend": 0.0,
        "Net Income": -48577000.0,
        "Net Income Including Noncontrolling Interests": -48577000.0,
        "Net Income Continuous Operations": -48577000.0,
        "Earnings From Equity Interest Net Of Tax": -77000.0,
        "Tax Provision": 12539000.0,
        "Pretax Income": -35961000.0,
        "Other Income Expense": -87906000.0,
        "Other Non Operating Income Expenses": -2633000.0,
        "Special Income Charges": -85273000.0,
        "Gain On Sale Of Business": 0.0,
        "Impairment Of Capital Assets": 85273000.0,
        "Gain On Sale Of Security": NaN,
        "Net Non Operating Interest Income Expense": -4024000.0,
        "Interest Expense Non Operating": 4024000.0,
        "Operating Income": 55969000.0,
        "Operating Expense": 246441000.0,
        "Provision For Doubtful Accounts": 0.0,
        "Depreciation Amortization Depletion Income Statement": 51351000.0,
        "Depreciation And Amortization In Income Statement": 51351000.0,
        "Research And Development": 15255000.0,
        "Selling General And Administration": 179835000.0,
        "Selling And Marketing Expense": 127418000.0,
        "General And Administrative Expense": 52417000.0,
        "Other Gand A": 52417000.0,
        "Gross Profit": 302410000.0,
        "Cost Of Revenue": 51170000.0,
        "Total Revenue": 353580000.0,
        "Operating Revenue": 353580000.0
    },
    "2024-12-31": {
        "Tax Effect Of Unusual Items": 0.0,
        "Tax Rate For Calcs": 0.182516,
        "Normalized EBITDA": 140931000.0,
        "Total Unusual Items": 0.0,
        "Total Unusual Items Excluding Goodwill": 0.0,
        "Net Income From Continuing Operation Net Minority Interest": 64087000.0,
        "Reconciled Depreciation": 59971000.0,
        "Reconciled Cost Of Revenue": 47423000.0,
        "EBITDA": 140931000.0,
        "EBIT": 80960000.0,
        "Net Interest Income": -6391000.0,
        "Interest Expense": 6391000.0,
        "Normalized Income": 64087000.0,
        "Net Income From Continuing And Discontinued Operation": 64087000.0,
        "Total Expenses": 334301000.0,
        "Total Operating Income As Reported": 78522000.0,
        "Diluted Average Shares": 46690090.0,
        "Basic Average Shares": 42577188.0,
        "Diluted EPS": 1.43,
        "Basic EPS": 1.51,
        "Diluted NI Availto Com Stockholders": 64087000.0,
        "Average Dilution Earnings": NaN,
        "Net Income Common Stockholders": 64087000.0,
        "Otherunder Preferred Stock Dividend": 0.0,
        "Net Income": 64087000.0,
        "Net Income Including Noncontrolling Interests": 64087000.0,
        "Net Income Continuous Operations": 64087000.0,
        "Earnings From Equity Interest Net Of Tax": 3128000.0,
        "Tax Provision": 13610000.0,
        "Pretax Income": 74569000.0,
        "Other Income Expense": 2438000.0,
        "Other Non Operating Income Expenses": 2438000.0,
        "Special Income Charges": 0.0,
        "Gain On Sale Of Business": 0.0,
        "Impairment Of Capital Assets": 0.0,
        "Gain On Sale Of Security": 0.0,
        "Net Non Operating Interest Income Expense": -6391000.0,
        "Interest Expense Non Operating": 6391000.0,
        "Operating Income": 78522000.0,
        "Operating Expense": 286878000.0,
        "Provision For Doubtful Accounts": NaN,
        "Depreciation Amortization Depletion Income Statement": NaN,
        "Depreciation And Amortization In Income Statement": NaN,
        "Research And Development": 17549000.0,
        "Selling General And Administration": 57413000.0,
        "Selling And Marketing Expense": 150510000.0,
        "General And Administrative Expense": -93097000.0,
        "Other Gand A": -93097000.0,
        "Gross Profit": 365400000.0,
        "Cost Of Revenue": 47423000.0,
        "Total Revenue": 412823000.0,
        "Operating Revenue": 412823000.0
    },
    "2025-03-31": {
        "Tax Effect Of Unusual Items": 0.0,
        "Tax Rate For Calcs": 0.328,
        "Normalized EBITDA": 88159000.0,
        "Total Unusual Items": 0.0,
        "Total Unusual Items Excluding Goodwill": 0.0,
        "Net Income From Continuing Operation Net Minority Interest": 24239000.0,
        "Reconciled Depreciation": 55832000.0,
        "Reconciled Cost Of Revenue": 47208000.0,
        "EBITDA": 88159000.0,
        "EBIT": 32327000.0,
        "Net Interest Income": -6131000.0,
        "Interest Expense": 6131000.0,
        "Normalized Income": 24239000.0,
        "Net Income From Continuing And Discontinued Operation": 24239000.0,
        "Total Expenses": 293506000.0,
        "Total Operating Income As Reported": 35130000.0,
        "Diluted Average Shares": 44167069.0,
        "Basic Average Shares": 42558090.0,
        "Diluted EPS": 0.56,
        "Basic EPS": 0.57,
        "Diluted NI Availto Com Stockholders": 24821000.0,
        "Average Dilution Earnings": NaN,
        "Net Income Common Stockholders": 24821000.0,
        "Otherunder Preferred Stock Dividend": -582000.0,
        "Net Income": 24239000.0,
        "Net Income Including Noncontrolling Interests": 24239000.0,
        "Net Income Continuous Operations": 24239000.0,
        "Earnings From Equity Interest Net Of Tax": 6630000.0,
        "Tax Provision": 8587000.0,
        "Pretax Income": 26196000.0,
        "Other Income Expense": -2803000.0,
        "Other Non Operating Income Expenses": -2803000.0,
        "Special Income Charges": 0.0,
        "Gain On Sale Of Business": 0.0,
        "Impairment Of Capital Assets": NaN,
        "Gain On Sale Of Security": NaN,
        "Net Non Operating Interest Income Expense": -6131000.0,
        "Interest Expense Non Operating": 6131000.0,
        "Operating Income": 35130000.0,
        "Operating Expense": 246298000.0,
        "Provision For Doubtful Accounts": NaN,
        "Depreciation Amortization Depletion Income Statement": 55832000.0,
        "Depreciation And Amortization In Income Statement": 55832000.0,
        "Research And Development": 15876000.0,
        "Selling General And Administration": 174590000.0,
        "Selling And Marketing Expense": 127680000.0,
        "General And Administrative Expense": 46910000.0,
        "Other Gand A": 46910000.0,
        "Gross Profit": 281428000.0,
        "Cost Of Revenue": 47208000.0,
        "Total Revenue": 328636000.0,
        "Operating Revenue": 328636000.0
    },
    "2025-06-30": {
        "Tax Effect Of Unusual Items": 729120.0,
        "Tax Rate For Calcs": 0.168,
        "Normalized EBITDA": 85303000.0,
        "Total Unusual Items": 4340000.0,
        "Total Unusual Items Excluding Goodwill": 4340000.0,
        "Net Income From Continuing Operation Net Minority Interest": 26343000.0,
        "Reconciled Depreciation": 57606000.0,
        "Reconciled Cost Of Revenue": 48974000.0,
        "EBITDA": 89643000.0,
        "EBIT": 32037000.0,
        "Net Interest Income": -6523000.0,
        "Interest Expense": 6523000.0,
        "Normalized Income": 22732120.0,
        "Net Income From Continuing And Discontinued Operation": 26343000.0,
        "Total Expenses": 318726000.0,
        "Total Operating Income As Reported": 33483000.0,
        "Diluted Average Shares": 43148504.0,
        "Basic Average Shares": 41732800.0,
        "Diluted EPS": 0.62,
        "Basic EPS": 0.63,
        "Diluted NI Availto Com Stockholders": 26926000.0,
        "Average Dilution Earnings": 583000.0,
        "Net Income Common Stockholders": 26343000.0,
        "Otherunder Preferred Stock Dividend": NaN,
        "Net Income": 26343000.0,
        "Net Income Including Noncontrolling Interests": 26343000.0,
        "Net Income Continuous Operations": 26343000.0,
        "Earnings From Equity Interest Net Of Tax": 5115000.0,
        "Tax Provision": 4286000.0,
        "Pretax Income": 25514000.0,
        "Other Income Expense": -1446000.0,
        "Other Non Operating Income Expenses": -5786000.0,
        "Special Income Charges": 0.0,
        "Gain On Sale Of Business": 0.0,
        "Impairment Of Capital Assets": NaN,
        "Gain On Sale Of Security": 4340000.0,
        "Net Non Operating Interest Income Expense": -6523000.0,
        "Interest Expense Non Operating": 6523000.0,
        "Operating Income": 33483000.0,
        "Operating Expense": 269752000.0,
        "Provision For Doubtful Accounts": NaN,
        "Depreciation Amortization Depletion Income Statement": 57606000.0,
        "Depreciation And Amortization In Income Statement": 57606000.0,
        "Research And Development": 16478000.0,
        "Selling General And Administration": 195668000.0,
        "Selling And Marketing Expense": 141598000.0,
        "General And Administrative Expense": 54070000.0,
        "Other Gand A": 54070000.0,
        "Gross Profit": 303235000.0,
        "Cost Of Revenue": 48974000.0,
        "Total Revenue": 352209000.0,
        "Operating Revenue": 352209000.0
    },
    "2025-09-30": {
        "Tax Effect Of Unusual Items": -3549210.0,
        "Tax Rate For Calcs": 0.21,
        "Normalized EBITDA": 89858000.0,
        "Total Unusual Items": -16901000.0,
        "Total Unusual Items Excluding Goodwill": -16901000.0,
        "Net Income From Continuing Operation Net Minority Interest": -3598000.0,
        "Reconciled Depreciation": 57319000.0,
        "Reconciled Cost Of Revenue": 53152000.0,
        "EBITDA": 72957000.0,
        "EBIT": 15638000.0,
        "Net Interest Income": -6496000.0,
        "Interest Expense": 6496000.0,
        "Normalized Income": 9753790.0,
        "Net Income From Continuing And Discontinued Operation": -3598000.0,
        "Total Expenses": 335270000.0,
        "Total Operating Income As Reported": 28428000.0,
        "Diluted Average Shares": 40558629.0,
        "Basic Average Shares": 40558629.0,
        "Diluted EPS": -0.09,
        "Basic EPS": -0.09,
        "Diluted NI Availto Com Stockholders": -3598000.0,
        "Average Dilution Earnings": 0.0,
        "Net Income Common Stockholders": -3598000.0,
        "Otherunder Preferred Stock Dividend": 0.0,
        "Net Income": -3598000.0,
        "Net Income Including Noncontrolling Interests": -3598000.0,
        "Net Income Continuous Operations": -3598000.0,
        "Earnings From Equity Interest Net Of Tax": 38000.0,
        "Tax Provision": 12778000.0,
        "Pretax Income": 9142000.0,
        "Other Income Expense": -12803000.0,
        "Other Non Operating Income Expenses": 4098000.0,
        "Special Income Charges": -17579000.0,
        "Gain On Sale Of Business": 0.0,
        "Impairment Of Capital Assets": 17579000.0,
        "Gain On Sale Of Security": 678000.0,
        "Net Non Operating Interest Income Expense": -6496000.0,
        "Interest Expense Non Operating": 6496000.0,
        "Operating Income": 28441000.0,
        "Operating Expense": 282118000.0,
        "Provision For Doubtful Accounts": 17566000.0,
        "Depreciation Amortization Depletion Income Statement": 57319000.0,
        "Depreciation And Amortization In Income Statement": 57319000.0,
        "Research And Development": 15402000.0,
        "Selling General And Administration": 191831000.0,
        "Selling And Marketing Expense": 137835000.0,
        "General And Administrative Expense": 53996000.0,
        "Other Gand A": 53996000.0,
        "Gross Profit": 310559000.0,
        "Cost Of Revenue": 53152000.0,
        "Total Revenue": 363711000.0,
        "Operating Revenue": 363711000.0
    }
}