{
    "2023-04-30": {
        "Tax Effect Of Unusual Items": 544271.4,
        "Tax Rate For Calcs": 0.1458,
        "Normalized EBITDA": -8997000.0,
        "Total Unusual Items": 3733000.0,
        "Total Unusual Items Excluding Goodwill": 3733000.0,
        "Net Income From Continuing Operation Net Minority Interest": -17979000.0,
        "Reconciled Depreciation": 12302000.0,
        "Reconciled Cost Of Revenue": 30620000.0,
        "EBITDA": -5264000.0,
        "EBIT": -17566000.0,
        "Net Interest Income": -3482000.0,
        "Interest Expense": 3482000.0,
        "Normalized Income": -21167728.6,
        "Net Income From Continuing And Discontinued Operation": -17979000.0,
        "Total Expenses": 66833000.0,
        "Rent Expense Supplemental": NaN,
        "Total Operating Income As Reported": -21299000.0,
        "Diluted Average Shares": 118663481.0,
        "Basic Average Shares": 118663481.0,
        "Diluted EPS": -0.151512,
        "Basic EPS": -0.151512,
        "Diluted NI Availto Com Stockholders": -17979000.0,
        "Net Income Common Stockholders": -17979000.0,
        "Net Income": -17979000.0,
        "Net Income Including Noncontrolling Interests": -17979000.0,
        "Net Income Continuous Operations": -17979000.0,
        "Tax Provision": -3069000.0,
        "Pretax Income": -21048000.0,
        "Other Income Expense": 3733000.0,
        "Other Non Operating Income Expenses": NaN,
        "Special Income Charges": 2100000.0,
        "Impairment Of Capital Assets": NaN,
        "Restructuring And Mergern Acquisition": -2100000.0,
        "Gain On Sale Of Security": 1633000.0,
        "Net Non Operating Interest Income Expense": -3482000.0,
        "Interest Expense Non Operating": 3482000.0,
        "Operating Income": -21299000.0,
        "Operating Expense": 36213000.0,
        "Depreciation Amortization Depletion Income Statement": NaN,
        "Depreciation And Amortization In Income Statement": NaN,
        "Amortization": NaN,
        "Amortization Of Intangibles Income Statement": NaN,
        "Research And Development": 6417000.0,
        "Selling General And Administration": 29796000.0,
        "Selling And Marketing Expense": 19389000.0,
        "General And Administrative Expense": 10407000.0,
        "Other Gand A": 10407000.0,
        "Insurance And Claims": NaN,
        "Rent And Landing Fees": NaN,
        "Salaries And Wages": NaN,
        "Gross Profit": 14914000.0,
        "Cost Of Revenue": 30620000.0,
        "Total Revenue": 45534000.0,
        "Operating Revenue": 45534000.0
    },
    "2023-01-31": {
        "Tax Effect Of Unusual Items": -16433.922319,
        "Tax Rate For Calcs": 0.328678,
        "Normalized EBITDA": -8597000.0,
        "Total Unusual Items": -50000.0,
        "Total Unusual Items Excluding Goodwill": -50000.0,
        "Net Income From Continuing Operation Net Minority Interest": -16489000.0,
        "Reconciled Depreciation": 12476000.0,
        "Reconciled Cost Of Revenue": 31545000.0,
        "EBITDA": -8647000.0,
        "EBIT": -21123000.0,
        "Net Interest Income": -3439000.0,
        "Interest Expense": 3439000.0,
        "Normalized Income": -16455433.922319,
        "Net Income From Continuing And Discontinued Operation": -16489000.0,
        "Total Expenses": 66470000.0,
        "Rent Expense Supplemental": NaN,
        "Total Operating Income As Reported": -21073000.0,
        "Diluted Average Shares": 116870963.0,
        "Basic Average Shares": 116870963.0,
        "Diluted EPS": -0.14,
        "Basic EPS": -0.14,
        "Diluted NI Availto Com Stockholders": -16489000.0,
        "Net Income Common Stockholders": -16489000.0,
        "Net Income": -16489000.0,
        "Net Income Including Noncontrolling Interests": -16489000.0,
        "Net Income Continuous Operations": -16489000.0,
        "Tax Provision": -8073000.0,
        "Pretax Income": -24562000.0,
        "Other Income Expense": -50000.0,
        "Other Non Operating Income Expenses": NaN,
        "Special Income Charges": 423000.0,
        "Impairment Of Capital Assets": 0.0,
        "Restructuring And Mergern Acquisition": -423000.0,
        "Gain On Sale Of Security": -473000.0,
        "Net Non Operating Interest Income Expense": -3439000.0,
        "Interest Expense Non Operating": 3439000.0,
        "Operating Income": -21073000.0,
        "Operating Expense": 34925000.0,
        "Depreciation Amortization Depletion Income Statement": NaN,
        "Depreciation And Amortization In Income Statement": NaN,
        "Amortization": NaN,
        "Amortization Of Intangibles Income Statement": NaN,
        "Research And Development": 6497000.0,
        "Selling General And Administration": 28428000.0,
        "Selling And Marketing Expense": 19112000.0,
        "General And Administrative Expense": 9316000.0,
        "Other Gand A": 9316000.0,
        "Insurance And Claims": NaN,
        "Rent And Landing Fees": NaN,
        "Salaries And Wages": NaN,
        "Gross Profit": 13852000.0,
        "Cost Of Revenue": 31545000.0,
        "Total Revenue": 45397000.0,
        "Operating Revenue": 45397000.0
    },
    "2022-10-31": {
        "Tax Effect Of Unusual Items": -2392607.0,
        "Tax Rate For Calcs": 0.0035,
        "Normalized EBITDA": -7080000.0,
        "Total Unusual Items": -683602000.0,
        "Total Unusual Items Excluding Goodwill": -683602000.0,
        "Net Income From Continuing Operation Net Minority Interest": -704158000.0,
        "Reconciled Depreciation": 11497000.0,
        "Reconciled Cost Of Revenue": 30280000.0,
        "EBITDA": -690682000.0,
        "EBIT": -702179000.0,
        "Net Interest Income": -4428000.0,
        "Interest Expense": 4428000.0,
        "Normalized Income": -22948607.0,
        "Net Income From Continuing And Discontinued Operation": -704158000.0,
        "Total Expenses": 61566000.0,
        "Rent Expense Supplemental": NaN,
        "Total Operating Income As Reported": -717227000.0,
        "Diluted Average Shares": 116853297.0,
        "Basic Average Shares": 116853297.0,
        "Diluted EPS": -6.03,
        "Basic EPS": -6.03,
        "Diluted NI Availto Com Stockholders": -704158000.0,
        "Net Income Common Stockholders": -704158000.0,
        "Net Income": -704158000.0,
        "Net Income Including Noncontrolling Interests": -704158000.0,
        "Net Income Continuous Operations": -704158000.0,
        "Tax Provision": -2449000.0,
        "Pretax Income": -706607000.0,
        "Other Income Expense": -683602000.0,
        "Other Non Operating Income Expenses": NaN,
        "Special Income Charges": -689439000.0,
        "Impairment Of Capital Assets": 698650000.0,
        "Restructuring And Mergern Acquisition": -9211000.0,
        "Gain On Sale Of Security": 5837000.0,
        "Net Non Operating Interest Income Expense": -4428000.0,
        "Interest Expense Non Operating": 4428000.0,
        "Operating Income": -18577000.0,
        "Operating Expense": 31286000.0,
        "Depreciation Amortization Depletion Income Statement": NaN,
        "Depreciation And Amortization In Income Statement": NaN,
        "Amortization": NaN,
        "Amortization Of Intangibles Income Statement": NaN,
        "Research And Development": 5637000.0,
        "Selling General And Administration": 25649000.0,
        "Selling And Marketing Expense": 16747000.0,
        "General And Administrative Expense": 8902000.0,
        "Other Gand A": 8902000.0,
        "Insurance And Claims": NaN,
        "Rent And Landing Fees": NaN,
        "Salaries And Wages": NaN,
        "Gross Profit": 12709000.0,
        "Cost Of Revenue": 30280000.0,
        "Total Revenue": 42989000.0,
        "Operating Revenue": 42989000.0
    },
    "2022-07-31": {
        "Tax Effect Of Unusual Items": -558400.0,
        "Tax Rate For Calcs": 0.4,
        "Normalized EBITDA": -7026000.0,
        "Total Unusual Items": -1396000.0,
        "Total Unusual Items Excluding Goodwill": -1396000.0,
        "Net Income From Continuing Operation Net Minority Interest": -11202000.0,
        "Reconciled Depreciation": 1145000.0,
        "Reconciled Cost Of Revenue": 4557000.0,
        "EBITDA": -8422000.0,
        "EBIT": -9567000.0,
        "Net Interest Income": -1579000.0,
        "Interest Expense": 1579000.0,
        "Normalized Income": -10364400.0,
        "Net Income From Continuing And Discontinued Operation": -11202000.0,
        "Total Expenses": 23817000.0,
        "Total Operating Income As Reported": -8171000.0,
        "Diluted Average Shares": 117440279.0,
        "Basic Average Shares": 117440279.0,
        "Diluted EPS": -0.095385,
        "Basic EPS": -0.095385,
        "Diluted NI Availto Com Stockholders": -11202000.0,
        "Net Income Common Stockholders": -11202000.0,
        "Net Income": -11202000.0,
        "Net Income Including Noncontrolling Interests": -11202000.0,
        "Net Income Continuous Operations": -11202000.0,
        "Tax Provision": 56000.0,
        "Pretax Income": -11146000.0,
        "Other Income Expense": -1396000.0,
        "Other Non Operating Income Expenses": NaN,
        "Special Income Charges": NaN,
        "Other Special Charges": NaN,
        "Impairment Of Capital Assets": NaN,
        "Restructuring And Mergern Acquisition": NaN,
        "Gain On Sale Of Security": -1396000.0,
        "Net Non Operating Interest Income Expense": -1579000.0,
        "Interest Expense Non Operating": 1579000.0,
        "Operating Income": -8171000.0,
        "Operating Expense": 19260000.0,
        "Research And Development": 4131000.0,
        "Selling General And Administration": 15129000.0,
        "Selling And Marketing Expense": 9982000.0,
        "General And Administrative Expense": 5147000.0,
        "Other Gand A": 5147000.0,
        "Gross Profit": 11089000.0,
        "Cost Of Revenue": 4557000.0,
        "Total Revenue": 15646000.0,
        "Operating Revenue": 15646000.0
    },
    "2022-06-30": {
        "Diluted EPS": 0.86,
        "Total Revenue": NaN,
        "Gross Profit": NaN,
        "Operating Income": -2,
        "EBIT": -2,
        "Net Income": 4
    },
    "2022-04-30": {
        "Diluted EPS": -0.24,
        "Total Revenue": 14,
        "Gross Profit": 9,
        "Operating Income": -8,
        "EBIT": -7,
        "Net Income": -10
    },
    "2022-03-31": {
        "Diluted EPS": 0.32,
        "Total Revenue": NaN,
        "Gross Profit": NaN,
        "Operating Income": -2,
        "EBIT": -2,
        "Net Income": 7
    },
    "2022-01-31": {
        "Diluted EPS": -1.16,
        "Total Revenue": 36,
        "Gross Profit": 23,
        "Operating Income": -39,
        "EBIT": -37,
        "Net Income": -48
    },
    "2021-12-31": {
        "Diluted EPS": 0.0,
        "Total Revenue": NaN,
        "Gross Profit": NaN,
        "Operating Income": NaN,
        "EBIT": NaN,
        "Net Income": NaN
    },
    "2021-10-31": {
        "Diluted EPS": -0.27,
        "Total Revenue": 12,
        "Gross Profit": 8,
        "Operating Income": -9,
        "EBIT": -9,
        "Net Income": -11
    },
    "2021-09-30": {
        "Diluted EPS": 0.38,
        "Total Revenue": NaN,
        "Gross Profit": NaN,
        "Operating Income": -1,
        "EBIT": -1,
        "Net Income": 2
    },
    "2021-06-30": {
        "Diluted EPS": -0.62,
        "Total Revenue": NaN,
        "Gross Profit": NaN,
        "Operating Income": 0,
        "EBIT": 0,
        "Net Income": -3
    },
    "2021-03-31": {
        "Diluted EPS": 0.49,
        "Total Revenue": NaN,
        "Gross Profit": NaN,
        "Operating Income": 0,
        "EBIT": 0,
        "Net Income": 11
    },
    "2021-01-31": {
        "Diluted EPS": 0.0,
        "Total Revenue": NaN,
        "Gross Profit": NaN,
        "Operating Income": NaN,
        "EBIT": NaN,
        "Net Income": NaN
    },
    "2020-12-31": {
        "Diluted EPS": 0.0,
        "Total Revenue": NaN,
        "Gross Profit": NaN,
        "Operating Income": NaN,
        "EBIT": NaN,
        "Net Income": NaN
    },
    "2020-10-31": {
        "Diluted EPS": 0.0,
        "Total Revenue": NaN,
        "Gross Profit": NaN,
        "Operating Income": 0,
        "EBIT": 0,
        "Net Income": 0
    },
    "2020-09-30": {
        "Diluted EPS": -0.0,
        "Total Revenue": NaN,
        "Gross Profit": NaN,
        "Operating Income": 0,
        "EBIT": 0,
        "Net Income": 0
    },
    "2020-07-31": {
        "Diluted EPS": 0.0,
        "Total Revenue": NaN,
        "Gross Profit": NaN,
        "Operating Income": 0,
        "EBIT": 0,
        "Net Income": 0
    },
    "2023-07-31": {
        "Tax Effect Of Unusual Items": -317441.8,
        "Tax Rate For Calcs": 0.2158,
        "Normalized EBITDA": -3144000.0,
        "Total Unusual Items": -1471000.0,
        "Total Unusual Items Excluding Goodwill": -1471000.0,
        "Net Income From Continuing Operation Net Minority Interest": -16836000.0,
        "Reconciled Depreciation": 13036000.0,
        "Reconciled Cost Of Revenue": 34647000.0,
        "EBITDA": -4615000.0,
        "EBIT": -17651000.0,
        "Net Interest Income": -3818000.0,
        "Interest Expense": 3818000.0,
        "Normalized Income": -15682441.8,
        "Net Income From Continuing And Discontinued Operation": -16836000.0,
        "Total Expenses": 78388000.0,
        "Rent Expense Supplemental": 600000.0,
        "Total Operating Income As Reported": -16180000.0,
        "Diluted Average Shares": 123354228.0,
        "Basic Average Shares": 123354228.0,
        "Diluted EPS": -0.14,
        "Basic EPS": -0.14,
        "Diluted NI Availto Com Stockholders": -16836000.0,
        "Net Income Common Stockholders": -16836000.0,
        "Net Income": -16836000.0,
        "Net Income Including Noncontrolling Interests": -16836000.0,
        "Net Income Continuous Operations": -16836000.0,
        "Tax Provision": -4633000.0,
        "Pretax Income": -21469000.0,
        "Other Income Expense": -1471000.0,
        "Other Non Operating Income Expenses": -1455000.0,
        "Special Income Charges": -1615000.0,
        "Impairment Of Capital Assets": NaN,
        "Restructuring And Mergern Acquisition": 1615000.0,
        "Gain On Sale Of Security": 144000.0,
        "Net Non Operating Interest Income Expense": -3818000.0,
        "Interest Expense Non Operating": 3818000.0,
        "Operating Income": -16153000.0,
        "Operating Expense": 34905000.0,
        "Depreciation Amortization Depletion Income Statement": 4200000.0,
        "Depreciation And Amortization In Income Statement": 4200000.0,
        "Amortization": 4200000.0,
        "Amortization Of Intangibles Income Statement": 4200000.0,
        "Research And Development": 8705000.0,
        "Selling General And Administration": 22000000.0,
        "Selling And Marketing Expense": 12800000.0,
        "General And Administrative Expense": 9200000.0,
        "Other Gand A": 6200000.0,
        "Insurance And Claims": 1100000.0,
        "Rent And Landing Fees": 600000.0,
        "Salaries And Wages": 1300000.0,
        "Gross Profit": 18752000.0,
        "Cost Of Revenue": 43483000.0,
        "Total Revenue": 62235000.0,
        "Operating Revenue": 62235000.0
    },
    "2023-10-31": {
        "Tax Effect Of Unusual Items": -851692.551325,
        "Tax Rate For Calcs": 0.012327,
        "Normalized EBITDA": -3453000.0,
        "Total Unusual Items": -69091000.0,
        "Total Unusual Items Excluding Goodwill": -69091000.0,
        "Net Income From Continuing Operation Net Minority Interest": -86692000.0,
        "Reconciled Depreciation": 11313000.0,
        "Reconciled Cost Of Revenue": 45194000.0,
        "EBITDA": -72544000.0,
        "EBIT": -83857000.0,
        "Net Interest Income": -3917000.0,
        "Interest Expense": 3917000.0,
        "Normalized Income": -18452692.551325,
        "Net Income From Continuing And Discontinued Operation": -86692000.0,
        "Total Expenses": 79789000.0,
        "Rent Expense Supplemental": NaN,
        "Total Operating Income As Reported": -86914000.0,
        "Diluted Average Shares": 126586116.0,
        "Basic Average Shares": 126586116.0,
        "Diluted EPS": -0.68,
        "Basic EPS": -0.68,
        "Diluted NI Availto Com Stockholders": -86692000.0,
        "Net Income Common Stockholders": -86692000.0,
        "Net Income": -86692000.0,
        "Net Income Including Noncontrolling Interests": -86692000.0,
        "Net Income Continuous Operations": -86692000.0,
        "Tax Provision": -1082000.0,
        "Pretax Income": -87774000.0,
        "Other Income Expense": -69091000.0,
        "Other Non Operating Income Expenses": NaN,
        "Special Income Charges": -69463000.0,
        "Impairment Of Capital Assets": 72148000.0,
        "Restructuring And Mergern Acquisition": -2685000.0,
        "Gain On Sale Of Security": 372000.0,
        "Net Non Operating Interest Income Expense": -3917000.0,
        "Interest Expense Non Operating": 3917000.0,
        "Operating Income": -14766000.0,
        "Operating Expense": 34595000.0,
        "Depreciation Amortization Depletion Income Statement": NaN,
        "Depreciation And Amortization In Income Statement": NaN,
        "Amortization": NaN,
        "Amortization Of Intangibles Income Statement": NaN,
        "Research And Development": 8162000.0,
        "Selling General And Administration": 26433000.0,
        "Selling And Marketing Expense": 18234000.0,
        "General And Administrative Expense": 8199000.0,
        "Other Gand A": 8199000.0,
        "Insurance And Claims": NaN,
        "Rent And Landing Fees": NaN,
        "Salaries And Wages": NaN,
        "Gross Profit": 19829000.0,
        "Cost Of Revenue": 45194000.0,
        "Total Revenue": 65023000.0,
        "Operating Revenue": 65023000.0
    },
    "2024-01-31": {
        "Tax Effect Of Unusual Items": -85300400.0,
        "Tax Rate For Calcs": 0.4,
        "Normalized EBITDA": -3056000.0,
        "Total Unusual Items": -213251000.0,
        "Total Unusual Items Excluding Goodwill": -213251000.0,
        "Net Income From Continuing Operation Net Minority Interest": -234803000.0,
        "Reconciled Depreciation": 13473000.0,
        "Reconciled Cost Of Revenue": 39039000.0,
        "EBITDA": -216307000.0,
        "EBIT": -229780000.0,
        "Net Interest Income": -3985000.0,
        "Interest Expense": 3985000.0,
        "Normalized Income": -106852400.0,
        "Net Income From Continuing And Discontinued Operation": -234803000.0,
        "Total Expenses": 77037000.0,
        "Rent Expense Supplemental": NaN,
        "Total Operating Income As Reported": -228621000.0,
        "Diluted Average Shares": NaN,
        "Basic Average Shares": NaN,
        "Diluted EPS": NaN,
        "Basic EPS": NaN,
        "Diluted NI Availto Com Stockholders": -234803000.0,
        "Net Income Common Stockholders": -234803000.0,
        "Net Income": -234803000.0,
        "Net Income Including Noncontrolling Interests": -234803000.0,
        "Net Income Continuous Operations": -234803000.0,
        "Tax Provision": 1038000.0,
        "Pretax Income": -233765000.0,
        "Other Income Expense": -213251000.0,
        "Other Non Operating Income Expenses": NaN,
        "Special Income Charges": -213414000.0,
        "Impairment Of Capital Assets": 212092000.0,
        "Restructuring And Mergern Acquisition": 1322000.0,
        "Gain On Sale Of Security": 163000.0,
        "Net Non Operating Interest Income Expense": -3985000.0,
        "Interest Expense Non Operating": 3985000.0,
        "Operating Income": -16529000.0,
        "Operating Expense": 37998000.0,
        "Depreciation Amortization Depletion Income Statement": NaN,
        "Depreciation And Amortization In Income Statement": NaN,
        "Amortization": NaN,
        "Amortization Of Intangibles Income Statement": NaN,
        "Research And Development": 7906000.0,
        "Selling General And Administration": 30092000.0,
        "Selling And Marketing Expense": 20066000.0,
        "General And Administrative Expense": 10026000.0,
        "Other Gand A": 10026000.0,
        "Insurance And Claims": NaN,
        "Rent And Landing Fees": NaN,
        "Salaries And Wages": NaN,
        "Gross Profit": 21469000.0,
        "Cost Of Revenue": 39039000.0,
        "Total Revenue": 60508000.0,
        "Operating Revenue": 60508000.0
    }
}