{
    "2023-03-31": {
        "Tax Effect Of Unusual Items": -806250.0,
        "Tax Rate For Calcs": 0.25,
        "Normalized EBITDA": -213519000.0,
        "Total Unusual Items": -3225000.0,
        "Total Unusual Items Excluding Goodwill": -3225000.0,
        "Net Income From Continuing Operation Net Minority Interest": -181355000.0,
        "Reconciled Cost Of Revenue": 482001000.0,
        "EBITDA": -216744000.0,
        "EBIT": -216744000.0,
        "Net Interest Income": 39493000.0,
        "Interest Income": 39493000.0,
        "Normalized Income": -178936250.0,
        "Net Income From Continuing And Discontinued Operation": -181355000.0,
        "Total Expenses": 1210964000.0,
        "Total Operating Income As Reported": -216744000.0,
        "Diluted Average Shares": 101748345.0,
        "Basic Average Shares": 101748345.0,
        "Diluted EPS": -1.77,
        "Basic EPS": -1.77,
        "Diluted NI Availto Com Stockholders": -181355000.0,
        "Net Income Common Stockholders": -181355000.0,
        "Otherunder Preferred Stock Dividend": NaN,
        "Net Income": -181355000.0,
        "Minority Interests": -2383000.0,
        "Net Income Including Noncontrolling Interests": -178972000.0,
        "Net Income Continuous Operations": -178972000.0,
        "Tax Provision": 4829000.0,
        "Pretax Income": -174143000.0,
        "Other Income Expense": 3108000.0,
        "Other Non Operating Income Expenses": 6333000.0,
        "Gain On Sale Of Security": -3225000.0,
        "Net Non Operating Interest Income Expense": 39493000.0,
        "Interest Income Non Operating": 39493000.0,
        "Operating Income": -216744000.0,
        "Operating Expense": 728963000.0,
        "Research And Development": 182960000.0,
        "Selling General And Administration": 546003000.0,
        "Selling And Marketing Expense": 445565000.0,
        "General And Administrative Expense": 100438000.0,
        "Other Gand A": 100438000.0,
        "Gross Profit": 512219000.0,
        "Cost Of Revenue": 482001000.0,
        "Total Revenue": 994220000.0,
        "Operating Revenue": 953904000.0
    },
    "2022-12-31": {
        "Tax Effect Of Unusual Items": NaN,
        "Tax Rate For Calcs": NaN,
        "Normalized EBITDA": NaN,
        "Total Unusual Items": NaN,
        "Total Unusual Items Excluding Goodwill": NaN,
        "Net Income From Continuing Operation Net Minority Interest": NaN,
        "Reconciled Cost Of Revenue": NaN,
        "EBITDA": NaN,
        "EBIT": NaN,
        "Net Interest Income": NaN,
        "Interest Income": NaN,
        "Normalized Income": NaN,
        "Net Income From Continuing And Discontinued Operation": NaN,
        "Total Expenses": NaN,
        "Total Operating Income As Reported": NaN,
        "Diluted Average Shares": NaN,
        "Basic Average Shares": NaN,
        "Diluted EPS": NaN,
        "Basic EPS": NaN,
        "Diluted NI Availto Com Stockholders": NaN,
        "Net Income Common Stockholders": NaN,
        "Otherunder Preferred Stock Dividend": 0.0,
        "Net Income": NaN,
        "Minority Interests": NaN,
        "Net Income Including Noncontrolling Interests": NaN,
        "Net Income Continuous Operations": NaN,
        "Tax Provision": NaN,
        "Pretax Income": NaN,
        "Other Income Expense": NaN,
        "Other Non Operating Income Expenses": NaN,
        "Gain On Sale Of Security": NaN,
        "Net Non Operating Interest Income Expense": NaN,
        "Interest Income Non Operating": NaN,
        "Operating Income": NaN,
        "Operating Expense": NaN,
        "Research And Development": NaN,
        "Selling General And Administration": NaN,
        "Selling And Marketing Expense": NaN,
        "General And Administrative Expense": NaN,
        "Other Gand A": NaN,
        "Gross Profit": NaN,
        "Cost Of Revenue": NaN,
        "Total Revenue": NaN,
        "Operating Revenue": NaN
    },
    "2022-09-30": {
        "Tax Effect Of Unusual Items": NaN,
        "Tax Rate For Calcs": NaN,
        "Normalized EBITDA": NaN,
        "Total Unusual Items": NaN,
        "Total Unusual Items Excluding Goodwill": NaN,
        "Net Income From Continuing Operation Net Minority Interest": NaN,
        "Reconciled Cost Of Revenue": NaN,
        "EBITDA": NaN,
        "EBIT": NaN,
        "Net Interest Income": NaN,
        "Interest Income": NaN,
        "Normalized Income": NaN,
        "Net Income From Continuing And Discontinued Operation": NaN,
        "Total Expenses": NaN,
        "Total Operating Income As Reported": NaN,
        "Diluted Average Shares": NaN,
        "Basic Average Shares": NaN,
        "Diluted EPS": NaN,
        "Basic EPS": NaN,
        "Diluted NI Availto Com Stockholders": NaN,
        "Net Income Common Stockholders": NaN,
        "Otherunder Preferred Stock Dividend": 0.0,
        "Net Income": NaN,
        "Minority Interests": NaN,
        "Net Income Including Noncontrolling Interests": NaN,
        "Net Income Continuous Operations": NaN,
        "Tax Provision": NaN,
        "Pretax Income": NaN,
        "Other Income Expense": NaN,
        "Other Non Operating Income Expenses": NaN,
        "Gain On Sale Of Security": NaN,
        "Net Non Operating Interest Income Expense": NaN,
        "Interest Income Non Operating": NaN,
        "Operating Income": NaN,
        "Operating Expense": NaN,
        "Research And Development": NaN,
        "Selling General And Administration": NaN,
        "Selling And Marketing Expense": NaN,
        "General And Administrative Expense": NaN,
        "Other Gand A": NaN,
        "Gross Profit": NaN,
        "Cost Of Revenue": NaN,
        "Total Revenue": NaN,
        "Operating Revenue": NaN
    },
    "2022-06-30": {
        "Tax Effect Of Unusual Items": -12590000.0,
        "Tax Rate For Calcs": 0.4,
        "Normalized EBITDA": -429177000.0,
        "Total Unusual Items": -31475000.0,
        "Total Unusual Items Excluding Goodwill": -31475000.0,
        "Net Income From Continuing Operation Net Minority Interest": -487021000.0,
        "Reconciled Cost Of Revenue": 436414000.0,
        "EBITDA": -460652000.0,
        "EBIT": -460652000.0,
        "Net Interest Income": 10480000.0,
        "Interest Income": 10480000.0,
        "Normalized Income": -468136000.0,
        "Net Income From Continuing And Discontinued Operation": -487021000.0,
        "Total Expenses": 1296668000.0,
        "Total Operating Income As Reported": -460652000.0,
        "Diluted Average Shares": 614202104.0,
        "Basic Average Shares": 614202104.0,
        "Diluted EPS": -0.795,
        "Basic EPS": -0.795,
        "Diluted NI Availto Com Stockholders": -487021000.0,
        "Net Income Common Stockholders": -487021000.0,
        "Otherunder Preferred Stock Dividend": 0.0,
        "Net Income": -487021000.0,
        "Minority Interests": NaN,
        "Net Income Including Noncontrolling Interests": -487021000.0,
        "Net Income Continuous Operations": -487021000.0,
        "Tax Provision": 6375000.0,
        "Pretax Income": -480646000.0,
        "Other Income Expense": -30474000.0,
        "Other Non Operating Income Expenses": 1001000.0,
        "Gain On Sale Of Security": -31475000.0,
        "Net Non Operating Interest Income Expense": 10480000.0,
        "Interest Income Non Operating": 10480000.0,
        "Operating Income": -460652000.0,
        "Operating Expense": 860254000.0,
        "Research And Development": 223589000.0,
        "Selling General And Administration": 636665000.0,
        "Selling And Marketing Expense": 532375000.0,
        "General And Administrative Expense": 104290000.0,
        "Other Gand A": 104290000.0,
        "Gross Profit": 399602000.0,
        "Cost Of Revenue": 436414000.0,
        "Total Revenue": 836016000.0,
        "Operating Revenue": 795346000.0
    },
    "2023-06-30": {
        "Tax Effect Of Unusual Items": 2463250.0,
        "Tax Rate For Calcs": 0.25,
        "Normalized EBITDA": -337073000.0,
        "Total Unusual Items": 9853000.0,
        "Total Unusual Items Excluding Goodwill": 9853000.0,
        "Net Income From Continuing Operation Net Minority Interest": -279841000.0,
        "Reconciled Cost Of Revenue": 482131000.0,
        "EBITDA": -327220000.0,
        "EBIT": -327220000.0,
        "Net Interest Income": 39987000.0,
        "Interest Income": 39987000.0,
        "Normalized Income": -287230750.0,
        "Net Income From Continuing And Discontinued Operation": -279841000.0,
        "Total Expenses": 1371429000.0,
        "Total Operating Income As Reported": -327220000.0,
        "Diluted Average Shares": 101356121.0,
        "Basic Average Shares": 101356121.0,
        "Diluted EPS": -2.76,
        "Basic EPS": -2.76,
        "Diluted NI Availto Com Stockholders": -279841000.0,
        "Net Income Common Stockholders": -279841000.0,
        "Net Income": -279841000.0,
        "Minority Interests": -775000.0,
        "Net Income Including Noncontrolling Interests": -279066000.0,
        "Net Income Continuous Operations": -279066000.0,
        "Tax Provision": 2330000.0,
        "Pretax Income": -276736000.0,
        "Other Income Expense": 10497000.0,
        "Other Non Operating Income Expenses": 644000.0,
        "Gain On Sale Of Security": 9853000.0,
        "Net Non Operating Interest Income Expense": 39987000.0,
        "Interest Income Non Operating": 39987000.0,
        "Operating Income": -327220000.0,
        "Operating Expense": 889298000.0,
        "Research And Development": 236245000.0,
        "Selling General And Administration": 653053000.0,
        "Selling And Marketing Expense": 540593000.0,
        "General And Administrative Expense": 112460000.0,
        "Other Gand A": 112460000.0,
        "Gross Profit": 562078000.0,
        "Cost Of Revenue": 482131000.0,
        "Total Revenue": 1044209000.0,
        "Operating Revenue": 1006358000.0
    },
    "2023-09-30": {
        "Tax Effect Of Unusual Items": NaN,
        "Tax Rate For Calcs": NaN,
        "Normalized EBITDA": NaN,
        "Total Unusual Items": NaN,
        "Total Unusual Items Excluding Goodwill": NaN,
        "Net Income From Continuing Operation Net Minority Interest": NaN,
        "Reconciled Cost Of Revenue": NaN,
        "EBITDA": NaN,
        "EBIT": NaN,
        "Net Interest Income": NaN,
        "Interest Income": NaN,
        "Normalized Income": NaN,
        "Net Income From Continuing And Discontinued Operation": NaN,
        "Total Expenses": NaN,
        "Total Operating Income As Reported": NaN,
        "Diluted Average Shares": NaN,
        "Basic Average Shares": 99247355.0,
        "Diluted EPS": -2.82,
        "Basic EPS": -2.82,
        "Diluted NI Availto Com Stockholders": NaN,
        "Net Income Common Stockholders": NaN,
        "Net Income": NaN,
        "Minority Interests": NaN,
        "Net Income Including Noncontrolling Interests": NaN,
        "Net Income Continuous Operations": NaN,
        "Tax Provision": NaN,
        "Pretax Income": NaN,
        "Other Income Expense": NaN,
        "Other Non Operating Income Expenses": NaN,
        "Gain On Sale Of Security": NaN,
        "Net Non Operating Interest Income Expense": NaN,
        "Interest Income Non Operating": NaN,
        "Operating Income": NaN,
        "Operating Expense": NaN,
        "Research And Development": NaN,
        "Selling General And Administration": NaN,
        "Selling And Marketing Expense": NaN,
        "General And Administrative Expense": NaN,
        "Other Gand A": NaN,
        "Gross Profit": NaN,
        "Cost Of Revenue": NaN,
        "Total Revenue": NaN,
        "Operating Revenue": NaN
    },
    "2023-12-31": {
        "Tax Effect Of Unusual Items": NaN,
        "Tax Rate For Calcs": NaN,
        "Normalized EBITDA": -204280000.0,
        "Total Unusual Items": 26122000.0,
        "Total Unusual Items Excluding Goodwill": 26122000.0,
        "Net Income From Continuing Operation Net Minority Interest": -103771000.0,
        "Reconciled Cost Of Revenue": 465197000.0,
        "EBITDA": -178158000.0,
        "EBIT": -178158000.0,
        "Net Interest Income": 38828000.0,
        "Interest Income": 38828000.0,
        "Normalized Income": -123362500.0,
        "Net Income From Continuing And Discontinued Operation": NaN,
        "Total Expenses": 1316455000.0,
        "Total Operating Income As Reported": -178158000.0,
        "Diluted Average Shares": 97018872.0,
        "Basic Average Shares": 97018872.0,
        "Diluted EPS": -1.08,
        "Basic EPS": -1.08,
        "Diluted NI Availto Com Stockholders": -103771000.0,
        "Net Income Common Stockholders": -103771000.0,
        "Net Income": -103771000.0,
        "Minority Interests": -666000.0,
        "Net Income Including Noncontrolling Interests": -103105000.0,
        "Net Income Continuous Operations": -103105000.0,
        "Tax Provision": 4929000.0,
        "Pretax Income": -98176000.0,
        "Other Income Expense": 41154000.0,
        "Other Non Operating Income Expenses": 15032000.0,
        "Gain On Sale Of Security": NaN,
        "Net Non Operating Interest Income Expense": 38828000.0,
        "Interest Income Non Operating": 38828000.0,
        "Operating Income": -178158000.0,
        "Operating Expense": NaN,
        "Research And Development": 232585000.0,
        "Selling General And Administration": 618673000.0,
        "Selling And Marketing Expense": 527604000.0,
        "General And Administrative Expense": 91069000.0,
        "Other Gand A": 91069000.0,
        "Gross Profit": 673100000.0,
        "Cost Of Revenue": 465197000.0,
        "Total Revenue": 1138297000.0,
        "Operating Revenue": 1090331000.0
    },
    "2024-03-31": {
        "Tax Effect Of Unusual Items": 6607500.0,
        "Tax Rate For Calcs": 0.25,
        "Normalized EBITDA": -251178000.0,
        "Total Unusual Items": 26430000.0,
        "Total Unusual Items Excluding Goodwill": 26430000.0,
        "Net Income From Continuing Operation Net Minority Interest": -164846000.0,
        "Reconciled Cost Of Revenue": 417384000.0,
        "EBITDA": -224748000.0,
        "EBIT": -224748000.0,
        "Net Interest Income": 30763000.0,
        "Interest Income": 30763000.0,
        "Normalized Income": -184668500.0,
        "Net Income From Continuing And Discontinued Operation": -164846000.0,
        "Total Expenses": 1185611000.0,
        "Total Operating Income As Reported": -224748000.0,
        "Diluted Average Shares": 93849902.0,
        "Basic Average Shares": 93849902.0,
        "Diluted EPS": -1.77,
        "Basic EPS": -1.77,
        "Diluted NI Availto Com Stockholders": -164846000.0,
        "Net Income Common Stockholders": -164846000.0,
        "Net Income": -164846000.0,
        "Minority Interests": 950000.0,
        "Net Income Including Noncontrolling Interests": -165796000.0,
        "Net Income Continuous Operations": -165796000.0,
        "Tax Provision": 1284000.0,
        "Pretax Income": -164512000.0,
        "Other Income Expense": 29473000.0,
        "Other Non Operating Income Expenses": 3043000.0,
        "Gain On Sale Of Security": 26430000.0,
        "Net Non Operating Interest Income Expense": 30763000.0,
        "Interest Income Non Operating": 30763000.0,
        "Operating Income": -224748000.0,
        "Operating Expense": 768227000.0,
        "Research And Development": 197356000.0,
        "Selling General And Administration": 570871000.0,
        "Selling And Marketing Expense": 477954000.0,
        "General And Administrative Expense": 92917000.0,
        "Other Gand A": 92917000.0,
        "Gross Profit": 543479000.0,
        "Cost Of Revenue": 417384000.0,
        "Total Revenue": 960863000.0,
        "Operating Revenue": 960863000.0
    },
    "2024-06-30": {
        "Tax Effect Of Unusual Items": 4311702.936412,
        "Tax Rate For Calcs": 0.080575,
        "Normalized EBITDA": -237383000.0,
        "Total Unusual Items": 53512000.0,
        "Total Unusual Items Excluding Goodwill": 53512000.0,
        "Net Income From Continuing Operation Net Minority Interest": -82739000.0,
        "Reconciled Cost Of Revenue": 377266000.0,
        "EBITDA": -183871000.0,
        "EBIT": -183871000.0,
        "Net Interest Income": 26754000.0,
        "Interest Income": 26754000.0,
        "Normalized Income": -131939297.063588,
        "Net Income From Continuing And Discontinued Operation": -82739000.0,
        "Total Expenses": 1117681000.0,
        "Total Operating Income As Reported": -183871000.0,
        "Diluted Average Shares": 93080549.0,
        "Basic Average Shares": 93080549.0,
        "Diluted EPS": -0.9,
        "Basic EPS": -0.9,
        "Diluted NI Availto Com Stockholders": -82739000.0,
        "Net Income Common Stockholders": -82739000.0,
        "Net Income": -82739000.0,
        "Minority Interests": -2144000.0,
        "Net Income Including Noncontrolling Interests": -80595000.0,
        "Net Income Continuous Operations": -80595000.0,
        "Tax Provision": -7063000.0,
        "Pretax Income": -87658000.0,
        "Other Income Expense": 69459000.0,
        "Other Non Operating Income Expenses": 15947000.0,
        "Gain On Sale Of Security": 53512000.0,
        "Net Non Operating Interest Income Expense": 26754000.0,
        "Interest Income Non Operating": 26754000.0,
        "Operating Income": -183871000.0,
        "Operating Expense": 740415000.0,
        "Research And Development": 209323000.0,
        "Selling General And Administration": 531092000.0,
        "Selling And Marketing Expense": 416985000.0,
        "General And Administrative Expense": 114107000.0,
        "Other Gand A": 114107000.0,
        "Gross Profit": 556544000.0,
        "Cost Of Revenue": 377266000.0,
        "Total Revenue": 933810000.0,
        "Operating Revenue": 910264000.0
    },
    "2024-09-30": {
        "Tax Effect Of Unusual Items": 1861382.329236,
        "Tax Rate For Calcs": 0.095607,
        "Normalized EBITDA": -103799000.0,
        "Total Unusual Items": 19469000.0,
        "Total Unusual Items Excluding Goodwill": 19469000.0,
        "Net Income From Continuing Operation Net Minority Interest": -10491000.0,
        "Reconciled Cost Of Revenue": 304879000.0,
        "EBITDA": -84330000.0,
        "EBIT": -84330000.0,
        "Net Interest Income": 31136000.0,
        "Interest Income": 31136000.0,
        "Normalized Income": -28098617.670764,
        "Net Income From Continuing And Discontinued Operation": -10491000.0,
        "Total Expenses": 929350000.0,
        "Total Operating Income As Reported": -84330000.0,
        "Diluted Average Shares": 92436477.0,
        "Basic Average Shares": 92436477.0,
        "Diluted EPS": -0.12,
        "Basic EPS": -0.12,
        "Diluted NI Availto Com Stockholders": -10491000.0,
        "Net Income Common Stockholders": -10491000.0,
        "Net Income": -10491000.0,
        "Minority Interests": -1514000.0,
        "Net Income Including Noncontrolling Interests": -8977000.0,
        "Net Income Continuous Operations": -8977000.0,
        "Tax Provision": -949000.0,
        "Pretax Income": -9926000.0,
        "Other Income Expense": 43268000.0,
        "Other Non Operating Income Expenses": 23799000.0,
        "Gain On Sale Of Security": 19469000.0,
        "Net Non Operating Interest Income Expense": 31136000.0,
        "Interest Income Non Operating": 31136000.0,
        "Operating Income": -84330000.0,
        "Operating Expense": 624471000.0,
        "Research And Development": 179261000.0,
        "Selling General And Administration": 445210000.0,
        "Selling And Marketing Expense": 388049000.0,
        "General And Administrative Expense": 57161000.0,
        "Other Gand A": 57161000.0,
        "Gross Profit": 540141000.0,
        "Cost Of Revenue": 304879000.0,
        "Total Revenue": 845020000.0,
        "Operating Revenue": 821076000.0
    },
    "2024-12-31": {
        "Tax Effect Of Unusual Items": 11362000.0,
        "Tax Rate For Calcs": 0.25,
        "Normalized EBITDA": -33582000.0,
        "Total Unusual Items": 45448000.0,
        "Total Unusual Items Excluding Goodwill": 45448000.0,
        "Net Income From Continuing Operation Net Minority Interest": 86274000.0,
        "Reconciled Cost Of Revenue": 318547000.0,
        "EBITDA": 11866000.0,
        "EBIT": 11866000.0,
        "Net Interest Income": 26311000.0,
        "Interest Income": 26311000.0,
        "Normalized Income": 52188000.0,
        "Net Income From Continuing And Discontinued Operation": 86274000.0,
        "Total Expenses": 847346000.0,
        "Total Operating Income As Reported": 11866000.0,
        "Diluted Average Shares": 86663441.0,
        "Basic Average Shares": 85419324.0,
        "Diluted EPS": 0.99,
        "Basic EPS": 1.02,
        "Diluted NI Availto Com Stockholders": 86274000.0,
        "Net Income Common Stockholders": 86274000.0,
        "Net Income": 86274000.0,
        "Minority Interests": -127000.0,
        "Net Income Including Noncontrolling Interests": 86401000.0,
        "Net Income Continuous Operations": 86401000.0,
        "Tax Provision": -2663000.0,
        "Pretax Income": 83738000.0,
        "Other Income Expense": 45561000.0,
        "Other Non Operating Income Expenses": 113000.0,
        "Gain On Sale Of Security": 45448000.0,
        "Net Non Operating Interest Income Expense": 26311000.0,
        "Interest Income Non Operating": 26311000.0,
        "Operating Income": 11866000.0,
        "Operating Expense": 528799000.0,
        "Research And Development": 146613000.0,
        "Selling General And Administration": 382186000.0,
        "Selling And Marketing Expense": 316198000.0,
        "General And Administrative Expense": 65988000.0,
        "Other Gand A": 65988000.0,
        "Gross Profit": 540665000.0,
        "Cost Of Revenue": 318547000.0,
        "Total Revenue": 859212000.0,
        "Operating Revenue": 820139000.0
    },
    "2025-03-31": {
        "Tax Effect Of Unusual Items": 433802.243497,
        "Tax Rate For Calcs": 0.022532,
        "Normalized EBITDA": -71856000.0,
        "Total Unusual Items": 19253000.0,
        "Total Unusual Items Excluding Goodwill": 19253000.0,
        "Net Income From Continuing Operation Net Minority Interest": -10094000.0,
        "Reconciled Cost Of Revenue": 278561000.0,
        "EBITDA": -52603000.0,
        "EBIT": -52603000.0,
        "Net Interest Income": 20610000.0,
        "Interest Income": 20610000.0,
        "Normalized Income": -28913197.756503,
        "Net Income From Continuing And Discontinued Operation": -10094000.0,
        "Total Expenses": 782268000.0,
        "Total Operating Income As Reported": -52603000.0,
        "Diluted Average Shares": 81501468.0,
        "Basic Average Shares": 81501468.0,
        "Diluted EPS": -0.12,
        "Basic EPS": -0.12,
        "Diluted NI Availto Com Stockholders": -10094000.0,
        "Net Income Common Stockholders": -10094000.0,
        "Net Income": -10094000.0,
        "Minority Interests": 14000.0,
        "Net Income Including Noncontrolling Interests": -10108000.0,
        "Net Income Continuous Operations": -10108000.0,
        "Tax Provision": -233000.0,
        "Pretax Income": -10341000.0,
        "Other Income Expense": 21652000.0,
        "Other Non Operating Income Expenses": 2399000.0,
        "Gain On Sale Of Security": 19253000.0,
        "Net Non Operating Interest Income Expense": 20610000.0,
        "Interest Income Non Operating": 20610000.0,
        "Operating Income": -52603000.0,
        "Operating Expense": 503707000.0,
        "Research And Development": 141866000.0,
        "Selling General And Administration": 361841000.0,
        "Selling And Marketing Expense": 320632000.0,
        "General And Administrative Expense": 41209000.0,
        "Other Gand A": 41209000.0,
        "Gross Profit": 451104000.0,
        "Cost Of Revenue": 278561000.0,
        "Total Revenue": 729665000.0,
        "Operating Revenue": 729665000.0
    }
}