{
    "2023-03-31": {
        "Tax Effect Of Unusual Items": NaN,
        "Tax Rate For Calcs": NaN,
        "Normalized EBITDA": NaN,
        "Net Income From Continuing Operation Net Minority Interest": NaN,
        "Reconciled Depreciation": 387200000.0,
        "Reconciled Cost Of Revenue": NaN,
        "EBITDA": NaN,
        "EBIT": NaN,
        "Net Interest Income": NaN,
        "Interest Expense": NaN,
        "Interest Income": NaN,
        "Normalized Income": NaN,
        "Net Income From Continuing And Discontinued Operation": NaN,
        "Total Expenses": NaN,
        "Total Operating Income As Reported": NaN,
        "Diluted Average Shares": 120169288.0,
        "Basic Average Shares": 120169288.0,
        "Diluted EPS": -0.5,
        "Basic EPS": -0.5,
        "Diluted NI Availto Com Stockholders": NaN,
        "Net Income Common Stockholders": NaN,
        "Net Income": NaN,
        "Minority Interests": NaN,
        "Net Income Including Noncontrolling Interests": NaN,
        "Net Income Continuous Operations": NaN,
        "Tax Provision": NaN,
        "Pretax Income": NaN,
        "Other Income Expense": NaN,
        "Earnings From Equity Interest": NaN,
        "Net Non Operating Interest Income Expense": NaN,
        "Interest Expense Non Operating": NaN,
        "Interest Income Non Operating": NaN,
        "Operating Income": NaN,
        "Operating Expense": NaN,
        "Other Operating Expenses": NaN,
        "Selling General And Administration": NaN,
        "General And Administrative Expense": NaN,
        "Other Gand A": NaN,
        "Gross Profit": NaN,
        "Cost Of Revenue": NaN,
        "Total Revenue": NaN,
        "Operating Revenue": NaN
    },
    "2022-12-31": {
        "Tax Effect Of Unusual Items": NaN,
        "Tax Rate For Calcs": NaN,
        "Normalized EBITDA": NaN,
        "Net Income From Continuing Operation Net Minority Interest": NaN,
        "Reconciled Depreciation": NaN,
        "Reconciled Cost Of Revenue": NaN,
        "EBITDA": NaN,
        "EBIT": NaN,
        "Net Interest Income": NaN,
        "Interest Expense": NaN,
        "Interest Income": NaN,
        "Normalized Income": NaN,
        "Net Income From Continuing And Discontinued Operation": NaN,
        "Total Expenses": NaN,
        "Total Operating Income As Reported": NaN,
        "Diluted Average Shares": 120431208.0,
        "Basic Average Shares": 120098658.0,
        "Diluted EPS": 3.44,
        "Basic EPS": 3.45,
        "Diluted NI Availto Com Stockholders": NaN,
        "Net Income Common Stockholders": NaN,
        "Net Income": NaN,
        "Minority Interests": NaN,
        "Net Income Including Noncontrolling Interests": NaN,
        "Net Income Continuous Operations": NaN,
        "Tax Provision": NaN,
        "Pretax Income": NaN,
        "Other Income Expense": NaN,
        "Earnings From Equity Interest": NaN,
        "Net Non Operating Interest Income Expense": NaN,
        "Interest Expense Non Operating": NaN,
        "Interest Income Non Operating": NaN,
        "Operating Income": NaN,
        "Operating Expense": NaN,
        "Other Operating Expenses": NaN,
        "Selling General And Administration": NaN,
        "General And Administrative Expense": NaN,
        "Other Gand A": NaN,
        "Gross Profit": NaN,
        "Cost Of Revenue": NaN,
        "Total Revenue": NaN,
        "Operating Revenue": NaN
    },
    "2022-09-30": {
        "Tax Effect Of Unusual Items": NaN,
        "Tax Rate For Calcs": NaN,
        "Normalized EBITDA": NaN,
        "Net Income From Continuing Operation Net Minority Interest": NaN,
        "Reconciled Depreciation": NaN,
        "Reconciled Cost Of Revenue": NaN,
        "EBITDA": NaN,
        "EBIT": NaN,
        "Net Interest Income": NaN,
        "Interest Expense": NaN,
        "Interest Income": NaN,
        "Normalized Income": NaN,
        "Net Income From Continuing And Discontinued Operation": NaN,
        "Total Expenses": NaN,
        "Total Operating Income As Reported": NaN,
        "Diluted Average Shares": 120439492.0,
        "Basic Average Shares": 120047393.0,
        "Diluted EPS": 9.66,
        "Basic EPS": 9.69,
        "Diluted NI Availto Com Stockholders": NaN,
        "Net Income Common Stockholders": NaN,
        "Net Income": NaN,
        "Minority Interests": NaN,
        "Net Income Including Noncontrolling Interests": NaN,
        "Net Income Continuous Operations": NaN,
        "Tax Provision": NaN,
        "Pretax Income": NaN,
        "Other Income Expense": NaN,
        "Earnings From Equity Interest": NaN,
        "Net Non Operating Interest Income Expense": NaN,
        "Interest Expense Non Operating": NaN,
        "Interest Income Non Operating": NaN,
        "Operating Income": NaN,
        "Operating Expense": NaN,
        "Other Operating Expenses": NaN,
        "Selling General And Administration": NaN,
        "General And Administrative Expense": NaN,
        "Other Gand A": NaN,
        "Gross Profit": NaN,
        "Cost Of Revenue": NaN,
        "Total Revenue": NaN,
        "Operating Revenue": NaN
    },
    "2022-06-30": {
        "Tax Effect Of Unusual Items": 0.0,
        "Tax Rate For Calcs": 0.230707,
        "Normalized EBITDA": 2127600000.0,
        "Net Income From Continuing Operation Net Minority Interest": 1333100000.0,
        "Reconciled Depreciation": 337300000.0,
        "Reconciled Cost Of Revenue": 1593900000.0,
        "EBITDA": 2127600000.0,
        "EBIT": 1790300000.0,
        "Net Interest Income": -27900000.0,
        "Interest Expense": 53900000.0,
        "Interest Income": 26000000.0,
        "Normalized Income": 1333100000.0,
        "Net Income From Continuing And Discontinued Operation": 1333100000.0,
        "Total Expenses": 1664200000.0,
        "Total Operating Income As Reported": 1764300000.0,
        "Diluted Average Shares": 120442213.0,
        "Basic Average Shares": 119990308.0,
        "Diluted EPS": 11.07,
        "Basic EPS": 11.11,
        "Diluted NI Availto Com Stockholders": 1333100000.0,
        "Net Income Common Stockholders": 1333100000.0,
        "Net Income": 1333100000.0,
        "Minority Interests": -2700000.0,
        "Net Income Including Noncontrolling Interests": 1335800000.0,
        "Net Income Continuous Operations": 1335800000.0,
        "Tax Provision": 400600000.0,
        "Pretax Income": 1736400000.0,
        "Other Income Expense": -300000.0,
        "Earnings From Equity Interest": -300000.0,
        "Net Non Operating Interest Income Expense": -27900000.0,
        "Interest Expense Non Operating": 53900000.0,
        "Interest Income Non Operating": 26000000.0,
        "Operating Income": 1764600000.0,
        "Operating Expense": 70300000.0,
        "Other Operating Expenses": -14600000.0,
        "Selling General And Administration": 84900000.0,
        "General And Administrative Expense": 84900000.0,
        "Other Gand A": 84900000.0,
        "Gross Profit": 1834900000.0,
        "Cost Of Revenue": 1593900000.0,
        "Total Revenue": 3428800000.0,
        "Operating Revenue": 3428800000.0
    },
    "2022-03-31": {
        "Diluted EPS": 14.19,
        "Total Revenue": NaN,
        "Gross Profit": NaN,
        "Operating Income": NaN,
        "EBIT": NaN,
        "Net Income": NaN
    },
    "2021-12-31": {
        "Diluted EPS": 14.35,
        "Total Revenue": NaN,
        "Gross Profit": NaN,
        "Operating Income": NaN,
        "EBIT": NaN,
        "Net Income": NaN
    },
    "2021-09-30": {
        "Diluted EPS": 12.16,
        "Total Revenue": NaN,
        "Gross Profit": NaN,
        "Operating Income": NaN,
        "EBIT": NaN,
        "Net Income": NaN
    },
    "2021-06-30": {
        "Diluted EPS": 7.38,
        "Total Revenue": NaN,
        "Gross Profit": NaN,
        "Operating Income": NaN,
        "EBIT": NaN,
        "Net Income": 887
    },
    "2021-03-31": {
        "Diluted EPS": 5.13,
        "Total Revenue": NaN,
        "Gross Profit": 736,
        "Operating Income": 684,
        "EBIT": 817,
        "Net Income": 588
    },
    "2020-12-31": {
        "Diluted EPS": 0.0,
        "Total Revenue": NaN,
        "Gross Profit": NaN,
        "Operating Income": NaN,
        "EBIT": NaN,
        "Net Income": NaN
    },
    "2020-09-30": {
        "Diluted EPS": 1.36,
        "Total Revenue": NaN,
        "Gross Profit": 227,
        "Operating Income": 189,
        "EBIT": 263,
        "Net Income": 142
    },
    "2020-06-30": {
        "Diluted EPS": 0.23,
        "Total Revenue": 795,
        "Gross Profit": 103,
        "Operating Income": 69,
        "EBIT": 69,
        "Net Income": 24
    },
    "2019-12-31": {
        "Diluted EPS": 0.0,
        "Total Revenue": NaN,
        "Gross Profit": NaN,
        "Operating Income": NaN,
        "EBIT": NaN,
        "Net Income": NaN
    },
    "2023-06-30": {
        "Tax Effect Of Unusual Items": NaN,
        "Tax Rate For Calcs": NaN,
        "Normalized EBITDA": NaN,
        "Net Income From Continuing Operation Net Minority Interest": NaN,
        "Reconciled Depreciation": NaN,
        "Reconciled Cost Of Revenue": NaN,
        "EBITDA": NaN,
        "EBIT": NaN,
        "Net Interest Income": NaN,
        "Interest Expense": NaN,
        "Interest Income": NaN,
        "Normalized Income": NaN,
        "Net Income From Continuing And Discontinued Operation": NaN,
        "Total Expenses": NaN,
        "Total Operating Income As Reported": NaN,
        "Diluted Average Shares": 120195365.0,
        "Basic Average Shares": 120195365.0,
        "Diluted EPS": -1.79,
        "Basic EPS": -1.79,
        "Diluted NI Availto Com Stockholders": NaN,
        "Net Income Common Stockholders": NaN,
        "Net Income": NaN,
        "Minority Interests": NaN,
        "Net Income Including Noncontrolling Interests": NaN,
        "Net Income Continuous Operations": NaN,
        "Tax Provision": NaN,
        "Pretax Income": NaN,
        "Other Income Expense": NaN,
        "Earnings From Equity Interest": NaN,
        "Net Non Operating Interest Income Expense": NaN,
        "Interest Expense Non Operating": NaN,
        "Interest Income Non Operating": NaN,
        "Operating Income": NaN,
        "Operating Expense": NaN,
        "Other Operating Expenses": NaN,
        "Selling General And Administration": NaN,
        "General And Administrative Expense": NaN,
        "Other Gand A": NaN,
        "Gross Profit": NaN,
        "Cost Of Revenue": NaN,
        "Total Revenue": NaN,
        "Operating Revenue": NaN
    },
    "2023-09-30": {
        "Tax Effect Of Unusual Items": NaN,
        "Tax Rate For Calcs": NaN,
        "Normalized EBITDA": NaN,
        "Net Income From Continuing Operation Net Minority Interest": NaN,
        "Reconciled Depreciation": NaN,
        "Reconciled Cost Of Revenue": NaN,
        "EBITDA": NaN,
        "EBIT": NaN,
        "Net Interest Income": NaN,
        "Interest Expense": NaN,
        "Interest Income": NaN,
        "Normalized Income": NaN,
        "Net Income From Continuing And Discontinued Operation": NaN,
        "Total Expenses": NaN,
        "Total Operating Income As Reported": NaN,
        "Diluted Average Shares": 120219761.0,
        "Basic Average Shares": 120219761.0,
        "Diluted EPS": -18.9,
        "Basic EPS": -18.9,
        "Diluted NI Availto Com Stockholders": NaN,
        "Net Income Common Stockholders": NaN,
        "Net Income": NaN,
        "Minority Interests": NaN,
        "Net Income Including Noncontrolling Interests": NaN,
        "Net Income Continuous Operations": NaN,
        "Tax Provision": NaN,
        "Pretax Income": NaN,
        "Other Income Expense": NaN,
        "Earnings From Equity Interest": NaN,
        "Net Non Operating Interest Income Expense": NaN,
        "Interest Expense Non Operating": NaN,
        "Interest Income Non Operating": NaN,
        "Operating Income": NaN,
        "Operating Expense": NaN,
        "Other Operating Expenses": NaN,
        "Selling General And Administration": NaN,
        "General And Administrative Expense": NaN,
        "Other Gand A": NaN,
        "Gross Profit": NaN,
        "Cost Of Revenue": NaN,
        "Total Revenue": NaN,
        "Operating Revenue": NaN
    },
    "2023-12-31": {
        "Tax Effect Of Unusual Items": 0.0,
        "Tax Rate For Calcs": 0.23,
        "Normalized EBITDA": 144300000.0,
        "Net Income From Continuing Operation Net Minority Interest": -148400000.0,
        "Reconciled Depreciation": 239300000.0,
        "Reconciled Cost Of Revenue": 1200100000.0,
        "EBITDA": 144300000.0,
        "EBIT": -95000000.0,
        "Net Interest Income": -77200000.0,
        "Interest Expense": 42100000.0,
        "Interest Income": 24500000.0,
        "Normalized Income": -148400000.0,
        "Net Income From Continuing And Discontinued Operation": -148400000.0,
        "Total Expenses": 1238700000.0,
        "Total Operating Income As Reported": -53600000.0,
        "Diluted Average Shares": NaN,
        "Basic Average Shares": NaN,
        "Diluted EPS": NaN,
        "Basic EPS": NaN,
        "Diluted NI Availto Com Stockholders": -148400000.0,
        "Net Income Common Stockholders": -148400000.0,
        "Net Income": -148400000.0,
        "Minority Interests": -1800000.0,
        "Net Income Including Noncontrolling Interests": -146600000.0,
        "Net Income Continuous Operations": -146600000.0,
        "Tax Provision": 9500000.0,
        "Pretax Income": -137100000.0,
        "Other Income Expense": -26500000.0,
        "Earnings From Equity Interest": -2600000.0,
        "Net Non Operating Interest Income Expense": -77200000.0,
        "Interest Expense Non Operating": 42100000.0,
        "Interest Income Non Operating": 24500000.0,
        "Operating Income": -33400000.0,
        "Operating Expense": 38600000.0,
        "Other Operating Expenses": -7500000.0,
        "Selling General And Administration": 24100000.0,
        "General And Administrative Expense": 24100000.0,
        "Other Gand A": -161400000.0,
        "Gross Profit": 5200000.0,
        "Cost Of Revenue": 1200100000.0,
        "Total Revenue": 1205300000.0,
        "Operating Revenue": 525900000.0
    },
    "2024-03-31": {
        "Tax Effect Of Unusual Items": 0.0,
        "Tax Rate For Calcs": 0.043614,
        "Normalized EBITDA": 465900000.0,
        "Net Income From Continuing Operation Net Minority Interest": 90300000.0,
        "Reconciled Depreciation": 260600000.0,
        "Reconciled Cost Of Revenue": 1338500000.0,
        "EBITDA": 465900000.0,
        "EBIT": 205300000.0,
        "Net Interest Income": -70300000.0,
        "Interest Expense": 109000000.0,
        "Interest Income": 38700000.0,
        "Normalized Income": 90300000.0,
        "Net Income From Continuing And Discontinued Operation": 90300000.0,
        "Total Expenses": 1393300000.0,
        "Total Operating Income As Reported": 166600000.0,
        "Diluted Average Shares": 120450586.0,
        "Basic Average Shares": 120307283.0,
        "Diluted EPS": 0.75,
        "Basic EPS": 0.75,
        "Diluted NI Availto Com Stockholders": 90300000.0,
        "Net Income Common Stockholders": 90300000.0,
        "Net Income": 90300000.0,
        "Minority Interests": -1800000.0,
        "Net Income Including Noncontrolling Interests": 92100000.0,
        "Net Income Continuous Operations": 92100000.0,
        "Tax Provision": 4200000.0,
        "Pretax Income": 96300000.0,
        "Other Income Expense": -2100000.0,
        "Earnings From Equity Interest": -2100000.0,
        "Net Non Operating Interest Income Expense": -70300000.0,
        "Interest Expense Non Operating": 109000000.0,
        "Interest Income Non Operating": 38700000.0,
        "Operating Income": 168700000.0,
        "Operating Expense": 54800000.0,
        "Other Operating Expenses": -6000000.0,
        "Selling General And Administration": 60800000.0,
        "General And Administrative Expense": 60800000.0,
        "Other Gand A": 60800000.0,
        "Gross Profit": 223500000.0,
        "Cost Of Revenue": 1338500000.0,
        "Total Revenue": 1562000000.0,
        "Operating Revenue": 1562000000.0
    },
    "2024-06-30": {
        "Tax Effect Of Unusual Items": 0.0,
        "Tax Rate For Calcs": 0.005601,
        "Normalized EBITDA": 768800000.0,
        "Net Income From Continuing Operation Net Minority Interest": 371300000.0,
        "Reconciled Depreciation": 278000000.0,
        "Reconciled Cost Of Revenue": 1408400000.0,
        "EBITDA": 768800000.0,
        "EBIT": 490800000.0,
        "Net Interest Income": -93400000.0,
        "Interest Expense": 115900000.0,
        "Interest Income": 22500000.0,
        "Normalized Income": 371300000.0,
        "Net Income From Continuing And Discontinued Operation": 371300000.0,
        "Total Expenses": 1462400000.0,
        "Rent Expense Supplemental": 17400000.0,
        "Total Operating Income As Reported": 468300000.0,
        "Diluted Average Shares": 120456342.0,
        "Basic Average Shares": 120341086.0,
        "Diluted EPS": 3.08,
        "Basic EPS": 3.08,
        "Diluted NI Availto Com Stockholders": 371300000.0,
        "Net Income Common Stockholders": 371300000.0,
        "Net Income": 371300000.0,
        "Minority Interests": -1500000.0,
        "Net Income Including Noncontrolling Interests": 372800000.0,
        "Net Income Continuous Operations": 372800000.0,
        "Tax Provision": 2100000.0,
        "Pretax Income": 374900000.0,
        "Other Income Expense": -1900000.0,
        "Earnings From Equity Interest": -1900000.0,
        "Net Non Operating Interest Income Expense": -93400000.0,
        "Interest Expense Non Operating": 115900000.0,
        "Interest Income Non Operating": 22500000.0,
        "Operating Income": 470200000.0,
        "Operating Expense": 54000000.0,
        "Other Operating Expenses": -19000000.0,
        "Selling General And Administration": 73000000.0,
        "General And Administrative Expense": 73000000.0,
        "Other Gand A": 73000000.0,
        "Gross Profit": 524200000.0,
        "Cost Of Revenue": 1408400000.0,
        "Total Revenue": 1932600000.0,
        "Operating Revenue": 1932600000.0
    },
    "2024-09-30": {
        "Tax Effect Of Unusual Items": 0.0,
        "Tax Rate For Calcs": 0.006002,
        "Normalized EBITDA": 1549600000.0,
        "Net Income From Continuing Operation Net Minority Interest": 1124600000.0,
        "Reconciled Depreciation": 295000000.0,
        "Reconciled Cost Of Revenue": 1459900000.0,
        "EBITDA": 1549600000.0,
        "EBIT": 1254600000.0,
        "Net Interest Income": -101800000.0,
        "Interest Expense": 121600000.0,
        "Interest Income": 19800000.0,
        "Normalized Income": 1124600000.0,
        "Net Income From Continuing And Discontinued Operation": 1124600000.0,
        "Total Expenses": 1529600000.0,
        "Rent Expense Supplemental": NaN,
        "Total Operating Income As Reported": 1234800000.0,
        "Diluted Average Shares": 120475290.0,
        "Basic Average Shares": 120372813.0,
        "Diluted EPS": 9.34,
        "Basic EPS": 9.34,
        "Diluted NI Availto Com Stockholders": 1124600000.0,
        "Net Income Common Stockholders": 1124600000.0,
        "Net Income": 1124600000.0,
        "Minority Interests": -1600000.0,
        "Net Income Including Noncontrolling Interests": 1126200000.0,
        "Net Income Continuous Operations": 1126200000.0,
        "Tax Provision": 6800000.0,
        "Pretax Income": 1133000000.0,
        "Other Income Expense": -800000.0,
        "Earnings From Equity Interest": -800000.0,
        "Net Non Operating Interest Income Expense": -101800000.0,
        "Interest Expense Non Operating": 121600000.0,
        "Interest Income Non Operating": 19800000.0,
        "Operating Income": 1235600000.0,
        "Operating Expense": 69700000.0,
        "Other Operating Expenses": -6200000.0,
        "Selling General And Administration": 75900000.0,
        "General And Administrative Expense": 75900000.0,
        "Other Gand A": 75900000.0,
        "Gross Profit": 1305300000.0,
        "Cost Of Revenue": 1459900000.0,
        "Total Revenue": 2765200000.0,
        "Operating Revenue": 2765200000.0
    },
    "2024-12-31": {
        "Tax Effect Of Unusual Items": 0.0,
        "Tax Rate For Calcs": 0.063415,
        "Normalized EBITDA": 1030900000.0,
        "Net Income From Continuing Operation Net Minority Interest": 561500000.0,
        "Reconciled Depreciation": 308900000.0,
        "Reconciled Cost Of Revenue": 1436600000.0,
        "EBITDA": 1030900000.0,
        "EBIT": 722000000.0,
        "Net Interest Income": -82500000.0,
        "Interest Expense": 121200000.0,
        "Interest Income": 39400000.0,
        "Normalized Income": 561500000.0,
        "Net Income From Continuing And Discontinued Operation": 561500000.0,
        "Total Expenses": 1552300000.0,
        "Rent Expense Supplemental": NaN,
        "Total Operating Income As Reported": 657600000.0,
        "Diluted Average Shares": 120499400.0,
        "Basic Average Shares": 120407359.0,
        "Diluted EPS": 4.66,
        "Basic EPS": 4.66,
        "Diluted NI Availto Com Stockholders": 561500000.0,
        "Net Income Common Stockholders": 561500000.0,
        "Net Income": 561500000.0,
        "Minority Interests": -1200000.0,
        "Net Income Including Noncontrolling Interests": 562700000.0,
        "Net Income Continuous Operations": 562700000.0,
        "Tax Provision": 38100000.0,
        "Pretax Income": 600800000.0,
        "Other Income Expense": 68000000.0,
        "Earnings From Equity Interest": -1600000.0,
        "Net Non Operating Interest Income Expense": -82500000.0,
        "Interest Expense Non Operating": 121200000.0,
        "Interest Income Non Operating": 39400000.0,
        "Operating Income": 615300000.0,
        "Operating Expense": 115700000.0,
        "Other Operating Expenses": 57800000.0,
        "Selling General And Administration": 45600000.0,
        "General And Administrative Expense": 38400000.0,
        "Other Gand A": -172800000.0,
        "Gross Profit": 731000000.0,
        "Cost Of Revenue": 1436600000.0,
        "Total Revenue": 2167600000.0,
        "Operating Revenue": 2167600000.0
    },
    "2025-03-31": {
        "Tax Effect Of Unusual Items": 0.0,
        "Tax Rate For Calcs": 0.221813,
        "Normalized EBITDA": 820200000.0,
        "Net Income From Continuing Operation Net Minority Interest": 295300000.0,
        "Reconciled Depreciation": 315900000.0,
        "Reconciled Cost Of Revenue": 1473400000.0,
        "EBITDA": 820200000.0,
        "EBIT": 504300000.0,
        "Net Interest Income": -83800000.0,
        "Interest Expense": 123800000.0,
        "Interest Income": 40000000.0,
        "Normalized Income": 295300000.0,
        "Net Income From Continuing And Discontinued Operation": 295300000.0,
        "Total Expenses": 1539900000.0,
        "Rent Expense Supplemental": NaN,
        "Total Operating Income As Reported": 464300000.0,
        "Diluted Average Shares": 120508654.0,
        "Basic Average Shares": 120439282.0,
        "Diluted EPS": 2.45,
        "Basic EPS": 2.45,
        "Diluted NI Availto Com Stockholders": 295300000.0,
        "Net Income Common Stockholders": 295300000.0,
        "Net Income": 295300000.0,
        "Minority Interests": -800000.0,
        "Net Income Including Noncontrolling Interests": 296100000.0,
        "Net Income Continuous Operations": 296100000.0,
        "Tax Provision": 84400000.0,
        "Pretax Income": 380500000.0,
        "Other Income Expense": -2400000.0,
        "Earnings From Equity Interest": -2400000.0,
        "Net Non Operating Interest Income Expense": -83800000.0,
        "Interest Expense Non Operating": 123800000.0,
        "Interest Income Non Operating": 40000000.0,
        "Operating Income": 466700000.0,
        "Operating Expense": 66500000.0,
        "Other Operating Expenses": -12500000.0,
        "Selling General And Administration": 79000000.0,
        "General And Administrative Expense": 79000000.0,
        "Other Gand A": 79000000.0,
        "Gross Profit": 533200000.0,
        "Cost Of Revenue": 1473400000.0,
        "Total Revenue": 2006600000.0,
        "Operating Revenue": 2006600000.0
    },
    "2025-06-30": {
        "Tax Effect Of Unusual Items": 0.0,
        "Tax Rate For Calcs": 0.23,
        "Normalized EBITDA": 502000000.0,
        "Net Income From Continuing Operation Net Minority Interest": 22800000.0,
        "Reconciled Depreciation": 323100000.0,
        "Reconciled Cost Of Revenue": 1414900000.0,
        "EBITDA": 502000000.0,
        "EBIT": 178900000.0,
        "Net Interest Income": -99900000.0,
        "Interest Expense": 129600000.0,
        "Interest Income": 29700000.0,
        "Normalized Income": 22800000.0,
        "Net Income From Continuing And Discontinued Operation": 22800000.0,
        "Total Expenses": 1484000000.0,
        "Rent Expense Supplemental": 28700000.0,
        "Total Operating Income As Reported": 149200000.0,
        "Diluted Average Shares": 120508193.0,
        "Basic Average Shares": 120457512.0,
        "Diluted EPS": 0.19,
        "Basic EPS": 0.19,
        "Diluted NI Availto Com Stockholders": 22800000.0,
        "Net Income Common Stockholders": 22800000.0,
        "Net Income": 22800000.0,
        "Minority Interests": -900000.0,
        "Net Income Including Noncontrolling Interests": 23700000.0,
        "Net Income Continuous Operations": 23700000.0,
        "Tax Provision": 25600000.0,
        "Pretax Income": 49300000.0,
        "Other Income Expense": -2500000.0,
        "Earnings From Equity Interest": -2500000.0,
        "Net Non Operating Interest Income Expense": -99900000.0,
        "Interest Expense Non Operating": 129600000.0,
        "Interest Income Non Operating": 29700000.0,
        "Operating Income": 151700000.0,
        "Operating Expense": 69100000.0,
        "Other Operating Expenses": -15100000.0,
        "Selling General And Administration": 84200000.0,
        "General And Administrative Expense": 84200000.0,
        "Other Gand A": 84200000.0,
        "Gross Profit": 220800000.0,
        "Cost Of Revenue": 1414900000.0,
        "Total Revenue": 1635700000.0,
        "Operating Revenue": 1434300000.0
    }
}