{
    "2024-06-30": {
        "Tax Effect Of Unusual Items": 0.0,
        "Tax Rate For Calcs": 0.25,
        "Normalized EBITDA": -1600446000.0,
        "Net Income From Continuing Operation Net Minority Interest": -2190185000.0,
        "Reconciled Cost Of Revenue": 16590228000.0,
        "EBITDA": -2177000000.0,
        "EBIT": -1600446000.0,
        "Net Interest Income": 19141000.0,
        "Interest Expense": 23396000.0,
        "Interest Income": 42537000.0,
        "Normalized Income": -2190185000.0,
        "Net Income From Continuing And Discontinued Operation": -2876000000.0,
        "Total Expenses": 21761077000.0,
        "Total Operating Income As Reported": -1721026000.0,
        "Diluted Average Shares": 230186689.0,
        "Basic Average Shares": 230186689.0,
        "Diluted EPS": -9.5,
        "Basic EPS": -12.5,
        "Diluted NI Availto Com Stockholders": -2190185000.0,
        "Net Income Common Stockholders": -2190185000.0,
        "Net Income": -2190185000.0,
        "Minority Interests": -381363000.0,
        "Net Income Including Noncontrolling Interests": -1808822000.0,
        "Net Income Continuous Operations": -1808822000.0,
        "Tax Provision": 184980000.0,
        "Pretax Income": -2316000000.0,
        "Other Income Expense": 78043000.0,
        "Other Non Operating Income Expenses": -7809000.0,
        "Earnings From Equity Interest": 86000000.0,
        "Net Non Operating Interest Income Expense": -36000000.0,
        "Interest Expense Non Operating": 23396000.0,
        "Interest Income Non Operating": 103000000.0,
        "Operating Income": -1721026000.0,
        "Operating Expense": 5170849000.0,
        "Other Operating Expenses": -57287000.0,
        "Research And Development": 2623471000.0,
        "Selling General And Administration": 3725000000.0,
        "Gross Profit": 4994000000.0,
        "Cost Of Revenue": 16590228000.0,
        "Total Revenue": 27671000000.0,
        "Operating Revenue": 20040051000.0
    },
    "2024-03-31": {
        "Tax Effect Of Unusual Items": 0.0,
        "Tax Rate For Calcs": 0.25,
        "Normalized EBITDA": -1665000000.0,
        "Net Income From Continuing Operation Net Minority Interest": -1982000000.0,
        "Reconciled Cost Of Revenue": 18236000000.0,
        "EBITDA": -1665000000.0,
        "EBIT": -1665000000.0,
        "Net Interest Income": -70000000.0,
        "Interest Expense": 148000000.0,
        "Interest Income": 78000000.0,
        "Normalized Income": -1982000000.0,
        "Net Income From Continuing And Discontinued Operation": -1982000000.0,
        "Total Expenses": 23475000000.0,
        "Total Operating Income As Reported": -1694000000.0,
        "Diluted Average Shares": 247584625.0,
        "Basic Average Shares": 247584625.0,
        "Diluted EPS": -8.005344,
        "Basic EPS": -8.005344,
        "Diluted NI Availto Com Stockholders": -1982000000.0,
        "Net Income Common Stockholders": -1982000000.0,
        "Net Income": -1982000000.0,
        "Minority Interests": -67000000.0,
        "Net Income Including Noncontrolling Interests": -1915000000.0,
        "Net Income Continuous Operations": -1915000000.0,
        "Tax Provision": 102000000.0,
        "Pretax Income": -1813000000.0,
        "Other Income Expense": -49000000.0,
        "Other Non Operating Income Expenses": -140000000.0,
        "Earnings From Equity Interest": 91000000.0,
        "Net Non Operating Interest Income Expense": -70000000.0,
        "Interest Expense Non Operating": 148000000.0,
        "Interest Income Non Operating": 78000000.0,
        "Operating Income": -1694000000.0,
        "Operating Expense": 5239000000.0,
        "Other Operating Expenses": -50525000.0,
        "Research And Development": 2326000000.0,
        "Selling General And Administration": 2913000000.0,
        "Gross Profit": 3545000000.0,
        "Cost Of Revenue": 18236000000.0,
        "Total Revenue": 21781000000.0,
        "Operating Revenue": 21781000000.0
    },
    "2023-06-30": {
        "Tax Effect Of Unusual Items": NaN,
        "Tax Rate For Calcs": NaN,
        "Normalized EBITDA": NaN,
        "Net Income From Continuing Operation Net Minority Interest": NaN,
        "Reconciled Cost Of Revenue": NaN,
        "EBITDA": NaN,
        "EBIT": NaN,
        "Net Interest Income": NaN,
        "Interest Expense": NaN,
        "Interest Income": NaN,
        "Normalized Income": NaN,
        "Net Income From Continuing And Discontinued Operation": NaN,
        "Total Expenses": NaN,
        "Total Operating Income As Reported": NaN,
        "Diluted Average Shares": 247584625.0,
        "Basic Average Shares": 247584625.0,
        "Diluted EPS": -6.01692,
        "Basic EPS": -6.01692,
        "Diluted NI Availto Com Stockholders": NaN,
        "Net Income Common Stockholders": NaN,
        "Net Income": NaN,
        "Minority Interests": NaN,
        "Net Income Including Noncontrolling Interests": NaN,
        "Net Income Continuous Operations": NaN,
        "Tax Provision": NaN,
        "Pretax Income": NaN,
        "Other Income Expense": NaN,
        "Other Non Operating Income Expenses": NaN,
        "Earnings From Equity Interest": NaN,
        "Net Non Operating Interest Income Expense": NaN,
        "Interest Expense Non Operating": NaN,
        "Interest Income Non Operating": NaN,
        "Operating Income": NaN,
        "Operating Expense": NaN,
        "Other Operating Expenses": NaN,
        "Research And Development": NaN,
        "Selling General And Administration": NaN,
        "Gross Profit": NaN,
        "Cost Of Revenue": NaN,
        "Total Revenue": NaN,
        "Operating Revenue": NaN
    },
    "2023-03-31": {
        "Tax Effect Of Unusual Items": NaN,
        "Tax Rate For Calcs": NaN,
        "Normalized EBITDA": NaN,
        "Net Income From Continuing Operation Net Minority Interest": NaN,
        "Reconciled Cost Of Revenue": NaN,
        "EBITDA": NaN,
        "EBIT": NaN,
        "Net Interest Income": NaN,
        "Interest Expense": NaN,
        "Interest Income": NaN,
        "Normalized Income": NaN,
        "Net Income From Continuing And Discontinued Operation": NaN,
        "Total Expenses": NaN,
        "Total Operating Income As Reported": NaN,
        "Diluted Average Shares": 247584625.0,
        "Basic Average Shares": 247584625.0,
        "Diluted EPS": -9.670766,
        "Basic EPS": -9.670766,
        "Diluted NI Availto Com Stockholders": NaN,
        "Net Income Common Stockholders": NaN,
        "Net Income": NaN,
        "Minority Interests": NaN,
        "Net Income Including Noncontrolling Interests": NaN,
        "Net Income Continuous Operations": NaN,
        "Tax Provision": NaN,
        "Pretax Income": NaN,
        "Other Income Expense": NaN,
        "Other Non Operating Income Expenses": NaN,
        "Earnings From Equity Interest": NaN,
        "Net Non Operating Interest Income Expense": NaN,
        "Interest Expense Non Operating": NaN,
        "Interest Income Non Operating": NaN,
        "Operating Income": NaN,
        "Operating Expense": NaN,
        "Other Operating Expenses": NaN,
        "Research And Development": NaN,
        "Selling General And Administration": NaN,
        "Gross Profit": NaN,
        "Cost Of Revenue": NaN,
        "Total Revenue": NaN,
        "Operating Revenue": NaN
    },
    "2022-12-31": {
        "Tax Effect Of Unusual Items": 0.0,
        "Tax Rate For Calcs": 0.25,
        "Normalized EBITDA": -2199881000.0,
        "Net Income From Continuing Operation Net Minority Interest": -2454828000.0,
        "Reconciled Depreciation": 45507000.0,
        "Reconciled Cost Of Revenue": 12514876000.0,
        "EBITDA": -2199881000.0,
        "EBIT": -2245388000.0,
        "Net Interest Income": -58358000.0,
        "Interest Expense": 50609000.0,
        "Interest Income": -7749000.0,
        "Normalized Income": -2454828000.0,
        "Net Income From Continuing And Discontinued Operation": -2454828000.0,
        "Total Expenses": 15680064000.0,
        "Total Operating Income As Reported": -2248125000.0,
        "Diluted Average Shares": NaN,
        "Basic Average Shares": NaN,
        "Diluted EPS": NaN,
        "Basic EPS": NaN,
        "Diluted NI Availto Com Stockholders": -2454828000.0,
        "Net Income Common Stockholders": -2454828000.0,
        "Net Income": -2454828000.0,
        "Minority Interests": -116896000.0,
        "Net Income Including Noncontrolling Interests": -2337932000.0,
        "Net Income Continuous Operations": -2337932000.0,
        "Tax Provision": 41935000.0,
        "Pretax Income": -2295997000.0,
        "Other Income Expense": 10486000.0,
        "Other Non Operating Income Expenses": 112886000.0,
        "Earnings From Equity Interest": -102400000.0,
        "Net Non Operating Interest Income Expense": -58358000.0,
        "Interest Expense Non Operating": 50609000.0,
        "Interest Income Non Operating": -7749000.0,
        "Operating Income": -2248125000.0,
        "Operating Expense": 3165188000.0,
        "Other Operating Expenses": -17582000.0,
        "Research And Development": 2292721000.0,
        "Selling General And Administration": 890049000.0,
        "Gross Profit": 917063000.0,
        "Cost Of Revenue": 12514876000.0,
        "Total Revenue": 13431939000.0,
        "Operating Revenue": 13431939000.0
    },
    "2024-09-30": {
        "Tax Effect Of Unusual Items": 0.0,
        "Tax Rate For Calcs": 0.25,
        "Normalized EBITDA": -1036649000.0,
        "Net Income From Continuing Operation Net Minority Interest": -1226280000.0,
        "Reconciled Cost Of Revenue": 15416202000.0,
        "EBITDA": -1036649000.0,
        "EBIT": -1036649000.0,
        "Net Interest Income": 35167000.0,
        "Interest Expense": 8088000.0,
        "Interest Income": 43255000.0,
        "Normalized Income": -1226280000.0,
        "Net Income From Continuing And Discontinued Operation": -1226280000.0,
        "Total Expenses": 19574373000.0,
        "Total Operating Income As Reported": -1216371000.0,
        "Diluted Average Shares": 255290167.0,
        "Basic Average Shares": 255290167.0,
        "Diluted EPS": -4.8,
        "Basic EPS": -4.8,
        "Diluted NI Availto Com Stockholders": -1226280000.0,
        "Net Income Common Stockholders": -1226280000.0,
        "Net Income": -1226280000.0,
        "Minority Interests": -87134000.0,
        "Net Income Including Noncontrolling Interests": -1139146000.0,
        "Net Income Continuous Operations": -1139146000.0,
        "Tax Provision": 94409000.0,
        "Pretax Income": -1044737000.0,
        "Other Income Expense": 136467000.0,
        "Other Non Operating Income Expenses": 54967000.0,
        "Earnings From Equity Interest": 81500000.0,
        "Net Non Operating Interest Income Expense": 35167000.0,
        "Interest Expense Non Operating": 8088000.0,
        "Interest Income Non Operating": 43255000.0,
        "Operating Income": -1216371000.0,
        "Operating Expense": 4158171000.0,
        "Other Operating Expenses": -82747000.0,
        "Research And Development": 1966167000.0,
        "Selling General And Administration": 2274751000.0,
        "Gross Profit": 2941800000.0,
        "Cost Of Revenue": 15416202000.0,
        "Total Revenue": 18358002000.0,
        "Operating Revenue": 18358002000.0
    },
    "2023-12-31": {
        "Tax Effect Of Unusual Items": 0.0,
        "Tax Rate For Calcs": 0.25,
        "Normalized EBITDA": NaN,
        "Net Income From Continuing Operation Net Minority Interest": NaN,
        "Reconciled Cost Of Revenue": NaN,
        "EBITDA": NaN,
        "EBIT": NaN,
        "Net Interest Income": NaN,
        "Interest Expense": NaN,
        "Interest Income": NaN,
        "Normalized Income": NaN,
        "Net Income From Continuing And Discontinued Operation": NaN,
        "Total Expenses": NaN,
        "Total Operating Income As Reported": NaN,
        "Diluted Average Shares": NaN,
        "Basic Average Shares": NaN,
        "Diluted EPS": NaN,
        "Basic EPS": NaN,
        "Diluted NI Availto Com Stockholders": NaN,
        "Net Income Common Stockholders": NaN,
        "Net Income": NaN,
        "Minority Interests": NaN,
        "Net Income Including Noncontrolling Interests": NaN,
        "Net Income Continuous Operations": NaN,
        "Tax Provision": NaN,
        "Pretax Income": NaN,
        "Other Income Expense": NaN,
        "Other Non Operating Income Expenses": NaN,
        "Earnings From Equity Interest": NaN,
        "Net Non Operating Interest Income Expense": NaN,
        "Interest Expense Non Operating": NaN,
        "Interest Income Non Operating": NaN,
        "Operating Income": NaN,
        "Operating Expense": NaN,
        "Other Operating Expenses": -92041000.0,
        "Research And Development": NaN,
        "Selling General And Administration": NaN,
        "Gross Profit": NaN,
        "Cost Of Revenue": NaN,
        "Total Revenue": NaN,
        "Operating Revenue": NaN
    },
    "2023-09-30": {
        "Tax Effect Of Unusual Items": NaN,
        "Tax Rate For Calcs": NaN,
        "Normalized EBITDA": NaN,
        "Net Income From Continuing Operation Net Minority Interest": NaN,
        "Reconciled Cost Of Revenue": NaN,
        "EBITDA": NaN,
        "EBIT": NaN,
        "Net Interest Income": NaN,
        "Interest Expense": NaN,
        "Interest Income": NaN,
        "Normalized Income": NaN,
        "Net Income From Continuing And Discontinued Operation": NaN,
        "Total Expenses": NaN,
        "Total Operating Income As Reported": NaN,
        "Diluted Average Shares": 247584625.0,
        "Basic Average Shares": 247584625.0,
        "Diluted EPS": -5.961848,
        "Basic EPS": -5.961848,
        "Diluted NI Availto Com Stockholders": NaN,
        "Net Income Common Stockholders": NaN,
        "Net Income": NaN,
        "Minority Interests": NaN,
        "Net Income Including Noncontrolling Interests": NaN,
        "Net Income Continuous Operations": NaN,
        "Tax Provision": NaN,
        "Pretax Income": NaN,
        "Other Income Expense": NaN,
        "Other Non Operating Income Expenses": NaN,
        "Earnings From Equity Interest": NaN,
        "Net Non Operating Interest Income Expense": NaN,
        "Interest Expense Non Operating": NaN,
        "Interest Income Non Operating": NaN,
        "Operating Income": NaN,
        "Operating Expense": NaN,
        "Other Operating Expenses": NaN,
        "Research And Development": NaN,
        "Selling General And Administration": NaN,
        "Gross Profit": NaN,
        "Cost Of Revenue": NaN,
        "Total Revenue": NaN,
        "Operating Revenue": NaN
    },
    "2024-12-31": {
        "Tax Effect Of Unusual Items": 0.0,
        "Tax Rate For Calcs": 0.116808,
        "Normalized EBITDA": -901379000.0,
        "Net Income From Continuing Operation Net Minority Interest": -992781000.0,
        "Reconciled Cost Of Revenue": 18461368000.0,
        "EBITDA": -901379000.0,
        "EBIT": -901379000.0,
        "Net Interest Income": 37324000.0,
        "Interest Expense": 27722000.0,
        "Interest Income": 65046000.0,
        "Normalized Income": -992781000.0,
        "Net Income From Continuing And Discontinued Operation": -992781000.0,
        "Total Expenses": 24213939000.0,
        "Total Operating Income As Reported": -1436093000.0,
        "Diluted Average Shares": 255290167.0,
        "Basic Average Shares": 255290167.0,
        "Diluted EPS": -3.9,
        "Basic EPS": -3.9,
        "Diluted NI Availto Com Stockholders": -992781000.0,
        "Net Income Common Stockholders": -992781000.0,
        "Net Income": -992781000.0,
        "Minority Interests": -172206000.0,
        "Net Income Including Noncontrolling Interests": -820575000.0,
        "Net Income Continuous Operations": -820575000.0,
        "Tax Provision": -108526000.0,
        "Pretax Income": -929101000.0,
        "Other Income Expense": 469668000.0,
        "Other Non Operating Income Expenses": -123349000.0,
        "Earnings From Equity Interest": -133956000.0,
        "Net Non Operating Interest Income Expense": 37324000.0,
        "Interest Expense Non Operating": 27722000.0,
        "Interest Income Non Operating": 65046000.0,
        "Operating Income": -1436093000.0,
        "Operating Expense": 5752571000.0,
        "Other Operating Expenses": -269184000.0,
        "Research And Development": 3205297000.0,
        "Selling General And Administration": 2816458000.0,
        "Gross Profit": 4316478000.0,
        "Cost Of Revenue": 18461368000.0,
        "Total Revenue": 22777846000.0,
        "Operating Revenue": 22777846000.0
    },
    "2025-03-31": {
        "Tax Effect Of Unusual Items": 0.0,
        "Tax Rate For Calcs": 0.25,
        "Normalized EBITDA": -493000000.0,
        "Net Income From Continuing Operation Net Minority Interest": -718000000.0,
        "Reconciled Cost Of Revenue": 17806000000.0,
        "EBITDA": -493000000.0,
        "EBIT": -493000000.0,
        "Net Interest Income": -71000000.0,
        "Interest Expense": 116000000.0,
        "Interest Income": 45000000.0,
        "Normalized Income": -718000000.0,
        "Net Income From Continuing And Discontinued Operation": -718000000.0,
        "Total Expenses": 23278000000.0,
        "Total Operating Income As Reported": -1259000000.0,
        "Diluted Average Shares": 255290167.0,
        "Basic Average Shares": 255290167.0,
        "Diluted EPS": -2.8,
        "Basic EPS": -2.8,
        "Diluted NI Availto Com Stockholders": -718000000.0,
        "Net Income Common Stockholders": -718000000.0,
        "Net Income": -718000000.0,
        "Minority Interests": 45000000.0,
        "Net Income Including Noncontrolling Interests": -763000000.0,
        "Net Income Continuous Operations": -763000000.0,
        "Tax Provision": 154000000.0,
        "Pretax Income": -609000000.0,
        "Other Income Expense": 721000000.0,
        "Other Non Operating Income Expenses": 593000000.0,
        "Earnings From Equity Interest": 128000000.0,
        "Net Non Operating Interest Income Expense": -71000000.0,
        "Interest Expense Non Operating": 116000000.0,
        "Interest Income Non Operating": 45000000.0,
        "Operating Income": -1259000000.0,
        "Operating Expense": 5472000000.0,
        "Other Operating Expenses": -81000000.0,
        "Research And Development": 2908000000.0,
        "Selling General And Administration": 2645000000.0,
        "Gross Profit": 4213000000.0,
        "Cost Of Revenue": 17806000000.0,
        "Total Revenue": 22019000000.0,
        "Operating Revenue": 22019000000.0
    },
    "2025-06-30": {
        "Tax Effect Of Unusual Items": 0.0,
        "Tax Rate For Calcs": 0.25,
        "Normalized EBITDA": 181000000.0,
        "Net Income From Continuing Operation Net Minority Interest": -394000000.0,
        "Reconciled Cost Of Revenue": 21775000000.0,
        "EBITDA": 181000000.0,
        "EBIT": 181000000.0,
        "Net Interest Income": -71000000.0,
        "Interest Expense": 108000000.0,
        "Interest Income": 37000000.0,
        "Normalized Income": -394000000.0,
        "Net Income From Continuing And Discontinued Operation": -394000000.0,
        "Total Expenses": 27146000000.0,
        "Total Operating Income As Reported": 285000000.0,
        "Diluted Average Shares": 256106067.0,
        "Basic Average Shares": 256106067.0,
        "Diluted EPS": -1.5,
        "Basic EPS": -1.5,
        "Diluted NI Availto Com Stockholders": -394000000.0,
        "Net Income Common Stockholders": -394000000.0,
        "Net Income": -394000000.0,
        "Minority Interests": -107000000.0,
        "Net Income Including Noncontrolling Interests": -287000000.0,
        "Net Income Continuous Operations": -287000000.0,
        "Tax Provision": 360000000.0,
        "Pretax Income": 73000000.0,
        "Other Income Expense": -141000000.0,
        "Other Non Operating Income Expenses": -292000000.0,
        "Earnings From Equity Interest": 151000000.0,
        "Net Non Operating Interest Income Expense": -71000000.0,
        "Interest Expense Non Operating": 108000000.0,
        "Interest Income Non Operating": 37000000.0,
        "Operating Income": 285000000.0,
        "Operating Expense": 5371000000.0,
        "Other Operating Expenses": -139000000.0,
        "Research And Development": 2146000000.0,
        "Selling General And Administration": 3364000000.0,
        "Gross Profit": 5656000000.0,
        "Cost Of Revenue": 21775000000.0,
        "Total Revenue": 27431000000.0,
        "Operating Revenue": 27431000000.0
    }
}