{
    "2023-03-31": {
        "Tax Effect Of Unusual Items": NaN,
        "Tax Rate For Calcs": NaN,
        "Normalized EBITDA": NaN,
        "Total Unusual Items": NaN,
        "Total Unusual Items Excluding Goodwill": NaN,
        "Net Income From Continuing Operation Net Minority Interest": NaN,
        "Reconciled Depreciation": NaN,
        "EBITDA": NaN,
        "EBIT": NaN,
        "Normalized Income": NaN,
        "Net Income From Continuing And Discontinued Operation": NaN,
        "Total Expenses": NaN,
        "Total Operating Income As Reported": NaN,
        "Diluted Average Shares": 59277000.0,
        "Basic Average Shares": 59277000.0,
        "Diluted EPS": -1.07,
        "Basic EPS": -1.07,
        "Diluted NI Availto Com Stockholders": NaN,
        "Net Income Common Stockholders": NaN,
        "Net Income": NaN,
        "Minority Interests": NaN,
        "Net Income Including Noncontrolling Interests": NaN,
        "Net Income Continuous Operations": NaN,
        "Earnings From Equity Interest Net Of Tax": NaN,
        "Tax Provision": NaN,
        "Pretax Income": NaN,
        "Other Income Expense": NaN,
        "Special Income Charges": NaN,
        "Other Special Charges": NaN,
        "Gain On Sale Of Security": NaN,
        "Operating Income": NaN,
        "Operating Expense": NaN,
        "Research And Development": NaN,
        "Selling General And Administration": NaN,
        "General And Administrative Expense": NaN,
        "Other Gand A": NaN,
        "Salaries And Wages": NaN,
        "Total Revenue": NaN,
        "Operating Revenue": NaN
    },
    "2022-12-31": {
        "Tax Effect Of Unusual Items": NaN,
        "Tax Rate For Calcs": NaN,
        "Normalized EBITDA": NaN,
        "Total Unusual Items": NaN,
        "Total Unusual Items Excluding Goodwill": NaN,
        "Net Income From Continuing Operation Net Minority Interest": NaN,
        "Reconciled Depreciation": NaN,
        "EBITDA": NaN,
        "EBIT": NaN,
        "Normalized Income": NaN,
        "Net Income From Continuing And Discontinued Operation": NaN,
        "Total Expenses": NaN,
        "Total Operating Income As Reported": NaN,
        "Diluted Average Shares": NaN,
        "Basic Average Shares": NaN,
        "Diluted EPS": NaN,
        "Basic EPS": NaN,
        "Diluted NI Availto Com Stockholders": NaN,
        "Net Income Common Stockholders": NaN,
        "Net Income": NaN,
        "Minority Interests": NaN,
        "Net Income Including Noncontrolling Interests": NaN,
        "Net Income Continuous Operations": NaN,
        "Earnings From Equity Interest Net Of Tax": NaN,
        "Tax Provision": NaN,
        "Pretax Income": NaN,
        "Other Income Expense": NaN,
        "Special Income Charges": 0.0,
        "Gain On Sale Of Business": 0.0,
        "Other Special Charges": NaN,
        "Gain On Sale Of Security": NaN,
        "Operating Income": NaN,
        "Operating Expense": NaN,
        "Research And Development": NaN,
        "Selling General And Administration": NaN,
        "General And Administrative Expense": NaN,
        "Other Gand A": NaN,
        "Salaries And Wages": NaN,
        "Total Revenue": NaN,
        "Operating Revenue": NaN
    },
    "2022-09-30": {
        "Tax Effect Of Unusual Items": NaN,
        "Tax Rate For Calcs": NaN,
        "Normalized EBITDA": NaN,
        "Total Unusual Items": NaN,
        "Total Unusual Items Excluding Goodwill": NaN,
        "Net Income From Continuing Operation Net Minority Interest": NaN,
        "Reconciled Depreciation": NaN,
        "EBITDA": NaN,
        "EBIT": NaN,
        "Normalized Income": NaN,
        "Net Income From Continuing And Discontinued Operation": NaN,
        "Total Expenses": NaN,
        "Total Operating Income As Reported": NaN,
        "Diluted Average Shares": 56807000.0,
        "Basic Average Shares": 56807000.0,
        "Diluted EPS": -0.96,
        "Basic EPS": -0.96,
        "Diluted NI Availto Com Stockholders": NaN,
        "Net Income Common Stockholders": NaN,
        "Net Income": NaN,
        "Minority Interests": NaN,
        "Net Income Including Noncontrolling Interests": NaN,
        "Net Income Continuous Operations": NaN,
        "Earnings From Equity Interest Net Of Tax": NaN,
        "Tax Provision": NaN,
        "Pretax Income": NaN,
        "Other Income Expense": NaN,
        "Special Income Charges": 0.0,
        "Gain On Sale Of Business": 0.0,
        "Other Special Charges": NaN,
        "Gain On Sale Of Security": NaN,
        "Operating Income": NaN,
        "Operating Expense": NaN,
        "Research And Development": NaN,
        "Selling General And Administration": NaN,
        "General And Administrative Expense": NaN,
        "Other Gand A": NaN,
        "Salaries And Wages": NaN,
        "Total Revenue": NaN,
        "Operating Revenue": NaN
    },
    "2022-06-30": {
        "Tax Effect Of Unusual Items": 169600.0,
        "Tax Rate For Calcs": 0.4,
        "Normalized EBITDA": -63537000.0,
        "Total Unusual Items": 424000.0,
        "Total Unusual Items Excluding Goodwill": 424000.0,
        "Net Income From Continuing Operation Net Minority Interest": -68357000.0,
        "Reconciled Depreciation": 348000.0,
        "EBITDA": -63113000.0,
        "EBIT": -63461000.0,
        "Normalized Income": -68611400.0,
        "Net Income From Continuing And Discontinued Operation": -68357000.0,
        "Total Expenses": 63461000.0,
        "Total Operating Income As Reported": -63461000.0,
        "Diluted Average Shares": 51117000.0,
        "Basic Average Shares": 51117000.0,
        "Diluted EPS": -1.34,
        "Basic EPS": -1.34,
        "Diluted NI Availto Com Stockholders": -68357000.0,
        "Net Income Common Stockholders": -68357000.0,
        "Net Income": -68357000.0,
        "Minority Interests": 35000.0,
        "Net Income Including Noncontrolling Interests": -68392000.0,
        "Net Income Continuous Operations": -68392000.0,
        "Earnings From Equity Interest Net Of Tax": -5338000.0,
        "Tax Provision": 17000.0,
        "Pretax Income": -63037000.0,
        "Other Income Expense": 424000.0,
        "Special Income Charges": NaN,
        "Gain On Sale Of Business": NaN,
        "Other Special Charges": NaN,
        "Gain On Sale Of Security": 424000.0,
        "Operating Income": -63461000.0,
        "Operating Expense": 63461000.0,
        "Research And Development": 43825000.0,
        "Selling General And Administration": 19636000.0,
        "General And Administrative Expense": 19636000.0,
        "Other Gand A": 19636000.0,
        "Salaries And Wages": NaN,
        "Total Revenue": 0.0,
        "Operating Revenue": 0.0
    },
    "2022-03-31": {
        "Diluted EPS": -1.31,
        "Total Revenue": NaN,
        "Gross Profit": NaN,
        "Operating Income": -58,
        "EBIT": -57,
        "Net Income": -59
    },
    "2021-12-31": {
        "Diluted EPS": -1.05,
        "Total Revenue": NaN,
        "Gross Profit": NaN,
        "Operating Income": -48,
        "EBIT": -48,
        "Net Income": -50
    },
    "2021-09-30": {
        "Diluted EPS": -0.09,
        "Total Revenue": NaN,
        "Gross Profit": NaN,
        "Operating Income": -63,
        "EBIT": -63,
        "Net Income": -4
    },
    "2021-06-30": {
        "Diluted EPS": -1.34,
        "Total Revenue": NaN,
        "Gross Profit": NaN,
        "Operating Income": -55,
        "EBIT": -55,
        "Net Income": -55
    },
    "2021-03-31": {
        "Diluted EPS": -1.24,
        "Total Revenue": NaN,
        "Gross Profit": NaN,
        "Operating Income": -50,
        "EBIT": -50,
        "Net Income": -50
    },
    "2020-12-31": {
        "Diluted EPS": 0.38,
        "Total Revenue": NaN,
        "Gross Profit": NaN,
        "Operating Income": -40,
        "EBIT": -40,
        "Net Income": -40
    },
    "2020-09-30": {
        "Diluted EPS": -0.91,
        "Total Revenue": NaN,
        "Gross Profit": NaN,
        "Operating Income": -35,
        "EBIT": -35,
        "Net Income": -35
    },
    "2020-06-30": {
        "Diluted EPS": -0.78,
        "Total Revenue": NaN,
        "Gross Profit": NaN,
        "Operating Income": -27,
        "EBIT": -27,
        "Net Income": -27
    },
    "2020-03-31": {
        "Diluted EPS": -2.88,
        "Total Revenue": NaN,
        "Gross Profit": NaN,
        "Operating Income": -16,
        "EBIT": -16,
        "Net Income": -16
    },
    "2019-12-31": {
        "Diluted EPS": -2.6,
        "Total Revenue": NaN,
        "Gross Profit": NaN,
        "Operating Income": -15,
        "EBIT": -15,
        "Net Income": -15
    },
    "2019-09-30": {
        "Diluted EPS": -2.2,
        "Total Revenue": NaN,
        "Gross Profit": NaN,
        "Operating Income": -13,
        "EBIT": -13,
        "Net Income": -12
    },
    "2019-06-30": {
        "Diluted EPS": -1.87,
        "Total Revenue": NaN,
        "Gross Profit": NaN,
        "Operating Income": -11,
        "EBIT": -11,
        "Net Income": -10
    },
    "2019-03-31": {
        "Diluted EPS": -1.49,
        "Total Revenue": NaN,
        "Gross Profit": NaN,
        "Operating Income": -9,
        "EBIT": -9,
        "Net Income": -8
    },
    "2023-06-30": {
        "Tax Effect Of Unusual Items": NaN,
        "Tax Rate For Calcs": NaN,
        "Normalized EBITDA": NaN,
        "Total Unusual Items": NaN,
        "Total Unusual Items Excluding Goodwill": NaN,
        "Net Income From Continuing Operation Net Minority Interest": NaN,
        "Reconciled Depreciation": NaN,
        "EBITDA": NaN,
        "EBIT": NaN,
        "Normalized Income": NaN,
        "Net Income From Continuing And Discontinued Operation": NaN,
        "Total Expenses": NaN,
        "Total Operating Income As Reported": NaN,
        "Diluted Average Shares": 60790000.0,
        "Basic Average Shares": 60790000.0,
        "Diluted EPS": -1.85,
        "Basic EPS": -1.85,
        "Diluted NI Availto Com Stockholders": NaN,
        "Net Income Common Stockholders": NaN,
        "Net Income": NaN,
        "Minority Interests": NaN,
        "Net Income Including Noncontrolling Interests": NaN,
        "Net Income Continuous Operations": NaN,
        "Earnings From Equity Interest Net Of Tax": NaN,
        "Tax Provision": NaN,
        "Pretax Income": NaN,
        "Other Income Expense": NaN,
        "Special Income Charges": NaN,
        "Other Special Charges": 45568000.0,
        "Gain On Sale Of Security": NaN,
        "Operating Income": NaN,
        "Operating Expense": NaN,
        "Research And Development": NaN,
        "Selling General And Administration": NaN,
        "General And Administrative Expense": NaN,
        "Other Gand A": NaN,
        "Salaries And Wages": 7357000.0,
        "Total Revenue": NaN,
        "Operating Revenue": NaN
    },
    "2023-09-30": {
        "Tax Effect Of Unusual Items": NaN,
        "Tax Rate For Calcs": NaN,
        "Normalized EBITDA": NaN,
        "Total Unusual Items": NaN,
        "Total Unusual Items Excluding Goodwill": NaN,
        "Net Income From Continuing Operation Net Minority Interest": NaN,
        "Reconciled Depreciation": NaN,
        "EBITDA": NaN,
        "EBIT": NaN,
        "Normalized Income": NaN,
        "Net Income From Continuing And Discontinued Operation": NaN,
        "Total Expenses": NaN,
        "Total Operating Income As Reported": NaN,
        "Diluted Average Shares": 70612000.0,
        "Basic Average Shares": 70612000.0,
        "Diluted EPS": -0.79,
        "Basic EPS": -0.79,
        "Diluted NI Availto Com Stockholders": NaN,
        "Net Income Common Stockholders": NaN,
        "Net Income": NaN,
        "Minority Interests": NaN,
        "Net Income Including Noncontrolling Interests": NaN,
        "Net Income Continuous Operations": NaN,
        "Earnings From Equity Interest Net Of Tax": NaN,
        "Tax Provision": NaN,
        "Pretax Income": NaN,
        "Other Income Expense": NaN,
        "Special Income Charges": NaN,
        "Other Special Charges": NaN,
        "Restructuring And Mergern Acquisition": NaN,
        "Gain On Sale Of Security": NaN,
        "Operating Income": NaN,
        "Operating Expense": NaN,
        "Research And Development": NaN,
        "Selling General And Administration": NaN,
        "General And Administrative Expense": NaN,
        "Other Gand A": NaN,
        "Total Revenue": NaN,
        "Operating Revenue": NaN
    },
    "2023-12-31": {
        "Tax Effect Of Unusual Items": NaN,
        "Tax Rate For Calcs": NaN,
        "Normalized EBITDA": NaN,
        "Total Unusual Items": NaN,
        "Total Unusual Items Excluding Goodwill": NaN,
        "Net Income From Continuing Operation Net Minority Interest": NaN,
        "Reconciled Depreciation": NaN,
        "EBITDA": NaN,
        "EBIT": NaN,
        "Normalized Income": NaN,
        "Net Income From Continuing And Discontinued Operation": NaN,
        "Total Expenses": NaN,
        "Total Operating Income As Reported": NaN,
        "Diluted Average Shares": NaN,
        "Basic Average Shares": NaN,
        "Diluted EPS": NaN,
        "Basic EPS": NaN,
        "Diluted NI Availto Com Stockholders": NaN,
        "Net Income Common Stockholders": NaN,
        "Net Income": NaN,
        "Minority Interests": NaN,
        "Net Income Including Noncontrolling Interests": NaN,
        "Net Income Continuous Operations": NaN,
        "Earnings From Equity Interest Net Of Tax": 0.0,
        "Tax Provision": NaN,
        "Pretax Income": NaN,
        "Other Income Expense": NaN,
        "Special Income Charges": NaN,
        "Other Special Charges": 0.0,
        "Restructuring And Mergern Acquisition": NaN,
        "Gain On Sale Of Security": NaN,
        "Operating Income": NaN,
        "Operating Expense": NaN,
        "Research And Development": NaN,
        "Selling General And Administration": NaN,
        "General And Administrative Expense": NaN,
        "Other Gand A": NaN,
        "Total Revenue": NaN,
        "Operating Revenue": NaN
    },
    "2024-03-31": {
        "Tax Effect Of Unusual Items": NaN,
        "Tax Rate For Calcs": NaN,
        "Normalized EBITDA": NaN,
        "Total Unusual Items": NaN,
        "Total Unusual Items Excluding Goodwill": NaN,
        "Net Income From Continuing Operation Net Minority Interest": NaN,
        "Reconciled Depreciation": NaN,
        "EBITDA": NaN,
        "EBIT": NaN,
        "Normalized Income": NaN,
        "Net Income From Continuing And Discontinued Operation": NaN,
        "Total Expenses": NaN,
        "Total Operating Income As Reported": NaN,
        "Diluted Average Shares": 71192000.0,
        "Basic Average Shares": 70898000.0,
        "Diluted EPS": 0.14,
        "Basic EPS": 0.14,
        "Diluted NI Availto Com Stockholders": NaN,
        "Net Income Common Stockholders": NaN,
        "Net Income": NaN,
        "Minority Interests": NaN,
        "Net Income Including Noncontrolling Interests": NaN,
        "Net Income Continuous Operations": NaN,
        "Earnings From Equity Interest Net Of Tax": 0.0,
        "Tax Provision": NaN,
        "Pretax Income": NaN,
        "Other Income Expense": NaN,
        "Special Income Charges": NaN,
        "Other Special Charges": NaN,
        "Restructuring And Mergern Acquisition": 0.0,
        "Gain On Sale Of Security": NaN,
        "Operating Income": NaN,
        "Operating Expense": NaN,
        "Research And Development": NaN,
        "Selling General And Administration": NaN,
        "General And Administrative Expense": NaN,
        "Other Gand A": NaN,
        "Total Revenue": NaN,
        "Operating Revenue": NaN
    },
    "2024-06-30": {
        "Tax Effect Of Unusual Items": -4801230.0,
        "Tax Rate For Calcs": 0.21,
        "Normalized EBITDA": -41958000.0,
        "Total Unusual Items": -22863000.0,
        "Total Unusual Items Excluding Goodwill": -22863000.0,
        "Net Income From Continuing Operation Net Minority Interest": -88277000.0,
        "Reconciled Depreciation": 327000.0,
        "EBITDA": -64821000.0,
        "EBIT": -65148000.0,
        "Normalized Income": -70215230.0,
        "Net Income From Continuing And Discontinued Operation": -88277000.0,
        "Total Expenses": 65148000.0,
        "Total Operating Income As Reported": -65148000.0,
        "Diluted Average Shares": 71040000.0,
        "Basic Average Shares": 71040000.0,
        "Diluted EPS": -1.24,
        "Basic EPS": -1.24,
        "Diluted NI Availto Com Stockholders": -88277000.0,
        "Net Income Common Stockholders": -88277000.0,
        "Net Income": -88277000.0,
        "Minority Interests": 0.0,
        "Net Income Including Noncontrolling Interests": -88277000.0,
        "Net Income Continuous Operations": -88277000.0,
        "Earnings From Equity Interest Net Of Tax": 0.0,
        "Tax Provision": 266000.0,
        "Pretax Income": -88011000.0,
        "Other Income Expense": -22863000.0,
        "Special Income Charges": 0.0,
        "Other Special Charges": NaN,
        "Restructuring And Mergern Acquisition": 0.0,
        "Gain On Sale Of Security": -22863000.0,
        "Operating Income": -65148000.0,
        "Operating Expense": 65148000.0,
        "Research And Development": 48386000.0,
        "Selling General And Administration": 16762000.0,
        "General And Administrative Expense": 16762000.0,
        "Other Gand A": 16762000.0,
        "Total Revenue": 0.0,
        "Operating Revenue": 0.0
    },
    "2024-09-30": {
        "Tax Effect Of Unusual Items": 7556.774916,
        "Tax Rate For Calcs": 0.000672,
        "Normalized EBITDA": -62358000.0,
        "Total Unusual Items": 11247000.0,
        "Total Unusual Items Excluding Goodwill": 11247000.0,
        "Net Income From Continuing Operation Net Minority Interest": -40158000.0,
        "Reconciled Depreciation": 321000.0,
        "EBITDA": -51111000.0,
        "EBIT": -51432000.0,
        "Normalized Income": -51397443.225084,
        "Net Income From Continuing And Discontinued Operation": -40158000.0,
        "Total Expenses": 51432000.0,
        "Total Operating Income As Reported": -51432000.0,
        "Diluted Average Shares": 71111000.0,
        "Basic Average Shares": 71111000.0,
        "Diluted EPS": -0.56,
        "Basic EPS": -0.56,
        "Diluted NI Availto Com Stockholders": -40158000.0,
        "Net Income Common Stockholders": -40158000.0,
        "Net Income": -40158000.0,
        "Minority Interests": 0.0,
        "Net Income Including Noncontrolling Interests": -40158000.0,
        "Net Income Continuous Operations": -40158000.0,
        "Earnings From Equity Interest Net Of Tax": 0.0,
        "Tax Provision": -27000.0,
        "Pretax Income": -40185000.0,
        "Other Income Expense": 11247000.0,
        "Special Income Charges": 0.0,
        "Other Special Charges": NaN,
        "Restructuring And Mergern Acquisition": NaN,
        "Gain On Sale Of Security": 11247000.0,
        "Operating Income": -51432000.0,
        "Operating Expense": 51432000.0,
        "Research And Development": 36824000.0,
        "Selling General And Administration": 14608000.0,
        "General And Administrative Expense": 14608000.0,
        "Other Gand A": 14608000.0,
        "Total Revenue": 0.0,
        "Operating Revenue": 0.0
    },
    "2024-12-31": {
        "Tax Effect Of Unusual Items": -6724.835875,
        "Tax Rate For Calcs": 0.0043,
        "Normalized EBITDA": -44232000.0,
        "Total Unusual Items": -1564000.0,
        "Total Unusual Items Excluding Goodwill": -1564000.0,
        "Net Income From Continuing Operation Net Minority Interest": -47472000.0,
        "Reconciled Depreciation": 317000.0,
        "EBITDA": -45796000.0,
        "EBIT": -46113000.0,
        "Normalized Income": -45914724.835875,
        "Net Income From Continuing And Discontinued Operation": -47472000.0,
        "Total Expenses": 72978000.0,
        "Total Operating Income As Reported": -49849000.0,
        "Diluted Average Shares": NaN,
        "Basic Average Shares": NaN,
        "Diluted EPS": NaN,
        "Basic EPS": NaN,
        "Diluted NI Availto Com Stockholders": -47472000.0,
        "Net Income Common Stockholders": -47472000.0,
        "Net Income": -47472000.0,
        "Minority Interests": 0.0,
        "Net Income Including Noncontrolling Interests": -47472000.0,
        "Net Income Continuous Operations": -47472000.0,
        "Earnings From Equity Interest Net Of Tax": 0.0,
        "Tax Provision": -205000.0,
        "Pretax Income": -47677000.0,
        "Other Income Expense": -1564000.0,
        "Special Income Charges": -3736000.0,
        "Other Special Charges": NaN,
        "Restructuring And Mergern Acquisition": NaN,
        "Gain On Sale Of Security": 2172000.0,
        "Operating Income": -46113000.0,
        "Operating Expense": 72978000.0,
        "Research And Development": 32973000.0,
        "Selling General And Administration": 40005000.0,
        "General And Administrative Expense": 40005000.0,
        "Other Gand A": 40005000.0,
        "Total Revenue": 26865000.0,
        "Operating Revenue": 26865000.0
    },
    "2025-03-31": {
        "Tax Effect Of Unusual Items": 0.0,
        "Tax Rate For Calcs": 0.0,
        "Normalized EBITDA": -27113000.0,
        "Total Unusual Items": -10452000.0,
        "Total Unusual Items Excluding Goodwill": -10452000.0,
        "Net Income From Continuing Operation Net Minority Interest": -48279000.0,
        "Reconciled Depreciation": 262000.0,
        "EBITDA": -37565000.0,
        "EBIT": -37827000.0,
        "Normalized Income": -37827000.0,
        "Net Income From Continuing And Discontinued Operation": -48279000.0,
        "Total Expenses": 37827000.0,
        "Total Operating Income As Reported": -45623000.0,
        "Diluted Average Shares": 71678000.0,
        "Basic Average Shares": 71678000.0,
        "Diluted EPS": -0.67,
        "Basic EPS": -0.67,
        "Diluted NI Availto Com Stockholders": -48279000.0,
        "Net Income Common Stockholders": -48279000.0,
        "Net Income": -48279000.0,
        "Minority Interests": 0.0,
        "Net Income Including Noncontrolling Interests": -48279000.0,
        "Net Income Continuous Operations": -48279000.0,
        "Earnings From Equity Interest Net Of Tax": NaN,
        "Tax Provision": 0.0,
        "Pretax Income": -48279000.0,
        "Other Income Expense": -10452000.0,
        "Special Income Charges": -7796000.0,
        "Other Special Charges": NaN,
        "Restructuring And Mergern Acquisition": 7796000.0,
        "Gain On Sale Of Security": -2656000.0,
        "Operating Income": -37827000.0,
        "Operating Expense": 37827000.0,
        "Research And Development": 27247000.0,
        "Selling General And Administration": 10580000.0,
        "General And Administrative Expense": 10580000.0,
        "Other Gand A": 10580000.0,
        "Total Revenue": 0.0,
        "Operating Revenue": 0.0
    },
    "2025-06-30": {
        "Tax Effect Of Unusual Items": 0.0,
        "Tax Rate For Calcs": 0.0,
        "Normalized EBITDA": -45082000.0,
        "Total Unusual Items": 9184000.0,
        "Total Unusual Items Excluding Goodwill": 9184000.0,
        "Net Income From Continuing Operation Net Minority Interest": -26874000.0,
        "Reconciled Depreciation": 160000.0,
        "EBITDA": -35898000.0,
        "EBIT": -36058000.0,
        "Normalized Income": -36058000.0,
        "Net Income From Continuing And Discontinued Operation": -26874000.0,
        "Total Expenses": 36058000.0,
        "Total Operating Income As Reported": -36058000.0,
        "Diluted Average Shares": 71992000.0,
        "Basic Average Shares": 71992000.0,
        "Diluted EPS": -0.37,
        "Basic EPS": -0.37,
        "Diluted NI Availto Com Stockholders": -26874000.0,
        "Net Income Common Stockholders": -26874000.0,
        "Net Income": -26874000.0,
        "Minority Interests": 0.0,
        "Net Income Including Noncontrolling Interests": -26874000.0,
        "Net Income Continuous Operations": -26874000.0,
        "Earnings From Equity Interest Net Of Tax": NaN,
        "Tax Provision": 0.0,
        "Pretax Income": -26874000.0,
        "Other Income Expense": 9184000.0,
        "Special Income Charges": 0.0,
        "Other Special Charges": NaN,
        "Restructuring And Mergern Acquisition": 0.0,
        "Gain On Sale Of Security": 9184000.0,
        "Operating Income": -36058000.0,
        "Operating Expense": 36058000.0,
        "Research And Development": 27610000.0,
        "Selling General And Administration": 8448000.0,
        "General And Administrative Expense": 8448000.0,
        "Other Gand A": 8448000.0,
        "Total Revenue": 0.0,
        "Operating Revenue": 0.0
    }
}