{
    "2023-04-30": {
        "Tax Effect Of Unusual Items": NaN,
        "Tax Rate For Calcs": NaN,
        "Normalized EBITDA": NaN,
        "Total Unusual Items": -6301000.0,
        "Total Unusual Items Excluding Goodwill": -6301000.0,
        "Net Income From Continuing Operation Net Minority Interest": NaN,
        "Reconciled Depreciation": NaN,
        "Reconciled Cost Of Revenue": NaN,
        "EBITDA": NaN,
        "EBIT": NaN,
        "Net Interest Income": NaN,
        "Interest Expense": NaN,
        "Interest Income": NaN,
        "Normalized Income": NaN,
        "Net Income From Continuing And Discontinued Operation": NaN,
        "Total Expenses": NaN,
        "Total Operating Income As Reported": NaN,
        "Diluted Average Shares": NaN,
        "Basic Average Shares": NaN,
        "Diluted EPS": NaN,
        "Basic EPS": NaN,
        "Diluted NI Availto Com Stockholders": NaN,
        "Net Income Common Stockholders": NaN,
        "Net Income": NaN,
        "Net Income Including Noncontrolling Interests": NaN,
        "Net Income Continuous Operations": NaN,
        "Tax Provision": NaN,
        "Pretax Income": NaN,
        "Other Income Expense": NaN,
        "Other Non Operating Income Expenses": NaN,
        "Special Income Charges": -6301000.0,
        "Restructuring And Mergern Acquisition": 6301000.0,
        "Net Non Operating Interest Income Expense": NaN,
        "Total Other Finance Cost": 974000.0,
        "Interest Expense Non Operating": NaN,
        "Interest Income Non Operating": NaN,
        "Operating Income": NaN,
        "Operating Expense": NaN,
        "Research And Development": NaN,
        "Selling General And Administration": NaN,
        "Selling And Marketing Expense": NaN,
        "General And Administrative Expense": NaN,
        "Other Gand A": NaN,
        "Gross Profit": NaN,
        "Cost Of Revenue": NaN,
        "Total Revenue": NaN,
        "Operating Revenue": NaN
    },
    "2023-01-31": {
        "Tax Effect Of Unusual Items": NaN,
        "Tax Rate For Calcs": NaN,
        "Normalized EBITDA": NaN,
        "Total Unusual Items": NaN,
        "Total Unusual Items Excluding Goodwill": NaN,
        "Net Income From Continuing Operation Net Minority Interest": NaN,
        "Reconciled Depreciation": NaN,
        "Reconciled Cost Of Revenue": NaN,
        "EBITDA": NaN,
        "EBIT": NaN,
        "Net Interest Income": NaN,
        "Interest Expense": NaN,
        "Interest Income": NaN,
        "Normalized Income": NaN,
        "Net Income From Continuing And Discontinued Operation": NaN,
        "Total Expenses": NaN,
        "Total Operating Income As Reported": NaN,
        "Diluted Average Shares": NaN,
        "Basic Average Shares": NaN,
        "Diluted EPS": NaN,
        "Basic EPS": NaN,
        "Diluted NI Availto Com Stockholders": NaN,
        "Net Income Common Stockholders": NaN,
        "Net Income": NaN,
        "Net Income Including Noncontrolling Interests": NaN,
        "Net Income Continuous Operations": NaN,
        "Tax Provision": NaN,
        "Pretax Income": NaN,
        "Other Income Expense": NaN,
        "Other Non Operating Income Expenses": NaN,
        "Special Income Charges": NaN,
        "Restructuring And Mergern Acquisition": NaN,
        "Net Non Operating Interest Income Expense": NaN,
        "Total Other Finance Cost": 973000.0,
        "Interest Expense Non Operating": NaN,
        "Interest Income Non Operating": NaN,
        "Operating Income": NaN,
        "Operating Expense": NaN,
        "Research And Development": NaN,
        "Selling General And Administration": NaN,
        "Selling And Marketing Expense": NaN,
        "General And Administrative Expense": NaN,
        "Other Gand A": NaN,
        "Gross Profit": NaN,
        "Cost Of Revenue": NaN,
        "Total Revenue": NaN,
        "Operating Revenue": NaN
    },
    "2022-10-31": {
        "Tax Effect Of Unusual Items": NaN,
        "Tax Rate For Calcs": NaN,
        "Normalized EBITDA": NaN,
        "Total Unusual Items": NaN,
        "Total Unusual Items Excluding Goodwill": NaN,
        "Net Income From Continuing Operation Net Minority Interest": NaN,
        "Reconciled Depreciation": NaN,
        "Reconciled Cost Of Revenue": NaN,
        "EBITDA": NaN,
        "EBIT": NaN,
        "Net Interest Income": NaN,
        "Interest Expense": NaN,
        "Interest Income": NaN,
        "Normalized Income": NaN,
        "Net Income From Continuing And Discontinued Operation": NaN,
        "Total Expenses": NaN,
        "Total Operating Income As Reported": NaN,
        "Diluted Average Shares": NaN,
        "Basic Average Shares": NaN,
        "Diluted EPS": NaN,
        "Basic EPS": NaN,
        "Diluted NI Availto Com Stockholders": NaN,
        "Net Income Common Stockholders": NaN,
        "Net Income": NaN,
        "Net Income Including Noncontrolling Interests": NaN,
        "Net Income Continuous Operations": NaN,
        "Tax Provision": NaN,
        "Pretax Income": NaN,
        "Other Income Expense": NaN,
        "Other Non Operating Income Expenses": NaN,
        "Special Income Charges": NaN,
        "Restructuring And Mergern Acquisition": NaN,
        "Net Non Operating Interest Income Expense": NaN,
        "Total Other Finance Cost": 972000.0,
        "Interest Expense Non Operating": NaN,
        "Interest Income Non Operating": NaN,
        "Operating Income": NaN,
        "Operating Expense": NaN,
        "Research And Development": NaN,
        "Selling General And Administration": NaN,
        "Selling And Marketing Expense": NaN,
        "General And Administrative Expense": NaN,
        "Other Gand A": NaN,
        "Gross Profit": NaN,
        "Cost Of Revenue": NaN,
        "Total Revenue": NaN,
        "Operating Revenue": NaN
    },
    "2022-07-31": {
        "Tax Effect Of Unusual Items": 0.0,
        "Tax Rate For Calcs": 0.4,
        "Normalized EBITDA": -67362000.0,
        "Total Unusual Items": NaN,
        "Total Unusual Items Excluding Goodwill": NaN,
        "Net Income From Continuing Operation Net Minority Interest": -97652000.0,
        "Reconciled Depreciation": 13334000.0,
        "Reconciled Cost Of Revenue": 68308000.0,
        "EBITDA": -67362000.0,
        "EBIT": -80696000.0,
        "Net Interest Income": -11851000.0,
        "Interest Expense": 14458000.0,
        "Interest Income": 2607000.0,
        "Normalized Income": -97652000.0,
        "Net Income From Continuing And Discontinued Operation": -97652000.0,
        "Total Expenses": 400588000.0,
        "Total Operating Income As Reported": -82529000.0,
        "Diluted Average Shares": 142371000.0,
        "Basic Average Shares": 142371000.0,
        "Diluted EPS": -0.69,
        "Basic EPS": -0.69,
        "Diluted NI Availto Com Stockholders": -97652000.0,
        "Net Income Common Stockholders": -97652000.0,
        "Net Income": -97652000.0,
        "Net Income Including Noncontrolling Interests": -97652000.0,
        "Net Income Continuous Operations": -97652000.0,
        "Tax Provision": 2498000.0,
        "Pretax Income": -95154000.0,
        "Other Income Expense": -774000.0,
        "Other Non Operating Income Expenses": -774000.0,
        "Special Income Charges": NaN,
        "Restructuring And Mergern Acquisition": NaN,
        "Net Non Operating Interest Income Expense": -11851000.0,
        "Total Other Finance Cost": 711000.0,
        "Interest Expense Non Operating": 14458000.0,
        "Interest Income Non Operating": 2607000.0,
        "Operating Income": -82529000.0,
        "Operating Expense": 332280000.0,
        "Research And Development": 78150000.0,
        "Selling General And Administration": 254130000.0,
        "Selling And Marketing Expense": 214228000.0,
        "General And Administrative Expense": 39902000.0,
        "Other Gand A": 39902000.0,
        "Gross Profit": 249751000.0,
        "Cost Of Revenue": 68308000.0,
        "Total Revenue": 318059000.0,
        "Operating Revenue": 318059000.0
    },
    "2023-07-31": {
        "Tax Effect Of Unusual Items": NaN,
        "Tax Rate For Calcs": NaN,
        "Normalized EBITDA": NaN,
        "Total Unusual Items": -1299000.0,
        "Total Unusual Items Excluding Goodwill": -1299000.0,
        "Net Income From Continuing Operation Net Minority Interest": NaN,
        "Reconciled Depreciation": NaN,
        "Reconciled Cost Of Revenue": NaN,
        "EBITDA": NaN,
        "EBIT": NaN,
        "Net Interest Income": NaN,
        "Interest Expense": NaN,
        "Interest Income": NaN,
        "Normalized Income": NaN,
        "Net Income From Continuing And Discontinued Operation": NaN,
        "Total Expenses": NaN,
        "Total Operating Income As Reported": NaN,
        "Diluted Average Shares": NaN,
        "Basic Average Shares": NaN,
        "Diluted EPS": NaN,
        "Basic EPS": NaN,
        "Diluted NI Availto Com Stockholders": NaN,
        "Net Income Common Stockholders": NaN,
        "Net Income": NaN,
        "Net Income Including Noncontrolling Interests": NaN,
        "Net Income Continuous Operations": NaN,
        "Tax Provision": NaN,
        "Pretax Income": NaN,
        "Other Income Expense": NaN,
        "Other Non Operating Income Expenses": NaN,
        "Special Income Charges": -1299000.0,
        "Restructuring And Mergern Acquisition": 1299000.0,
        "Net Non Operating Interest Income Expense": NaN,
        "Total Other Finance Cost": NaN,
        "Interest Expense Non Operating": NaN,
        "Interest Income Non Operating": NaN,
        "Operating Income": NaN,
        "Operating Expense": NaN,
        "Depreciation Amortization Depletion Income Statement": NaN,
        "Depreciation And Amortization In Income Statement": NaN,
        "Amortization": NaN,
        "Amortization Of Intangibles Income Statement": NaN,
        "Research And Development": NaN,
        "Selling General And Administration": NaN,
        "Selling And Marketing Expense": NaN,
        "General And Administrative Expense": NaN,
        "Other Gand A": NaN,
        "Gross Profit": NaN,
        "Cost Of Revenue": NaN,
        "Total Revenue": NaN,
        "Operating Revenue": NaN
    },
    "2023-10-31": {
        "Tax Effect Of Unusual Items": NaN,
        "Tax Rate For Calcs": NaN,
        "Normalized EBITDA": NaN,
        "Total Unusual Items": NaN,
        "Total Unusual Items Excluding Goodwill": NaN,
        "Net Income From Continuing Operation Net Minority Interest": NaN,
        "Reconciled Depreciation": NaN,
        "Reconciled Cost Of Revenue": NaN,
        "EBITDA": NaN,
        "EBIT": NaN,
        "Net Interest Income": NaN,
        "Interest Expense": NaN,
        "Interest Income": NaN,
        "Normalized Income": NaN,
        "Net Income From Continuing And Discontinued Operation": NaN,
        "Total Expenses": NaN,
        "Total Operating Income As Reported": NaN,
        "Diluted Average Shares": NaN,
        "Basic Average Shares": NaN,
        "Diluted EPS": NaN,
        "Basic EPS": NaN,
        "Diluted NI Availto Com Stockholders": NaN,
        "Net Income Common Stockholders": NaN,
        "Net Income": NaN,
        "Net Income Including Noncontrolling Interests": NaN,
        "Net Income Continuous Operations": NaN,
        "Tax Provision": NaN,
        "Pretax Income": NaN,
        "Other Income Expense": NaN,
        "Other Non Operating Income Expenses": NaN,
        "Special Income Charges": NaN,
        "Restructuring And Mergern Acquisition": NaN,
        "Net Non Operating Interest Income Expense": NaN,
        "Total Other Finance Cost": 977000.0,
        "Interest Expense Non Operating": NaN,
        "Interest Income Non Operating": NaN,
        "Operating Income": NaN,
        "Operating Expense": NaN,
        "Depreciation Amortization Depletion Income Statement": NaN,
        "Depreciation And Amortization In Income Statement": NaN,
        "Amortization": NaN,
        "Amortization Of Intangibles Income Statement": NaN,
        "Research And Development": NaN,
        "Selling General And Administration": NaN,
        "Selling And Marketing Expense": NaN,
        "General And Administrative Expense": NaN,
        "Other Gand A": NaN,
        "Gross Profit": NaN,
        "Cost Of Revenue": NaN,
        "Total Revenue": NaN,
        "Operating Revenue": NaN
    },
    "2024-01-31": {
        "Tax Effect Of Unusual Items": NaN,
        "Tax Rate For Calcs": NaN,
        "Normalized EBITDA": NaN,
        "Total Unusual Items": NaN,
        "Total Unusual Items Excluding Goodwill": NaN,
        "Net Income From Continuing Operation Net Minority Interest": NaN,
        "Reconciled Depreciation": NaN,
        "Reconciled Cost Of Revenue": NaN,
        "EBITDA": NaN,
        "EBIT": NaN,
        "Net Interest Income": NaN,
        "Interest Expense": NaN,
        "Interest Income": NaN,
        "Normalized Income": NaN,
        "Net Income From Continuing And Discontinued Operation": NaN,
        "Total Expenses": NaN,
        "Total Operating Income As Reported": NaN,
        "Diluted Average Shares": NaN,
        "Basic Average Shares": NaN,
        "Diluted EPS": NaN,
        "Basic EPS": NaN,
        "Diluted NI Availto Com Stockholders": NaN,
        "Net Income Common Stockholders": NaN,
        "Net Income": NaN,
        "Net Income Including Noncontrolling Interests": NaN,
        "Net Income Continuous Operations": NaN,
        "Tax Provision": NaN,
        "Pretax Income": NaN,
        "Other Income Expense": NaN,
        "Other Non Operating Income Expenses": NaN,
        "Special Income Charges": NaN,
        "Restructuring And Mergern Acquisition": NaN,
        "Net Non Operating Interest Income Expense": NaN,
        "Total Other Finance Cost": 978000.0,
        "Interest Expense Non Operating": NaN,
        "Interest Income Non Operating": NaN,
        "Operating Income": NaN,
        "Operating Expense": NaN,
        "Depreciation Amortization Depletion Income Statement": 226000.0,
        "Depreciation And Amortization In Income Statement": 226000.0,
        "Amortization": 226000.0,
        "Amortization Of Intangibles Income Statement": 226000.0,
        "Research And Development": NaN,
        "Selling General And Administration": NaN,
        "Selling And Marketing Expense": NaN,
        "General And Administrative Expense": NaN,
        "Other Gand A": NaN,
        "Gross Profit": NaN,
        "Cost Of Revenue": NaN,
        "Total Revenue": NaN,
        "Operating Revenue": NaN
    },
    "2024-04-30": {
        "Tax Effect Of Unusual Items": NaN,
        "Tax Rate For Calcs": NaN,
        "Normalized EBITDA": NaN,
        "Total Unusual Items": 0.0,
        "Total Unusual Items Excluding Goodwill": 0.0,
        "Net Income From Continuing Operation Net Minority Interest": NaN,
        "Reconciled Depreciation": NaN,
        "Reconciled Cost Of Revenue": NaN,
        "EBITDA": NaN,
        "EBIT": NaN,
        "Net Interest Income": NaN,
        "Interest Expense": NaN,
        "Interest Income": NaN,
        "Normalized Income": NaN,
        "Net Income From Continuing And Discontinued Operation": NaN,
        "Total Expenses": NaN,
        "Total Operating Income As Reported": NaN,
        "Diluted Average Shares": NaN,
        "Basic Average Shares": NaN,
        "Diluted EPS": NaN,
        "Basic EPS": NaN,
        "Diluted NI Availto Com Stockholders": NaN,
        "Net Income Common Stockholders": NaN,
        "Net Income": NaN,
        "Net Income Including Noncontrolling Interests": NaN,
        "Net Income Continuous Operations": NaN,
        "Tax Provision": NaN,
        "Pretax Income": NaN,
        "Other Income Expense": NaN,
        "Other Non Operating Income Expenses": NaN,
        "Special Income Charges": 0.0,
        "Restructuring And Mergern Acquisition": 0.0,
        "Net Non Operating Interest Income Expense": NaN,
        "Total Other Finance Cost": NaN,
        "Interest Expense Non Operating": NaN,
        "Interest Income Non Operating": NaN,
        "Operating Income": NaN,
        "Operating Expense": NaN,
        "Depreciation Amortization Depletion Income Statement": NaN,
        "Depreciation And Amortization In Income Statement": NaN,
        "Amortization": NaN,
        "Amortization Of Intangibles Income Statement": NaN,
        "Research And Development": NaN,
        "Selling General And Administration": NaN,
        "Selling And Marketing Expense": NaN,
        "General And Administrative Expense": NaN,
        "Other Gand A": NaN,
        "Gross Profit": NaN,
        "Cost Of Revenue": NaN,
        "Total Revenue": NaN,
        "Operating Revenue": NaN
    },
    "2024-07-31": {
        "Tax Effect Of Unusual Items": 0.0,
        "Tax Rate For Calcs": 0.21,
        "Normalized EBITDA": 22899000.0,
        "Total Unusual Items": 0.0,
        "Total Unusual Items Excluding Goodwill": 0.0,
        "Net Income From Continuing Operation Net Minority Interest": -14878000.0,
        "Reconciled Depreciation": 24399000.0,
        "Reconciled Cost Of Revenue": 130205000.0,
        "EBITDA": 22899000.0,
        "EBIT": -1500000.0,
        "Net Interest Income": 23629000.0,
        "Interest Expense": 3604000.0,
        "Interest Income": 27233000.0,
        "Normalized Income": -14878000.0,
        "Net Income From Continuing And Discontinued Operation": -14878000.0,
        "Total Expenses": 619818000.0,
        "Total Operating Income As Reported": -26950000.0,
        "Diluted Average Shares": 151497000.0,
        "Basic Average Shares": 151497000.0,
        "Diluted EPS": -0.1,
        "Basic EPS": -0.1,
        "Diluted NI Availto Com Stockholders": -14878000.0,
        "Net Income Common Stockholders": -14878000.0,
        "Net Income": -14878000.0,
        "Net Income Including Noncontrolling Interests": -14878000.0,
        "Net Income Continuous Operations": -14878000.0,
        "Tax Provision": 9774000.0,
        "Pretax Income": -5104000.0,
        "Other Income Expense": -1783000.0,
        "Other Non Operating Income Expenses": -1783000.0,
        "Special Income Charges": 0.0,
        "Restructuring And Mergern Acquisition": 0.0,
        "Net Non Operating Interest Income Expense": 23629000.0,
        "Total Other Finance Cost": NaN,
        "Interest Expense Non Operating": 3604000.0,
        "Interest Income Non Operating": 27233000.0,
        "Operating Income": -26950000.0,
        "Operating Expense": 489613000.0,
        "Depreciation Amortization Depletion Income Statement": NaN,
        "Depreciation And Amortization In Income Statement": NaN,
        "Amortization": NaN,
        "Amortization Of Intangibles Income Statement": NaN,
        "Research And Development": 139150000.0,
        "Selling General And Administration": 350463000.0,
        "Selling And Marketing Expense": 294200000.0,
        "General And Administrative Expense": 56263000.0,
        "Other Gand A": 56263000.0,
        "Gross Profit": 462663000.0,
        "Cost Of Revenue": 130205000.0,
        "Total Revenue": 592868000.0,
        "Operating Revenue": 592868000.0
    },
    "2024-10-31": {
        "Tax Effect Of Unusual Items": 0.0,
        "Tax Rate For Calcs": 0.21,
        "Normalized EBITDA": 24392000.0,
        "Total Unusual Items": NaN,
        "Total Unusual Items Excluding Goodwill": NaN,
        "Net Income From Continuing Operation Net Minority Interest": -12051000.0,
        "Reconciled Depreciation": 25663000.0,
        "Reconciled Cost Of Revenue": 141462000.0,
        "EBITDA": 24392000.0,
        "EBIT": -1271000.0,
        "Net Interest Income": 26905000.0,
        "Interest Expense": 3143000.0,
        "Interest Income": 30048000.0,
        "Normalized Income": -12051000.0,
        "Net Income From Continuing And Discontinued Operation": -12051000.0,
        "Total Expenses": 658622000.0,
        "Total Operating Income As Reported": -30667000.0,
        "Diluted Average Shares": 152557000.0,
        "Basic Average Shares": 152557000.0,
        "Diluted EPS": -0.08,
        "Basic EPS": -0.08,
        "Diluted NI Availto Com Stockholders": -12051000.0,
        "Net Income Common Stockholders": -12051000.0,
        "Net Income": -12051000.0,
        "Net Income Including Noncontrolling Interests": -12051000.0,
        "Net Income Continuous Operations": -12051000.0,
        "Tax Provision": 7637000.0,
        "Pretax Income": -4414000.0,
        "Other Income Expense": -652000.0,
        "Other Non Operating Income Expenses": -652000.0,
        "Special Income Charges": NaN,
        "Restructuring And Mergern Acquisition": NaN,
        "Net Non Operating Interest Income Expense": 26905000.0,
        "Total Other Finance Cost": NaN,
        "Interest Expense Non Operating": 3143000.0,
        "Interest Income Non Operating": 30048000.0,
        "Operating Income": -30667000.0,
        "Operating Expense": 517160000.0,
        "Depreciation Amortization Depletion Income Statement": NaN,
        "Depreciation And Amortization In Income Statement": NaN,
        "Amortization": NaN,
        "Amortization Of Intangibles Income Statement": NaN,
        "Research And Development": 154254000.0,
        "Selling General And Administration": 362906000.0,
        "Selling And Marketing Expense": 306087000.0,
        "General And Administrative Expense": 56819000.0,
        "Other Gand A": 56819000.0,
        "Gross Profit": 486493000.0,
        "Cost Of Revenue": 141462000.0,
        "Total Revenue": 627955000.0,
        "Operating Revenue": 627955000.0
    },
    "2025-01-31": {
        "Tax Effect Of Unusual Items": 0.0,
        "Tax Rate For Calcs": 0.21,
        "Normalized EBITDA": 13553000.0,
        "Total Unusual Items": NaN,
        "Total Unusual Items Excluding Goodwill": NaN,
        "Net Income From Continuing Operation Net Minority Interest": -7724000.0,
        "Reconciled Depreciation": 28733000.0,
        "Reconciled Cost Of Revenue": 120190000.0,
        "EBITDA": 13553000.0,
        "EBIT": -15180000.0,
        "Net Interest Income": 28539000.0,
        "Interest Expense": 1357000.0,
        "Interest Income": 30878000.0,
        "Normalized Income": -7724000.0,
        "Net Income From Continuing And Discontinued Operation": -7724000.0,
        "Total Expenses": 688040000.0,
        "Total Operating Income As Reported": -40140000.0,
        "Diluted Average Shares": 153672000.0,
        "Basic Average Shares": 153672000.0,
        "Diluted EPS": -0.05,
        "Basic EPS": -0.05,
        "Diluted NI Availto Com Stockholders": -7724000.0,
        "Net Income Common Stockholders": -7724000.0,
        "Net Income": -7724000.0,
        "Net Income Including Noncontrolling Interests": -7724000.0,
        "Net Income Continuous Operations": -7724000.0,
        "Tax Provision": -8813000.0,
        "Pretax Income": -16537000.0,
        "Other Income Expense": -4936000.0,
        "Other Non Operating Income Expenses": -4936000.0,
        "Special Income Charges": NaN,
        "Restructuring And Mergern Acquisition": NaN,
        "Net Non Operating Interest Income Expense": 28539000.0,
        "Total Other Finance Cost": 982000.0,
        "Interest Expense Non Operating": 1357000.0,
        "Interest Income Non Operating": 30878000.0,
        "Operating Income": -40140000.0,
        "Operating Expense": 539542000.0,
        "Depreciation Amortization Depletion Income Statement": 425000.0,
        "Depreciation And Amortization In Income Statement": 425000.0,
        "Amortization": 425000.0,
        "Amortization Of Intangibles Income Statement": 425000.0,
        "Research And Development": 170860000.0,
        "Selling General And Administration": 368257000.0,
        "Selling And Marketing Expense": 307447000.0,
        "General And Administrative Expense": 60810000.0,
        "Other Gand A": 60810000.0,
        "Gross Profit": 499402000.0,
        "Cost Of Revenue": 148498000.0,
        "Total Revenue": 647900000.0,
        "Operating Revenue": 647900000.0
    },
    "2025-04-30": {
        "Tax Effect Of Unusual Items": 0.0,
        "Tax Rate For Calcs": 0.21,
        "Normalized EBITDA": 38974000.0,
        "Total Unusual Items": NaN,
        "Total Unusual Items Excluding Goodwill": NaN,
        "Net Income From Continuing Operation Net Minority Interest": -4125000.0,
        "Reconciled Depreciation": 32445000.0,
        "Reconciled Cost Of Revenue": 155978000.0,
        "EBITDA": 38974000.0,
        "EBIT": 6529000.0,
        "Net Interest Income": 29297000.0,
        "Interest Expense": 1966000.0,
        "Interest Income": 31263000.0,
        "Normalized Income": -4125000.0,
        "Net Income From Continuing And Discontinued Operation": -4125000.0,
        "Total Expenses": 703445000.0,
        "Total Operating Income As Reported": -25411000.0,
        "Diluted Average Shares": 154909000.0,
        "Basic Average Shares": 154909000.0,
        "Diluted EPS": -0.03,
        "Basic EPS": -0.03,
        "Diluted NI Availto Com Stockholders": -4125000.0,
        "Net Income Common Stockholders": -4125000.0,
        "Net Income": -4125000.0,
        "Net Income Including Noncontrolling Interests": -4125000.0,
        "Net Income Continuous Operations": -4125000.0,
        "Tax Provision": 8688000.0,
        "Pretax Income": 4563000.0,
        "Other Income Expense": 677000.0,
        "Other Non Operating Income Expenses": 677000.0,
        "Special Income Charges": NaN,
        "Restructuring And Mergern Acquisition": NaN,
        "Net Non Operating Interest Income Expense": 29297000.0,
        "Total Other Finance Cost": NaN,
        "Interest Expense Non Operating": 1966000.0,
        "Interest Income Non Operating": 31263000.0,
        "Operating Income": -25411000.0,
        "Operating Expense": 547467000.0,
        "Depreciation Amortization Depletion Income Statement": NaN,
        "Depreciation And Amortization In Income Statement": NaN,
        "Amortization": NaN,
        "Amortization Of Intangibles Income Statement": NaN,
        "Research And Development": 169765000.0,
        "Selling General And Administration": 377702000.0,
        "Selling And Marketing Expense": 314605000.0,
        "General And Administrative Expense": 63097000.0,
        "Other Gand A": 63097000.0,
        "Gross Profit": 522056000.0,
        "Cost Of Revenue": 155978000.0,
        "Total Revenue": 678034000.0,
        "Operating Revenue": 678034000.0
    },
    "2025-07-31": {
        "Tax Effect Of Unusual Items": 0.0,
        "Tax Rate For Calcs": 0.21,
        "Normalized EBITDA": 30218000.0,
        "Total Unusual Items": NaN,
        "Total Unusual Items Excluding Goodwill": NaN,
        "Net Income From Continuing Operation Net Minority Interest": -17578000.0,
        "Reconciled Depreciation": 34340000.0,
        "Reconciled Cost Of Revenue": 172240000.0,
        "EBITDA": 30218000.0,
        "EBIT": -4122000.0,
        "Net Interest Income": 31101000.0,
        "Interest Expense": -2219000.0,
        "Interest Income": 33175000.0,
        "Normalized Income": -17578000.0,
        "Net Income From Continuing And Discontinued Operation": -17578000.0,
        "Total Expenses": 750152000.0,
        "Total Operating Income As Reported": -32242000.0,
        "Diluted Average Shares": 156496000.0,
        "Basic Average Shares": 156496000.0,
        "Diluted EPS": -0.11,
        "Basic EPS": -0.11,
        "Diluted NI Availto Com Stockholders": -17578000.0,
        "Net Income Common Stockholders": -17578000.0,
        "Net Income": -17578000.0,
        "Net Income Including Noncontrolling Interests": -17578000.0,
        "Net Income Continuous Operations": -17578000.0,
        "Tax Provision": 15675000.0,
        "Pretax Income": -1903000.0,
        "Other Income Expense": -2078000.0,
        "Other Non Operating Income Expenses": -762000.0,
        "Special Income Charges": NaN,
        "Restructuring And Mergern Acquisition": NaN,
        "Net Non Operating Interest Income Expense": 31101000.0,
        "Total Other Finance Cost": NaN,
        "Interest Expense Non Operating": -2219000.0,
        "Interest Income Non Operating": 33175000.0,
        "Operating Income": -30926000.0,
        "Operating Expense": 577912000.0,
        "Depreciation Amortization Depletion Income Statement": NaN,
        "Depreciation And Amortization In Income Statement": NaN,
        "Amortization": NaN,
        "Amortization Of Intangibles Income Statement": NaN,
        "Research And Development": 177606000.0,
        "Selling General And Administration": 398606000.0,
        "Selling And Marketing Expense": 328894000.0,
        "General And Administrative Expense": 69712000.0,
        "Other Gand A": 69712000.0,
        "Gross Profit": 546986000.0,
        "Cost Of Revenue": 172240000.0,
        "Total Revenue": 719226000.0,
        "Operating Revenue": 719226000.0
    }
}