{
    "2023-03-31": {
        "Tax Effect Of Unusual Items": -6270000.0,
        "Tax Rate For Calcs": 0.209,
        "Normalized EBITDA": 910000000.0,
        "Total Unusual Items": -30000000.0,
        "Total Unusual Items Excluding Goodwill": -30000000.0,
        "Net Income From Continuing Operation Net Minority Interest": 552000000.0,
        "Reconciled Depreciation": 120000000.0,
        "Reconciled Cost Of Revenue": 505000000.0,
        "EBITDA": 880000000.0,
        "EBIT": 760000000.0,
        "Net Interest Income": -30000000.0,
        "Interest Expense": 63000000.0,
        "Interest Income": 33000000.0,
        "Normalized Income": 575730000.0,
        "Net Income From Continuing And Discontinued Operation": 552000000.0,
        "Total Expenses": 1272000000.0,
        "Diluted Average Shares": 464600000.0,
        "Basic Average Shares": 463500000.0,
        "Diluted EPS": 1.19,
        "Basic EPS": 1.19,
        "Diluted NI Availto Com Stockholders": 552000000.0,
        "Net Income Common Stockholders": 552000000.0,
        "Net Income": 552000000.0,
        "Minority Interests": 1000000.0,
        "Net Income Including Noncontrolling Interests": 551000000.0,
        "Net Income Continuous Operations": 551000000.0,
        "Tax Provision": 146000000.0,
        "Pretax Income": 697000000.0,
        "Other Income Expense": -1000000.0,
        "Other Non Operating Income Expenses": 29000000.0,
        "Special Income Charges": -21000000.0,
        "Gain On Sale Of Ppe": NaN,
        "Gain On Sale Of Business": NaN,
        "Write Off": NaN,
        "Impairment Of Capital Assets": NaN,
        "Restructuring And Mergern Acquisition": 21000000.0,
        "Gain On Sale Of Security": -9000000.0,
        "Net Non Operating Interest Income Expense": -30000000.0,
        "Interest Expense Non Operating": 63000000.0,
        "Interest Income Non Operating": 33000000.0,
        "Operating Income": 728000000.0,
        "Operating Expense": 684000000.0,
        "Depreciation Amortization Depletion Income Statement": 37000000.0,
        "Depreciation And Amortization In Income Statement": 37000000.0,
        "Amortization": 37000000.0,
        "Amortization Of Intangibles Income Statement": 37000000.0,
        "Research And Development": 142000000.0,
        "Selling General And Administration": 505000000.0,
        "Gross Profit": 1412000000.0,
        "Cost Of Revenue": 588000000.0,
        "Total Revenue": 2000000000.0,
        "Operating Revenue": 2000000000.0
    },
    "2022-12-31": {
        "Tax Effect Of Unusual Items": NaN,
        "Tax Rate For Calcs": NaN,
        "Normalized EBITDA": NaN,
        "Total Unusual Items": NaN,
        "Total Unusual Items Excluding Goodwill": NaN,
        "Net Income From Continuing Operation Net Minority Interest": NaN,
        "Reconciled Depreciation": NaN,
        "Reconciled Cost Of Revenue": NaN,
        "EBITDA": NaN,
        "EBIT": NaN,
        "Net Interest Income": NaN,
        "Interest Expense": NaN,
        "Interest Income": NaN,
        "Normalized Income": NaN,
        "Net Income From Continuing And Discontinued Operation": NaN,
        "Total Expenses": NaN,
        "Diluted Average Shares": NaN,
        "Basic Average Shares": NaN,
        "Diluted EPS": NaN,
        "Basic EPS": NaN,
        "Diluted NI Availto Com Stockholders": NaN,
        "Net Income Common Stockholders": NaN,
        "Net Income": NaN,
        "Minority Interests": NaN,
        "Net Income Including Noncontrolling Interests": NaN,
        "Net Income Continuous Operations": NaN,
        "Tax Provision": NaN,
        "Pretax Income": NaN,
        "Other Income Expense": NaN,
        "Other Non Operating Income Expenses": NaN,
        "Special Income Charges": NaN,
        "Gain On Sale Of Ppe": 0.0,
        "Gain On Sale Of Business": NaN,
        "Write Off": 7000000.0,
        "Impairment Of Capital Assets": 38000000.0,
        "Restructuring And Mergern Acquisition": NaN,
        "Gain On Sale Of Security": NaN,
        "Net Non Operating Interest Income Expense": NaN,
        "Interest Expense Non Operating": NaN,
        "Interest Income Non Operating": NaN,
        "Operating Income": NaN,
        "Operating Expense": NaN,
        "Depreciation Amortization Depletion Income Statement": NaN,
        "Depreciation And Amortization In Income Statement": NaN,
        "Amortization": NaN,
        "Amortization Of Intangibles Income Statement": NaN,
        "Research And Development": NaN,
        "Selling General And Administration": NaN,
        "Gross Profit": NaN,
        "Cost Of Revenue": NaN,
        "Total Revenue": NaN,
        "Operating Revenue": NaN
    },
    "2022-09-30": {
        "Tax Effect Of Unusual Items": NaN,
        "Tax Rate For Calcs": NaN,
        "Normalized EBITDA": NaN,
        "Total Unusual Items": NaN,
        "Total Unusual Items Excluding Goodwill": NaN,
        "Net Income From Continuing Operation Net Minority Interest": NaN,
        "Reconciled Depreciation": NaN,
        "Reconciled Cost Of Revenue": NaN,
        "EBITDA": NaN,
        "EBIT": NaN,
        "Net Interest Income": NaN,
        "Interest Expense": NaN,
        "Interest Income": NaN,
        "Normalized Income": NaN,
        "Net Income From Continuing And Discontinued Operation": NaN,
        "Total Expenses": NaN,
        "Diluted Average Shares": NaN,
        "Basic Average Shares": NaN,
        "Diluted EPS": NaN,
        "Basic EPS": NaN,
        "Diluted NI Availto Com Stockholders": NaN,
        "Net Income Common Stockholders": NaN,
        "Net Income": NaN,
        "Minority Interests": NaN,
        "Net Income Including Noncontrolling Interests": NaN,
        "Net Income Continuous Operations": NaN,
        "Tax Provision": NaN,
        "Pretax Income": NaN,
        "Other Income Expense": NaN,
        "Other Non Operating Income Expenses": NaN,
        "Special Income Charges": NaN,
        "Gain On Sale Of Ppe": 0.0,
        "Gain On Sale Of Business": 0.0,
        "Write Off": 2000000.0,
        "Impairment Of Capital Assets": 1000000.0,
        "Restructuring And Mergern Acquisition": NaN,
        "Gain On Sale Of Security": NaN,
        "Net Non Operating Interest Income Expense": NaN,
        "Interest Expense Non Operating": NaN,
        "Interest Income Non Operating": NaN,
        "Operating Income": NaN,
        "Operating Expense": NaN,
        "Depreciation Amortization Depletion Income Statement": NaN,
        "Depreciation And Amortization In Income Statement": NaN,
        "Amortization": NaN,
        "Amortization Of Intangibles Income Statement": NaN,
        "Research And Development": NaN,
        "Selling General And Administration": NaN,
        "Gross Profit": NaN,
        "Cost Of Revenue": NaN,
        "Total Revenue": NaN,
        "Operating Revenue": NaN
    },
    "2022-06-30": {
        "Tax Effect Of Unusual Items": -210447.761194,
        "Tax Rate For Calcs": 0.210448,
        "Normalized EBITDA": 761000000.0,
        "Total Unusual Items": -1000000.0,
        "Total Unusual Items Excluding Goodwill": -1000000.0,
        "Net Income From Continuing Operation Net Minority Interest": 529000000.0,
        "Reconciled Depreciation": 37000000.0,
        "Reconciled Cost Of Revenue": 625000000.0,
        "EBITDA": 760000000.0,
        "EBIT": 723000000.0,
        "Net Interest Income": -53000000.0,
        "Interest Expense": 53000000.0,
        "Interest Income": 5000000.0,
        "Normalized Income": 529789552.238806,
        "Net Income From Continuing And Discontinued Operation": 529000000.0,
        "Total Expenses": 1326000000.0,
        "Diluted Average Shares": 471500000.0,
        "Basic Average Shares": 470000000.0,
        "Diluted EPS": 1.12,
        "Basic EPS": 1.13,
        "Diluted NI Availto Com Stockholders": 529000000.0,
        "Net Income Common Stockholders": 529000000.0,
        "Net Income": 529000000.0,
        "Minority Interests": 0.0,
        "Net Income Including Noncontrolling Interests": 529000000.0,
        "Net Income Continuous Operations": 529000000.0,
        "Tax Provision": 141000000.0,
        "Pretax Income": 670000000.0,
        "Other Income Expense": -3000000.0,
        "Other Non Operating Income Expenses": -2000000.0,
        "Special Income Charges": -1000000.0,
        "Gain On Sale Of Ppe": 0.0,
        "Gain On Sale Of Business": NaN,
        "Write Off": NaN,
        "Impairment Of Capital Assets": NaN,
        "Restructuring And Mergern Acquisition": 1000000.0,
        "Gain On Sale Of Security": -14000000.0,
        "Net Non Operating Interest Income Expense": -53000000.0,
        "Interest Expense Non Operating": 53000000.0,
        "Interest Income Non Operating": 5000000.0,
        "Operating Income": 726000000.0,
        "Operating Expense": 701000000.0,
        "Depreciation Amortization Depletion Income Statement": 37000000.0,
        "Depreciation And Amortization In Income Statement": 37000000.0,
        "Amortization": 37000000.0,
        "Amortization Of Intangibles Income Statement": 37000000.0,
        "Research And Development": 135000000.0,
        "Selling General And Administration": 529000000.0,
        "Gross Profit": 1427000000.0,
        "Cost Of Revenue": 625000000.0,
        "Total Revenue": 2052000000.0,
        "Operating Revenue": 2052000000.0
    },
    "2022-03-31": {
        "Diluted EPS": 1.26,
        "Total Revenue": NaN,
        "Gross Profit": NaN,
        "Operating Income": 727,
        "EBIT": 894,
        "Net Income": 595
    },
    "2021-12-31": {
        "Diluted EPS": 0.87,
        "Total Revenue": NaN,
        "Gross Profit": NaN,
        "Operating Income": 506,
        "EBIT": 677,
        "Net Income": 414
    },
    "2021-09-30": {
        "Diluted EPS": 1.16,
        "Total Revenue": NaN,
        "Gross Profit": NaN,
        "Operating Income": 659,
        "EBIT": 825,
        "Net Income": 552
    },
    "2021-06-30": {
        "Diluted EPS": 1.07,
        "Total Revenue": NaN,
        "Gross Profit": NaN,
        "Operating Income": 636,
        "EBIT": 805,
        "Net Income": 512
    },
    "2021-03-31": {
        "Diluted EPS": 1.17,
        "Total Revenue": NaN,
        "Gross Profit": NaN,
        "Operating Income": 687,
        "EBIT": 853,
        "Net Income": 559
    },
    "2020-12-31": {
        "Diluted EPS": 0.75,
        "Total Revenue": NaN,
        "Gross Profit": NaN,
        "Operating Income": 420,
        "EBIT": 587,
        "Net Income": 359
    },
    "2020-09-30": {
        "Diluted EPS": 1.0,
        "Total Revenue": NaN,
        "Gross Profit": NaN,
        "Operating Income": 597,
        "EBIT": 770,
        "Net Income": 479
    },
    "2020-06-30": {
        "Diluted EPS": 0.79,
        "Total Revenue": NaN,
        "Gross Profit": NaN,
        "Operating Income": 482,
        "EBIT": 651,
        "Net Income": 377
    },
    "2020-03-31": {
        "Diluted EPS": 0.88,
        "Total Revenue": NaN,
        "Gross Profit": NaN,
        "Operating Income": 497,
        "EBIT": 660,
        "Net Income": 423
    },
    "2019-12-31": {
        "Diluted EPS": 0.79,
        "Total Revenue": NaN,
        "Gross Profit": NaN,
        "Operating Income": 437,
        "EBIT": 602,
        "Net Income": 384
    },
    "2019-09-30": {
        "Diluted EPS": 0.9,
        "Total Revenue": NaN,
        "Gross Profit": NaN,
        "Operating Income": 528,
        "EBIT": 691,
        "Net Income": 433
    },
    "2019-06-30": {
        "Diluted EPS": 0.77,
        "Total Revenue": NaN,
        "Gross Profit": NaN,
        "Operating Income": 455,
        "EBIT": 608,
        "Net Income": 371
    },
    "2019-03-31": {
        "Diluted EPS": 0.65,
        "Total Revenue": NaN,
        "Gross Profit": 937,
        "Operating Income": 381,
        "EBIT": 535,
        "Net Income": 312
    },
    "2018-12-31": {
        "Diluted EPS": 0.71,
        "Total Revenue": NaN,
        "Gross Profit": NaN,
        "Operating Income": 418,
        "EBIT": 578,
        "Net Income": 345
    },
    "2018-09-30": {
        "Diluted EPS": 0.71,
        "Total Revenue": NaN,
        "Gross Profit": NaN,
        "Operating Income": 418,
        "EBIT": 556,
        "Net Income": 347
    },
    "2018-06-30": {
        "Diluted EPS": 0.79,
        "Total Revenue": NaN,
        "Gross Profit": 968,
        "Operating Income": 437,
        "EBIT": 546,
        "Net Income": 384
    },
    "2018-03-31": {
        "Diluted EPS": 0.72,
        "Total Revenue": NaN,
        "Gross Profit": 919,
        "Operating Income": 417,
        "EBIT": 524,
        "Net Income": 352
    },
    "2017-12-31": {
        "Diluted EPS": 0.16,
        "Total Revenue": NaN,
        "Gross Profit": NaN,
        "Operating Income": 430,
        "EBIT": 543,
        "Net Income": 81
    },
    "2017-09-30": {
        "Diluted EPS": 0.61,
        "Total Revenue": NaN,
        "Gross Profit": 912,
        "Operating Income": 413,
        "EBIT": 514,
        "Net Income": 298
    },
    "2017-06-30": {
        "Diluted EPS": 0.5,
        "Total Revenue": NaN,
        "Gross Profit": 829,
        "Operating Income": 345,
        "EBIT": 445,
        "Net Income": 247
    },
    "2017-03-31": {
        "Diluted EPS": 0.48,
        "Total Revenue": NaN,
        "Gross Profit": 788,
        "Operating Income": 337,
        "EBIT": 440,
        "Net Income": 238
    },
    "2016-12-31": {
        "Diluted EPS": 0.31,
        "Total Revenue": NaN,
        "Gross Profit": 809,
        "Operating Income": 231,
        "EBIT": 335,
        "Net Income": 154
    },
    "2016-09-30": {
        "Diluted EPS": 0.48,
        "Total Revenue": NaN,
        "Gross Profit": 831,
        "Operating Income": 333,
        "EBIT": 434,
        "Net Income": 239
    },
    "2016-06-30": {
        "Diluted EPS": 0.45,
        "Total Revenue": NaN,
        "Gross Profit": 809,
        "Operating Income": 332,
        "EBIT": 433,
        "Net Income": 224
    },
    "2016-03-31": {
        "Diluted EPS": 0.41,
        "Total Revenue": NaN,
        "Gross Profit": 773,
        "Operating Income": 332,
        "EBIT": 432,
        "Net Income": 204
    },
    "2015-12-31": {
        "Diluted EPS": 0.04,
        "Total Revenue": NaN,
        "Gross Profit": 778,
        "Operating Income": 69,
        "EBIT": 162,
        "Net Income": 22
    },
    "2015-09-30": {
        "Diluted EPS": 0.38,
        "Total Revenue": NaN,
        "Gross Profit": 793,
        "Operating Income": 273,
        "EBIT": 348,
        "Net Income": 189
    },
    "2015-06-30": {
        "Diluted EPS": -0.07,
        "Total Revenue": NaN,
        "Gross Profit": 748,
        "Operating Income": -27,
        "EBIT": 52,
        "Net Income": -37
    },
    "2015-03-31": {
        "Diluted EPS": 0.33,
        "Total Revenue": NaN,
        "Gross Profit": 708,
        "Operating Income": 230,
        "EBIT": 306,
        "Net Income": 165
    },
    "2014-12-31": {
        "Diluted EPS": 0.25,
        "Total Revenue": NaN,
        "Gross Profit": 829,
        "Operating Income": 155,
        "EBIT": 238,
        "Net Income": 126
    },
    "2014-09-30": {
        "Diluted EPS": 0.33,
        "Total Revenue": NaN,
        "Gross Profit": 776,
        "Operating Income": 238,
        "EBIT": 317,
        "Net Income": 166
    },
    "2014-06-30": {
        "Diluted EPS": 0.27,
        "Total Revenue": NaN,
        "Gross Profit": 745,
        "Operating Income": 200,
        "EBIT": 280,
        "Net Income": 136
    },
    "2014-03-31": {
        "Diluted EPS": 0.31,
        "Total Revenue": NaN,
        "Gross Profit": 718,
        "Operating Income": 227,
        "EBIT": 306,
        "Net Income": 155
    },
    "2013-12-31": {
        "Diluted EPS": 0.21,
        "Total Revenue": NaN,
        "Gross Profit": 788,
        "Operating Income": 126,
        "EBIT": 214,
        "Net Income": 105
    },
    "2013-09-30": {
        "Diluted EPS": 0.26,
        "Total Revenue": NaN,
        "Gross Profit": 718,
        "Operating Income": 185,
        "EBIT": 263,
        "Net Income": 131
    },
    "2013-06-30": {
        "Diluted EPS": 0.26,
        "Total Revenue": NaN,
        "Gross Profit": 698,
        "Operating Income": 187,
        "EBIT": 270,
        "Net Income": 128
    },
    "2013-03-31": {
        "Diluted EPS": 0.28,
        "Total Revenue": NaN,
        "Gross Profit": 688,
        "Operating Income": 192,
        "EBIT": 265,
        "Net Income": 140
    },
    "2012-12-31": {
        "Diluted EPS": -0.02,
        "Total Revenue": NaN,
        "Gross Profit": 743,
        "Operating Income": 82,
        "EBIT": 134,
        "Net Income": -10
    },
    "2012-09-30": {
        "Diluted EPS": 0.32,
        "Total Revenue": NaN,
        "Gross Profit": 660,
        "Operating Income": 213,
        "EBIT": 274,
        "Net Income": 162
    },
    "2012-06-30": {
        "Diluted EPS": 0.35,
        "Total Revenue": NaN,
        "Gross Profit": 716,
        "Operating Income": 252,
        "EBIT": 314,
        "Net Income": 173
    },
    "2012-03-31": {
        "Diluted EPS": 0.22,
        "Total Revenue": NaN,
        "Gross Profit": 654,
        "Operating Income": 171,
        "EBIT": 227,
        "Net Income": 111
    },
    "2011-12-31": {
        "Diluted EPS": 0.0,
        "Total Revenue": NaN,
        "Gross Profit": NaN,
        "Operating Income": NaN,
        "EBIT": NaN,
        "Net Income": NaN
    },
    "2010-12-31": {
        "Diluted EPS": 0.0,
        "Total Revenue": NaN,
        "Gross Profit": NaN,
        "Operating Income": NaN,
        "EBIT": NaN,
        "Net Income": NaN
    },
    "2023-06-30": {
        "Tax Effect Of Unusual Items": NaN,
        "Tax Rate For Calcs": NaN,
        "Normalized EBITDA": NaN,
        "Total Unusual Items": NaN,
        "Total Unusual Items Excluding Goodwill": NaN,
        "Net Income From Continuing Operation Net Minority Interest": NaN,
        "Reconciled Depreciation": NaN,
        "Reconciled Cost Of Revenue": NaN,
        "EBITDA": NaN,
        "EBIT": NaN,
        "Net Interest Income": NaN,
        "Interest Expense": NaN,
        "Interest Income": NaN,
        "Normalized Income": NaN,
        "Net Income From Continuing And Discontinued Operation": NaN,
        "Total Expenses": NaN,
        "Diluted Average Shares": NaN,
        "Basic Average Shares": NaN,
        "Diluted EPS": NaN,
        "Basic EPS": NaN,
        "Diluted NI Availto Com Stockholders": NaN,
        "Net Income Common Stockholders": NaN,
        "Net Income": NaN,
        "Minority Interests": NaN,
        "Net Income Including Noncontrolling Interests": NaN,
        "Net Income Continuous Operations": NaN,
        "Tax Provision": NaN,
        "Pretax Income": NaN,
        "Other Income Expense": NaN,
        "Other Non Operating Income Expenses": NaN,
        "Special Income Charges": NaN,
        "Gain On Sale Of Ppe": 0.0,
        "Gain On Sale Of Business": NaN,
        "Write Off": NaN,
        "Impairment Of Capital Assets": NaN,
        "Restructuring And Mergern Acquisition": NaN,
        "Gain On Sale Of Security": NaN,
        "Net Non Operating Interest Income Expense": NaN,
        "Interest Expense Non Operating": NaN,
        "Interest Income Non Operating": NaN,
        "Operating Income": NaN,
        "Operating Expense": NaN,
        "Depreciation Amortization Depletion Income Statement": NaN,
        "Depreciation And Amortization In Income Statement": NaN,
        "Amortization": NaN,
        "Amortization Of Intangibles Income Statement": NaN,
        "Research And Development": NaN,
        "Selling General And Administration": NaN,
        "Gross Profit": NaN,
        "Cost Of Revenue": NaN,
        "Total Revenue": NaN,
        "Operating Revenue": NaN
    },
    "2023-09-30": {
        "Tax Effect Of Unusual Items": NaN,
        "Tax Rate For Calcs": NaN,
        "Normalized EBITDA": NaN,
        "Total Unusual Items": NaN,
        "Total Unusual Items Excluding Goodwill": NaN,
        "Net Income From Continuing Operation Net Minority Interest": NaN,
        "Reconciled Depreciation": NaN,
        "Reconciled Cost Of Revenue": NaN,
        "EBITDA": NaN,
        "EBIT": NaN,
        "Net Interest Income": NaN,
        "Interest Expense": NaN,
        "Interest Income": NaN,
        "Normalized Income": NaN,
        "Net Income From Continuing And Discontinued Operation": NaN,
        "Total Expenses": NaN,
        "Diluted Average Shares": NaN,
        "Basic Average Shares": NaN,
        "Diluted EPS": NaN,
        "Basic EPS": NaN,
        "Diluted NI Availto Com Stockholders": NaN,
        "Net Income Common Stockholders": NaN,
        "Net Income": NaN,
        "Minority Interests": NaN,
        "Net Income Including Noncontrolling Interests": NaN,
        "Net Income Continuous Operations": NaN,
        "Tax Provision": NaN,
        "Pretax Income": NaN,
        "Other Income Expense": NaN,
        "Other Non Operating Income Expenses": NaN,
        "Special Income Charges": NaN,
        "Gain On Sale Of Ppe": 0.0,
        "Gain On Sale Of Business": 0.0,
        "Write Off": 1000000.0,
        "Impairment Of Capital Assets": 6000000.0,
        "Restructuring And Mergern Acquisition": NaN,
        "Gain On Sale Of Security": NaN,
        "Net Non Operating Interest Income Expense": NaN,
        "Interest Expense Non Operating": NaN,
        "Interest Income Non Operating": NaN,
        "Operating Income": NaN,
        "Operating Expense": NaN,
        "Depreciation Amortization Depletion Income Statement": NaN,
        "Depreciation And Amortization In Income Statement": NaN,
        "Amortization": NaN,
        "Amortization Of Intangibles Income Statement": NaN,
        "Research And Development": NaN,
        "Selling General And Administration": NaN,
        "Gross Profit": NaN,
        "Cost Of Revenue": NaN,
        "Total Revenue": NaN,
        "Operating Revenue": NaN
    },
    "2023-12-31": {
        "Tax Effect Of Unusual Items": NaN,
        "Tax Rate For Calcs": NaN,
        "Normalized EBITDA": NaN,
        "Total Unusual Items": NaN,
        "Total Unusual Items Excluding Goodwill": NaN,
        "Net Income From Continuing Operation Net Minority Interest": NaN,
        "Reconciled Depreciation": NaN,
        "Reconciled Cost Of Revenue": NaN,
        "EBITDA": NaN,
        "EBIT": NaN,
        "Net Interest Income": NaN,
        "Interest Expense": NaN,
        "Interest Income": NaN,
        "Normalized Income": NaN,
        "Net Income From Continuing And Discontinued Operation": NaN,
        "Total Expenses": NaN,
        "Diluted Average Shares": NaN,
        "Basic Average Shares": NaN,
        "Diluted EPS": NaN,
        "Basic EPS": NaN,
        "Diluted NI Availto Com Stockholders": NaN,
        "Net Income Common Stockholders": NaN,
        "Net Income": NaN,
        "Minority Interests": NaN,
        "Net Income Including Noncontrolling Interests": NaN,
        "Net Income Continuous Operations": NaN,
        "Tax Provision": NaN,
        "Pretax Income": NaN,
        "Other Income Expense": NaN,
        "Other Non Operating Income Expenses": NaN,
        "Special Income Charges": NaN,
        "Gain On Sale Of Ppe": NaN,
        "Gain On Sale Of Business": 0.0,
        "Write Off": 0.0,
        "Impairment Of Capital Assets": 18000000.0,
        "Restructuring And Mergern Acquisition": NaN,
        "Gain On Sale Of Security": NaN,
        "Net Non Operating Interest Income Expense": NaN,
        "Interest Expense Non Operating": NaN,
        "Interest Income Non Operating": NaN,
        "Operating Income": NaN,
        "Operating Expense": NaN,
        "Depreciation Amortization Depletion Income Statement": NaN,
        "Depreciation And Amortization In Income Statement": NaN,
        "Amortization": NaN,
        "Amortization Of Intangibles Income Statement": NaN,
        "Research And Development": NaN,
        "Selling General And Administration": NaN,
        "Gross Profit": NaN,
        "Cost Of Revenue": NaN,
        "Total Revenue": NaN,
        "Operating Revenue": NaN
    },
    "2024-03-31": {
        "Tax Effect Of Unusual Items": -4554000.0,
        "Tax Rate For Calcs": 0.198,
        "Normalized EBITDA": 954000000.0,
        "Total Unusual Items": -23000000.0,
        "Total Unusual Items Excluding Goodwill": -23000000.0,
        "Net Income From Continuing Operation Net Minority Interest": 599000000.0,
        "Reconciled Depreciation": 126000000.0,
        "Reconciled Cost Of Revenue": 554000000.0,
        "EBITDA": 931000000.0,
        "EBIT": 805000000.0,
        "Net Interest Income": -26000000.0,
        "Interest Expense": 58000000.0,
        "Interest Income": 32000000.0,
        "Normalized Income": 617446000.0,
        "Net Income From Continuing And Discontinued Operation": 599000000.0,
        "Total Expenses": 1389000000.0,
        "Diluted Average Shares": 458800000.0,
        "Basic Average Shares": 458000000.0,
        "Diluted EPS": 1.31,
        "Basic EPS": 1.31,
        "Diluted NI Availto Com Stockholders": 599000000.0,
        "Net Income Common Stockholders": 599000000.0,
        "Net Income": 599000000.0,
        "Minority Interests": 0.0,
        "Net Income Including Noncontrolling Interests": 599000000.0,
        "Net Income Continuous Operations": 599000000.0,
        "Tax Provision": 148000000.0,
        "Pretax Income": 747000000.0,
        "Other Income Expense": -28000000.0,
        "Other Non Operating Income Expenses": -5000000.0,
        "Special Income Charges": -4000000.0,
        "Gain On Sale Of Ppe": NaN,
        "Gain On Sale Of Business": NaN,
        "Write Off": NaN,
        "Impairment Of Capital Assets": NaN,
        "Restructuring And Mergern Acquisition": 4000000.0,
        "Gain On Sale Of Security": -19000000.0,
        "Net Non Operating Interest Income Expense": -26000000.0,
        "Interest Expense Non Operating": 58000000.0,
        "Interest Income Non Operating": 32000000.0,
        "Operating Income": 801000000.0,
        "Operating Expense": 746000000.0,
        "Depreciation Amortization Depletion Income Statement": 37000000.0,
        "Depreciation And Amortization In Income Statement": 37000000.0,
        "Amortization": 37000000.0,
        "Amortization Of Intangibles Income Statement": 37000000.0,
        "Research And Development": 162000000.0,
        "Selling General And Administration": 547000000.0,
        "Gross Profit": 1547000000.0,
        "Cost Of Revenue": 643000000.0,
        "Total Revenue": 2190000000.0,
        "Operating Revenue": 2190000000.0
    },
    "2024-06-30": {
        "Tax Effect Of Unusual Items": NaN,
        "Tax Rate For Calcs": NaN,
        "Normalized EBITDA": NaN,
        "Total Unusual Items": NaN,
        "Total Unusual Items Excluding Goodwill": NaN,
        "Net Income From Continuing Operation Net Minority Interest": NaN,
        "Reconciled Depreciation": NaN,
        "Reconciled Cost Of Revenue": NaN,
        "EBITDA": NaN,
        "EBIT": NaN,
        "Net Interest Income": NaN,
        "Interest Expense": NaN,
        "Interest Income": NaN,
        "Normalized Income": NaN,
        "Net Income From Continuing And Discontinued Operation": NaN,
        "Total Expenses": NaN,
        "Diluted Average Shares": NaN,
        "Basic Average Shares": NaN,
        "Diluted EPS": NaN,
        "Basic EPS": NaN,
        "Diluted NI Availto Com Stockholders": NaN,
        "Net Income Common Stockholders": NaN,
        "Net Income": NaN,
        "Minority Interests": NaN,
        "Net Income Including Noncontrolling Interests": NaN,
        "Net Income Continuous Operations": NaN,
        "Tax Provision": NaN,
        "Pretax Income": NaN,
        "Other Income Expense": NaN,
        "Other Non Operating Income Expenses": 2000000.0,
        "Special Income Charges": NaN,
        "Gain On Sale Of Ppe": -4000000.0,
        "Gain On Sale Of Business": -22000000.0,
        "Write Off": 0.0,
        "Impairment Of Capital Assets": 11000000.0,
        "Restructuring And Mergern Acquisition": NaN,
        "Gain On Sale Of Security": NaN,
        "Net Non Operating Interest Income Expense": NaN,
        "Interest Expense Non Operating": NaN,
        "Interest Income Non Operating": NaN,
        "Operating Income": NaN,
        "Operating Expense": NaN,
        "Depreciation Amortization Depletion Income Statement": NaN,
        "Depreciation And Amortization In Income Statement": NaN,
        "Amortization": NaN,
        "Amortization Of Intangibles Income Statement": NaN,
        "Research And Development": NaN,
        "Selling General And Administration": NaN,
        "Gross Profit": NaN,
        "Cost Of Revenue": NaN,
        "Total Revenue": NaN,
        "Operating Revenue": NaN
    },
    "2024-09-30": {
        "Tax Effect Of Unusual Items": -2080000.0,
        "Tax Rate For Calcs": 0.208,
        "Normalized EBITDA": 1062000000.0,
        "Total Unusual Items": -10000000.0,
        "Total Unusual Items Excluding Goodwill": -10000000.0,
        "Net Income From Continuing Operation Net Minority Interest": 682000000.0,
        "Reconciled Depreciation": 121000000.0,
        "Reconciled Cost Of Revenue": 615000000.0,
        "EBITDA": 1052000000.0,
        "EBIT": 931000000.0,
        "Net Interest Income": -34000000.0,
        "Interest Expense": 57000000.0,
        "Interest Income": 23000000.0,
        "Normalized Income": 689920000.0,
        "Net Income From Continuing And Discontinued Operation": 682000000.0,
        "Total Expenses": 1468000000.0,
        "Diluted Average Shares": 453500000.0,
        "Basic Average Shares": 452900000.0,
        "Diluted EPS": 1.5,
        "Basic EPS": 1.51,
        "Diluted NI Availto Com Stockholders": 682000000.0,
        "Net Income Common Stockholders": 682000000.0,
        "Net Income": 682000000.0,
        "Minority Interests": -10000000.0,
        "Net Income Including Noncontrolling Interests": 692000000.0,
        "Net Income Continuous Operations": 692000000.0,
        "Tax Provision": 182000000.0,
        "Pretax Income": 874000000.0,
        "Other Income Expense": -12000000.0,
        "Other Non Operating Income Expenses": -2000000.0,
        "Special Income Charges": -5000000.0,
        "Gain On Sale Of Ppe": -7000000.0,
        "Gain On Sale Of Business": 0.0,
        "Write Off": 0.0,
        "Impairment Of Capital Assets": 0.0,
        "Restructuring And Mergern Acquisition": -2000000.0,
        "Gain On Sale Of Security": -5000000.0,
        "Net Non Operating Interest Income Expense": -34000000.0,
        "Interest Expense Non Operating": 57000000.0,
        "Interest Income Non Operating": 23000000.0,
        "Operating Income": 920000000.0,
        "Operating Expense": 767000000.0,
        "Depreciation Amortization Depletion Income Statement": 35000000.0,
        "Depreciation And Amortization In Income Statement": 35000000.0,
        "Amortization": 35000000.0,
        "Amortization Of Intangibles Income Statement": 35000000.0,
        "Research And Development": 167000000.0,
        "Selling General And Administration": 565000000.0,
        "Gross Profit": 1687000000.0,
        "Cost Of Revenue": 701000000.0,
        "Total Revenue": 2388000000.0,
        "Operating Revenue": 2388000000.0
    },
    "2024-12-31": {
        "Tax Effect Of Unusual Items": -3094262.295082,
        "Tax Rate For Calcs": 0.206284,
        "Normalized EBITDA": 921000000.0,
        "Total Unusual Items": -15000000.0,
        "Total Unusual Items Excluding Goodwill": -15000000.0,
        "Net Income From Continuing Operation Net Minority Interest": 581000000.0,
        "Reconciled Depreciation": 123000000.0,
        "Reconciled Cost Of Revenue": 618000000.0,
        "EBITDA": 906000000.0,
        "EBIT": 783000000.0,
        "Net Interest Income": -24000000.0,
        "Interest Expense": 51000000.0,
        "Interest Income": 27000000.0,
        "Normalized Income": 592905737.704918,
        "Net Income From Continuing And Discontinued Operation": 581000000.0,
        "Total Expenses": 1552000000.0,
        "Diluted Average Shares": 451100000.0,
        "Basic Average Shares": 450500000.0,
        "Diluted EPS": 1.29,
        "Basic EPS": 1.29,
        "Diluted NI Availto Com Stockholders": 581000000.0,
        "Net Income Common Stockholders": 581000000.0,
        "Net Income": 581000000.0,
        "Minority Interests": 0.0,
        "Net Income Including Noncontrolling Interests": 581000000.0,
        "Net Income Continuous Operations": 581000000.0,
        "Tax Provision": 151000000.0,
        "Pretax Income": 732000000.0,
        "Other Income Expense": -9000000.0,
        "Other Non Operating Income Expenses": 6000000.0,
        "Special Income Charges": -7000000.0,
        "Gain On Sale Of Ppe": 17000000.0,
        "Gain On Sale Of Business": -23000000.0,
        "Write Off": 0.0,
        "Impairment Of Capital Assets": 4000000.0,
        "Restructuring And Mergern Acquisition": -3000000.0,
        "Gain On Sale Of Security": -8000000.0,
        "Net Non Operating Interest Income Expense": -24000000.0,
        "Interest Expense Non Operating": 51000000.0,
        "Interest Income Non Operating": 27000000.0,
        "Operating Income": 765000000.0,
        "Operating Expense": 845000000.0,
        "Depreciation Amortization Depletion Income Statement": 34000000.0,
        "Depreciation And Amortization In Income Statement": 34000000.0,
        "Amortization": 34000000.0,
        "Amortization Of Intangibles Income Statement": 34000000.0,
        "Research And Development": 186000000.0,
        "Selling General And Administration": 625000000.0,
        "Gross Profit": 1610000000.0,
        "Cost Of Revenue": 707000000.0,
        "Total Revenue": 2317000000.0,
        "Operating Revenue": 2317000000.0
    },
    "2025-03-31": {
        "Tax Effect Of Unusual Items": -1768000.0,
        "Tax Rate For Calcs": 0.221,
        "Normalized EBITDA": 991000000.0,
        "Total Unusual Items": -8000000.0,
        "Total Unusual Items Excluding Goodwill": -8000000.0,
        "Net Income From Continuing Operation Net Minority Interest": 631000000.0,
        "Reconciled Depreciation": 119000000.0,
        "Reconciled Cost Of Revenue": 535000000.0,
        "EBITDA": 983000000.0,
        "EBIT": 864000000.0,
        "Net Interest Income": -31000000.0,
        "Interest Expense": 54000000.0,
        "Interest Income": 23000000.0,
        "Normalized Income": 637232000.0,
        "Net Income From Continuing And Discontinued Operation": 631000000.0,
        "Total Expenses": 1374000000.0,
        "Diluted Average Shares": 448000000.0,
        "Basic Average Shares": 447600000.0,
        "Diluted EPS": 1.41,
        "Basic EPS": 1.41,
        "Diluted NI Availto Com Stockholders": 631000000.0,
        "Net Income Common Stockholders": 631000000.0,
        "Net Income": 631000000.0,
        "Minority Interests": 0.0,
        "Net Income Including Noncontrolling Interests": 631000000.0,
        "Net Income Continuous Operations": 631000000.0,
        "Tax Provision": 179000000.0,
        "Pretax Income": 810000000.0,
        "Other Income Expense": -5000000.0,
        "Other Non Operating Income Expenses": 3000000.0,
        "Special Income Charges": 0.0,
        "Gain On Sale Of Ppe": NaN,
        "Gain On Sale Of Business": NaN,
        "Write Off": NaN,
        "Impairment Of Capital Assets": NaN,
        "Restructuring And Mergern Acquisition": 0.0,
        "Gain On Sale Of Security": -8000000.0,
        "Net Non Operating Interest Income Expense": -31000000.0,
        "Interest Expense Non Operating": 54000000.0,
        "Interest Income Non Operating": 23000000.0,
        "Operating Income": 846000000.0,
        "Operating Expense": 752000000.0,
        "Depreciation Amortization Depletion Income Statement": 32000000.0,
        "Depreciation And Amortization In Income Statement": 32000000.0,
        "Amortization": 32000000.0,
        "Amortization Of Intangibles Income Statement": 32000000.0,
        "Research And Development": 157000000.0,
        "Selling General And Administration": 563000000.0,
        "Gross Profit": 1598000000.0,
        "Cost Of Revenue": 622000000.0,
        "Total Revenue": 2220000000.0,
        "Operating Revenue": 2220000000.0
    },
    "2025-06-30": {
        "Tax Effect Of Unusual Items": -10608000.0,
        "Tax Rate For Calcs": 0.204,
        "Normalized EBITDA": 1130000000.0,
        "Total Unusual Items": -52000000.0,
        "Total Unusual Items Excluding Goodwill": -52000000.0,
        "Net Income From Continuing Operation Net Minority Interest": 718000000.0,
        "Reconciled Depreciation": 123000000.0,
        "Reconciled Cost Of Revenue": 559000000.0,
        "EBITDA": 1078000000.0,
        "EBIT": 955000000.0,
        "Net Interest Income": -34000000.0,
        "Interest Expense": 53000000.0,
        "Interest Income": 19000000.0,
        "Normalized Income": 759392000.0,
        "Net Income From Continuing And Discontinued Operation": 718000000.0,
        "Total Expenses": 1471000000.0,
        "Diluted Average Shares": 445500000.0,
        "Basic Average Shares": 445100000.0,
        "Diluted EPS": 1.61,
        "Basic EPS": 1.61,
        "Diluted NI Availto Com Stockholders": 718000000.0,
        "Net Income Common Stockholders": 718000000.0,
        "Net Income": 718000000.0,
        "Minority Interests": 0.0,
        "Net Income Including Noncontrolling Interests": 718000000.0,
        "Net Income Continuous Operations": 718000000.0,
        "Tax Provision": 184000000.0,
        "Pretax Income": 902000000.0,
        "Other Income Expense": -53000000.0,
        "Other Non Operating Income Expenses": -1000000.0,
        "Special Income Charges": -38000000.0,
        "Gain On Sale Of Ppe": 0.0,
        "Gain On Sale Of Business": -3000000.0,
        "Write Off": 22000000.0,
        "Impairment Of Capital Assets": 5000000.0,
        "Restructuring And Mergern Acquisition": 8000000.0,
        "Gain On Sale Of Security": -14000000.0,
        "Net Non Operating Interest Income Expense": -34000000.0,
        "Interest Expense Non Operating": 53000000.0,
        "Interest Income Non Operating": 19000000.0,
        "Operating Income": 989000000.0,
        "Operating Expense": 822000000.0,
        "Depreciation Amortization Depletion Income Statement": 33000000.0,
        "Depreciation And Amortization In Income Statement": 33000000.0,
        "Amortization": 33000000.0,
        "Amortization Of Intangibles Income Statement": 33000000.0,
        "Research And Development": 172000000.0,
        "Selling General And Administration": 617000000.0,
        "Gross Profit": 1811000000.0,
        "Cost Of Revenue": 649000000.0,
        "Total Revenue": 2460000000.0,
        "Operating Revenue": 2460000000.0
    },
    "2025-09-30": {
        "Tax Effect Of Unusual Items": -3179000.0,
        "Tax Rate For Calcs": 0.187,
        "Normalized EBITDA": 1086000000.0,
        "Total Unusual Items": -17000000.0,
        "Total Unusual Items Excluding Goodwill": -17000000.0,
        "Net Income From Continuing Operation Net Minority Interest": 721000000.0,
        "Reconciled Depreciation": 124000000.0,
        "Reconciled Cost Of Revenue": 591000000.0,
        "EBITDA": 1069000000.0,
        "EBIT": 945000000.0,
        "Net Interest Income": -32000000.0,
        "Interest Expense": 58000000.0,
        "Interest Income": 26000000.0,
        "Normalized Income": 734821000.0,
        "Net Income From Continuing And Discontinued Operation": 721000000.0,
        "Total Expenses": 1464000000.0,
        "Diluted Average Shares": 443200000.0,
        "Basic Average Shares": 442900000.0,
        "Diluted EPS": 1.63,
        "Basic EPS": 1.63,
        "Diluted NI Availto Com Stockholders": 721000000.0,
        "Net Income Common Stockholders": 721000000.0,
        "Net Income": 721000000.0,
        "Minority Interests": 0.0,
        "Net Income Including Noncontrolling Interests": 721000000.0,
        "Net Income Continuous Operations": 721000000.0,
        "Tax Provision": 166000000.0,
        "Pretax Income": 887000000.0,
        "Other Income Expense": -17000000.0,
        "Other Non Operating Income Expenses": NaN,
        "Special Income Charges": -4000000.0,
        "Gain On Sale Of Ppe": 0.0,
        "Gain On Sale Of Business": 0.0,
        "Write Off": 0.0,
        "Impairment Of Capital Assets": 0.0,
        "Restructuring And Mergern Acquisition": 4000000.0,
        "Gain On Sale Of Security": -13000000.0,
        "Net Non Operating Interest Income Expense": -32000000.0,
        "Interest Expense Non Operating": 58000000.0,
        "Interest Income Non Operating": 26000000.0,
        "Operating Income": 936000000.0,
        "Operating Expense": 781000000.0,
        "Depreciation Amortization Depletion Income Statement": 32000000.0,
        "Depreciation And Amortization In Income Statement": 32000000.0,
        "Amortization": 32000000.0,
        "Amortization Of Intangibles Income Statement": 32000000.0,
        "Research And Development": 170000000.0,
        "Selling General And Administration": 579000000.0,
        "Gross Profit": 1717000000.0,
        "Cost Of Revenue": 683000000.0,
        "Total Revenue": 2400000000.0,
        "Operating Revenue": 2400000000.0
    }
}