{
    "2024-03-31": {
        "Tax Effect Of Unusual Items": 0.0,
        "Tax Rate For Calcs": 0.0,
        "Normalized EBITDA": -7773000.0,
        "Total Unusual Items": -606000.0,
        "Total Unusual Items Excluding Goodwill": -606000.0,
        "Net Income From Continuing Operation Net Minority Interest": -7747000.0,
        "Reconciled Depreciation": 0.0,
        "EBITDA": -8379000.0,
        "EBIT": -8379000.0,
        "Net Interest Income": 1215000.0,
        "Interest Income": 1215000.0,
        "Normalized Income": -7141000.0,
        "Net Income From Continuing And Discontinued Operation": -7747000.0,
        "Total Expenses": 8379000.0,
        "Total Operating Income As Reported": -8379000.0,
        "Diluted Average Shares": 43593678.0,
        "Basic Average Shares": 43593678.0,
        "Diluted EPS": -0.016746,
        "Basic EPS": -0.016746,
        "Diluted NI Availto Com Stockholders": -730000.0,
        "Net Income Common Stockholders": -730000.0,
        "Otherunder Preferred Stock Dividend": -7017000.0,
        "Net Income": -7747000.0,
        "Minority Interests": 0.0,
        "Net Income Including Noncontrolling Interests": -7747000.0,
        "Net Income Continuous Operations": -7747000.0,
        "Tax Provision": 0.0,
        "Pretax Income": -7747000.0,
        "Other Income Expense": -583000.0,
        "Other Non Operating Income Expenses": 23000.0,
        "Gain On Sale Of Security": -606000.0,
        "Net Non Operating Interest Income Expense": 1215000.0,
        "Interest Income Non Operating": 1215000.0,
        "Operating Income": -8379000.0,
        "Operating Expense": 8379000.0,
        "Research And Development": 3593000.0,
        "Selling General And Administration": 4786000.0,
        "General And Administrative Expense": 4786000.0,
        "Other Gand A": 4786000.0,
        "Total Revenue": 0.0,
        "Operating Revenue": 0.0
    },
    "2023-12-31": {
        "Tax Effect Of Unusual Items": NaN,
        "Tax Rate For Calcs": NaN,
        "Normalized EBITDA": NaN,
        "Total Unusual Items": 960000.0,
        "Total Unusual Items Excluding Goodwill": 960000.0,
        "Net Income From Continuing Operation Net Minority Interest": NaN,
        "Reconciled Depreciation": NaN,
        "EBITDA": NaN,
        "EBIT": NaN,
        "Net Interest Income": NaN,
        "Interest Income": NaN,
        "Normalized Income": NaN,
        "Net Income From Continuing And Discontinued Operation": NaN,
        "Total Expenses": NaN,
        "Total Operating Income As Reported": NaN,
        "Diluted Average Shares": NaN,
        "Basic Average Shares": NaN,
        "Diluted EPS": NaN,
        "Basic EPS": NaN,
        "Diluted NI Availto Com Stockholders": NaN,
        "Net Income Common Stockholders": NaN,
        "Otherunder Preferred Stock Dividend": NaN,
        "Net Income": NaN,
        "Minority Interests": 0.0,
        "Net Income Including Noncontrolling Interests": NaN,
        "Net Income Continuous Operations": NaN,
        "Tax Provision": NaN,
        "Pretax Income": NaN,
        "Other Income Expense": NaN,
        "Other Non Operating Income Expenses": NaN,
        "Gain On Sale Of Security": 960000.0,
        "Net Non Operating Interest Income Expense": NaN,
        "Interest Income Non Operating": NaN,
        "Operating Income": NaN,
        "Operating Expense": NaN,
        "Research And Development": NaN,
        "Selling General And Administration": NaN,
        "General And Administrative Expense": NaN,
        "Other Gand A": NaN,
        "Total Revenue": NaN,
        "Operating Revenue": NaN
    },
    "2023-09-30": {
        "Tax Effect Of Unusual Items": NaN,
        "Tax Rate For Calcs": NaN,
        "Normalized EBITDA": NaN,
        "Total Unusual Items": NaN,
        "Total Unusual Items Excluding Goodwill": NaN,
        "Net Income From Continuing Operation Net Minority Interest": NaN,
        "Reconciled Depreciation": NaN,
        "EBITDA": NaN,
        "EBIT": NaN,
        "Net Interest Income": NaN,
        "Interest Income": NaN,
        "Normalized Income": NaN,
        "Net Income From Continuing And Discontinued Operation": NaN,
        "Total Expenses": NaN,
        "Total Operating Income As Reported": NaN,
        "Diluted Average Shares": 46876344.0,
        "Basic Average Shares": 46876344.0,
        "Diluted EPS": -0.18,
        "Basic EPS": -0.18,
        "Diluted NI Availto Com Stockholders": NaN,
        "Net Income Common Stockholders": NaN,
        "Otherunder Preferred Stock Dividend": NaN,
        "Net Income": NaN,
        "Minority Interests": NaN,
        "Net Income Including Noncontrolling Interests": NaN,
        "Net Income Continuous Operations": NaN,
        "Tax Provision": NaN,
        "Pretax Income": NaN,
        "Other Income Expense": NaN,
        "Other Non Operating Income Expenses": NaN,
        "Gain On Sale Of Security": NaN,
        "Net Non Operating Interest Income Expense": NaN,
        "Interest Income Non Operating": NaN,
        "Operating Income": NaN,
        "Operating Expense": NaN,
        "Research And Development": NaN,
        "Selling General And Administration": NaN,
        "General And Administrative Expense": NaN,
        "Other Gand A": NaN,
        "Total Revenue": NaN,
        "Operating Revenue": NaN
    },
    "2023-06-30": {
        "Tax Effect Of Unusual Items": NaN,
        "Tax Rate For Calcs": NaN,
        "Normalized EBITDA": NaN,
        "Total Unusual Items": NaN,
        "Total Unusual Items Excluding Goodwill": NaN,
        "Net Income From Continuing Operation Net Minority Interest": NaN,
        "Reconciled Depreciation": NaN,
        "EBITDA": NaN,
        "EBIT": NaN,
        "Net Interest Income": NaN,
        "Interest Income": NaN,
        "Normalized Income": NaN,
        "Net Income From Continuing And Discontinued Operation": NaN,
        "Total Expenses": NaN,
        "Total Operating Income As Reported": NaN,
        "Diluted Average Shares": 34303125.0,
        "Basic Average Shares": 34303125.0,
        "Diluted EPS": -1.31,
        "Basic EPS": -1.31,
        "Diluted NI Availto Com Stockholders": NaN,
        "Net Income Common Stockholders": NaN,
        "Otherunder Preferred Stock Dividend": NaN,
        "Net Income": NaN,
        "Minority Interests": NaN,
        "Net Income Including Noncontrolling Interests": NaN,
        "Net Income Continuous Operations": NaN,
        "Tax Provision": NaN,
        "Pretax Income": NaN,
        "Other Income Expense": NaN,
        "Other Non Operating Income Expenses": NaN,
        "Gain On Sale Of Security": NaN,
        "Net Non Operating Interest Income Expense": NaN,
        "Interest Income Non Operating": NaN,
        "Operating Income": NaN,
        "Operating Expense": NaN,
        "Research And Development": NaN,
        "Selling General And Administration": NaN,
        "General And Administrative Expense": NaN,
        "Other Gand A": NaN,
        "Salaries And Wages": 2319000.0,
        "Total Revenue": NaN,
        "Operating Revenue": NaN
    },
    "2023-03-31": {
        "Tax Effect Of Unusual Items": NaN,
        "Tax Rate For Calcs": NaN,
        "Normalized EBITDA": NaN,
        "Total Unusual Items": NaN,
        "Total Unusual Items Excluding Goodwill": NaN,
        "Net Income From Continuing Operation Net Minority Interest": NaN,
        "EBITDA": NaN,
        "EBIT": NaN,
        "Net Interest Income": NaN,
        "Interest Income": NaN,
        "Normalized Income": NaN,
        "Net Income From Continuing And Discontinued Operation": NaN,
        "Total Expenses": NaN,
        "Total Operating Income As Reported": NaN,
        "Diluted Average Shares": 3551906.0,
        "Basic Average Shares": 3551906.0,
        "Diluted EPS": -2.76,
        "Basic EPS": -2.76,
        "Diluted NI Availto Com Stockholders": NaN,
        "Net Income Common Stockholders": NaN,
        "Otherunder Preferred Stock Dividend": NaN,
        "Net Income": NaN,
        "Minority Interests": NaN,
        "Net Income Including Noncontrolling Interests": NaN,
        "Net Income Continuous Operations": NaN,
        "Tax Provision": NaN,
        "Pretax Income": NaN,
        "Other Income Expense": NaN,
        "Other Non Operating Income Expenses": NaN,
        "Gain On Sale Of Security": NaN,
        "Net Non Operating Interest Income Expense": NaN,
        "Interest Income Non Operating": NaN,
        "Operating Income": NaN,
        "Operating Expense": NaN,
        "Research And Development": NaN,
        "Selling General And Administration": NaN,
        "General And Administrative Expense": NaN,
        "Other Gand A": NaN,
        "Salaries And Wages": NaN,
        "Total Revenue": NaN,
        "Operating Revenue": NaN
    },
    "2024-06-30": {
        "Tax Effect Of Unusual Items": 0.0,
        "Tax Rate For Calcs": 0.0,
        "Normalized EBITDA": -10990000.0,
        "Total Unusual Items": -768000.0,
        "Total Unusual Items Excluding Goodwill": -768000.0,
        "Net Income From Continuing Operation Net Minority Interest": -10329000.0,
        "Reconciled Depreciation": 1000.0,
        "EBITDA": -11758000.0,
        "EBIT": -11759000.0,
        "Net Interest Income": 2196000.0,
        "Interest Income": 2196000.0,
        "Normalized Income": -9561000.0,
        "Net Income From Continuing And Discontinued Operation": -10329000.0,
        "Total Expenses": 11759000.0,
        "Total Operating Income As Reported": -11759000.0,
        "Diluted Average Shares": 74947369.0,
        "Basic Average Shares": 74947369.0,
        "Diluted EPS": -0.17,
        "Basic EPS": -0.17,
        "Diluted NI Availto Com Stockholders": -12666000.0,
        "Net Income Common Stockholders": -12666000.0,
        "Otherunder Preferred Stock Dividend": 2337000.0,
        "Net Income": -10329000.0,
        "Minority Interests": 0.0,
        "Net Income Including Noncontrolling Interests": -10329000.0,
        "Net Income Continuous Operations": -10329000.0,
        "Tax Provision": 0.0,
        "Pretax Income": -10329000.0,
        "Other Income Expense": -766000.0,
        "Other Non Operating Income Expenses": 2000.0,
        "Gain On Sale Of Security": -768000.0,
        "Net Non Operating Interest Income Expense": 2196000.0,
        "Interest Income Non Operating": 2196000.0,
        "Operating Income": -11759000.0,
        "Operating Expense": 11759000.0,
        "Research And Development": 5539000.0,
        "Selling General And Administration": 6220000.0,
        "General And Administrative Expense": 6220000.0,
        "Other Gand A": 6220000.0,
        "Total Revenue": 0.0,
        "Operating Revenue": 0.0
    },
    "2024-09-30": {
        "Tax Effect Of Unusual Items": 0.0,
        "Tax Rate For Calcs": 0.0,
        "Normalized EBITDA": -15450000.0,
        "Total Unusual Items": -3866000.0,
        "Total Unusual Items Excluding Goodwill": -3866000.0,
        "Net Income From Continuing Operation Net Minority Interest": -20702000.0,
        "Reconciled Depreciation": 3000.0,
        "EBITDA": -19316000.0,
        "EBIT": -19319000.0,
        "Net Interest Income": 2461000.0,
        "Interest Income": 2461000.0,
        "Normalized Income": -16836000.0,
        "Net Income From Continuing And Discontinued Operation": -20702000.0,
        "Total Expenses": 19319000.0,
        "Total Operating Income As Reported": -19319000.0,
        "Diluted Average Shares": 87335667.0,
        "Basic Average Shares": 87335667.0,
        "Diluted EPS": -0.26,
        "Basic EPS": -0.26,
        "Diluted NI Availto Com Stockholders": -22942000.0,
        "Net Income Common Stockholders": -22942000.0,
        "Otherunder Preferred Stock Dividend": 2240000.0,
        "Net Income": -20702000.0,
        "Minority Interests": 0.0,
        "Net Income Including Noncontrolling Interests": -20702000.0,
        "Net Income Continuous Operations": -20702000.0,
        "Tax Provision": 0.0,
        "Pretax Income": -20702000.0,
        "Other Income Expense": -3844000.0,
        "Other Non Operating Income Expenses": 22000.0,
        "Gain On Sale Of Security": -3866000.0,
        "Net Non Operating Interest Income Expense": 2461000.0,
        "Interest Income Non Operating": 2461000.0,
        "Operating Income": -19319000.0,
        "Operating Expense": 19319000.0,
        "Research And Development": 6029000.0,
        "Selling General And Administration": 13290000.0,
        "General And Administrative Expense": 13290000.0,
        "Other Gand A": 13290000.0,
        "Total Revenue": 0.0,
        "Operating Revenue": 0.0
    },
    "2024-12-31": {
        "Tax Effect Of Unusual Items": 0.0,
        "Tax Rate For Calcs": 0.0,
        "Normalized EBITDA": -15727000.0,
        "Total Unusual Items": 0.0,
        "Total Unusual Items Excluding Goodwill": 0.0,
        "Net Income From Continuing Operation Net Minority Interest": -13625000.0,
        "Reconciled Depreciation": 5000.0,
        "EBITDA": -15727000.0,
        "EBIT": -15732000.0,
        "Net Interest Income": 2126000.0,
        "Interest Income": 2126000.0,
        "Normalized Income": -13625000.0,
        "Net Income From Continuing And Discontinued Operation": -13625000.0,
        "Total Expenses": 15732000.0,
        "Total Operating Income As Reported": -15732000.0,
        "Diluted Average Shares": NaN,
        "Basic Average Shares": NaN,
        "Diluted EPS": NaN,
        "Basic EPS": NaN,
        "Diluted NI Availto Com Stockholders": -9048000.0,
        "Net Income Common Stockholders": -9048000.0,
        "Otherunder Preferred Stock Dividend": -4577000.0,
        "Net Income": -13625000.0,
        "Minority Interests": 0.0,
        "Net Income Including Noncontrolling Interests": -13625000.0,
        "Net Income Continuous Operations": -13625000.0,
        "Tax Provision": 0.0,
        "Pretax Income": -13625000.0,
        "Other Income Expense": -19000.0,
        "Other Non Operating Income Expenses": -19000.0,
        "Gain On Sale Of Security": 0.0,
        "Net Non Operating Interest Income Expense": 2126000.0,
        "Interest Income Non Operating": 2126000.0,
        "Operating Income": -15732000.0,
        "Operating Expense": 15732000.0,
        "Research And Development": 9240000.0,
        "Selling General And Administration": 6492000.0,
        "General And Administrative Expense": 6492000.0,
        "Other Gand A": 6492000.0,
        "Total Revenue": 0.0,
        "Operating Revenue": 0.0
    },
    "2025-03-31": {
        "Tax Effect Of Unusual Items": 0.0,
        "Tax Rate For Calcs": 0.0,
        "Normalized EBITDA": -19245000.0,
        "Total Unusual Items": NaN,
        "Total Unusual Items Excluding Goodwill": NaN,
        "Net Income From Continuing Operation Net Minority Interest": -17442000.0,
        "Reconciled Depreciation": 9000.0,
        "EBITDA": -19245000.0,
        "EBIT": -19254000.0,
        "Net Interest Income": 1817000.0,
        "Interest Income": 1817000.0,
        "Normalized Income": -17442000.0,
        "Net Income From Continuing And Discontinued Operation": -17442000.0,
        "Total Expenses": 19254000.0,
        "Total Operating Income As Reported": -19254000.0,
        "Diluted Average Shares": 92964048.0,
        "Basic Average Shares": 92964048.0,
        "Diluted EPS": -0.19,
        "Basic EPS": -0.19,
        "Diluted NI Availto Com Stockholders": -17442000.0,
        "Net Income Common Stockholders": -17442000.0,
        "Otherunder Preferred Stock Dividend": 0.0,
        "Net Income": -17442000.0,
        "Minority Interests": NaN,
        "Net Income Including Noncontrolling Interests": -17442000.0,
        "Net Income Continuous Operations": -17442000.0,
        "Tax Provision": 0.0,
        "Pretax Income": -17442000.0,
        "Other Income Expense": -5000.0,
        "Other Non Operating Income Expenses": -5000.0,
        "Gain On Sale Of Security": NaN,
        "Net Non Operating Interest Income Expense": 1817000.0,
        "Interest Income Non Operating": 1817000.0,
        "Operating Income": -19254000.0,
        "Operating Expense": 19254000.0,
        "Research And Development": 10474000.0,
        "Selling General And Administration": 8780000.0,
        "General And Administrative Expense": 8780000.0,
        "Other Gand A": 8780000.0,
        "Total Revenue": 0.0,
        "Operating Revenue": 0.0
    }
}