{
    "2023-03-31": {
        "Tax Effect Of Unusual Items": NaN,
        "Tax Rate For Calcs": NaN,
        "Normalized EBITDA": NaN,
        "Total Unusual Items": NaN,
        "Total Unusual Items Excluding Goodwill": NaN,
        "Net Income From Continuing Operation Net Minority Interest": NaN,
        "Reconciled Depreciation": NaN,
        "Reconciled Cost Of Revenue": NaN,
        "EBITDA": NaN,
        "EBIT": NaN,
        "Net Interest Income": NaN,
        "Interest Expense": NaN,
        "Interest Income": NaN,
        "Normalized Income": NaN,
        "Net Income From Continuing And Discontinued Operation": NaN,
        "Total Expenses": NaN,
        "Total Operating Income As Reported": NaN,
        "Diluted Average Shares": NaN,
        "Basic Average Shares": NaN,
        "Diluted EPS": NaN,
        "Basic EPS": NaN,
        "Diluted NI Availto Com Stockholders": NaN,
        "Net Income Common Stockholders": NaN,
        "Otherunder Preferred Stock Dividend": 0.0,
        "Net Income": NaN,
        "Net Income Including Noncontrolling Interests": NaN,
        "Net Income Continuous Operations": NaN,
        "Tax Provision": NaN,
        "Pretax Income": NaN,
        "Other Income Expense": NaN,
        "Special Income Charges": NaN,
        "Gain On Sale Of Security": NaN,
        "Net Non Operating Interest Income Expense": NaN,
        "Interest Expense Non Operating": NaN,
        "Interest Income Non Operating": NaN,
        "Operating Income": NaN,
        "Operating Expense": NaN,
        "Depreciation Amortization Depletion Income Statement": NaN,
        "Depreciation And Amortization In Income Statement": NaN,
        "Amortization": NaN,
        "Amortization Of Intangibles Income Statement": NaN,
        "Research And Development": NaN,
        "Selling General And Administration": NaN,
        "Gross Profit": NaN,
        "Cost Of Revenue": NaN,
        "Total Revenue": NaN,
        "Operating Revenue": NaN
    },
    "2022-12-31": {
        "Tax Effect Of Unusual Items": NaN,
        "Tax Rate For Calcs": NaN,
        "Normalized EBITDA": NaN,
        "Total Unusual Items": NaN,
        "Total Unusual Items Excluding Goodwill": NaN,
        "Net Income From Continuing Operation Net Minority Interest": NaN,
        "Reconciled Depreciation": NaN,
        "Reconciled Cost Of Revenue": NaN,
        "EBITDA": NaN,
        "EBIT": NaN,
        "Net Interest Income": NaN,
        "Interest Expense": NaN,
        "Interest Income": NaN,
        "Normalized Income": NaN,
        "Net Income From Continuing And Discontinued Operation": NaN,
        "Total Expenses": NaN,
        "Total Operating Income As Reported": NaN,
        "Diluted Average Shares": NaN,
        "Basic Average Shares": NaN,
        "Diluted EPS": NaN,
        "Basic EPS": NaN,
        "Diluted NI Availto Com Stockholders": NaN,
        "Net Income Common Stockholders": NaN,
        "Otherunder Preferred Stock Dividend": 0.0,
        "Net Income": NaN,
        "Net Income Including Noncontrolling Interests": NaN,
        "Net Income Continuous Operations": NaN,
        "Tax Provision": NaN,
        "Pretax Income": NaN,
        "Other Income Expense": NaN,
        "Special Income Charges": -17663000.0,
        "Gain On Sale Of Security": NaN,
        "Net Non Operating Interest Income Expense": NaN,
        "Interest Expense Non Operating": NaN,
        "Interest Income Non Operating": NaN,
        "Operating Income": NaN,
        "Operating Expense": NaN,
        "Depreciation Amortization Depletion Income Statement": NaN,
        "Depreciation And Amortization In Income Statement": NaN,
        "Amortization": NaN,
        "Amortization Of Intangibles Income Statement": NaN,
        "Research And Development": NaN,
        "Selling General And Administration": NaN,
        "General And Administrative Expense": 5077000.0,
        "Other Gand A": 5077000.0,
        "Gross Profit": NaN,
        "Cost Of Revenue": NaN,
        "Total Revenue": NaN,
        "Operating Revenue": NaN
    },
    "2022-09-30": {
        "Tax Effect Of Unusual Items": NaN,
        "Tax Rate For Calcs": NaN,
        "Normalized EBITDA": NaN,
        "Total Unusual Items": NaN,
        "Total Unusual Items Excluding Goodwill": NaN,
        "Net Income From Continuing Operation Net Minority Interest": NaN,
        "Reconciled Depreciation": NaN,
        "Reconciled Cost Of Revenue": NaN,
        "EBITDA": NaN,
        "EBIT": NaN,
        "Net Interest Income": NaN,
        "Interest Expense": NaN,
        "Interest Income": 218000.0,
        "Normalized Income": NaN,
        "Net Income From Continuing And Discontinued Operation": NaN,
        "Total Expenses": NaN,
        "Total Operating Income As Reported": NaN,
        "Diluted Average Shares": 34494702.0,
        "Basic Average Shares": 34494702.0,
        "Diluted EPS": -0.19,
        "Basic EPS": -0.19,
        "Diluted NI Availto Com Stockholders": NaN,
        "Net Income Common Stockholders": NaN,
        "Otherunder Preferred Stock Dividend": 0.0,
        "Net Income": NaN,
        "Net Income Including Noncontrolling Interests": NaN,
        "Net Income Continuous Operations": NaN,
        "Tax Provision": NaN,
        "Pretax Income": NaN,
        "Other Income Expense": NaN,
        "Special Income Charges": 0.0,
        "Gain On Sale Of Security": NaN,
        "Net Non Operating Interest Income Expense": NaN,
        "Interest Expense Non Operating": NaN,
        "Interest Income Non Operating": 218000.0,
        "Operating Income": NaN,
        "Operating Expense": NaN,
        "Research And Development": NaN,
        "Selling General And Administration": NaN,
        "General And Administrative Expense": 3974000.0,
        "Other Gand A": 3974000.0,
        "Gross Profit": NaN,
        "Cost Of Revenue": NaN,
        "Total Revenue": NaN,
        "Operating Revenue": NaN
    },
    "2022-06-30": {
        "Tax Effect Of Unusual Items": -509195.984974,
        "Tax Rate For Calcs": 0.028881,
        "Normalized EBITDA": -7090000.0,
        "Total Unusual Items": -17631000.0,
        "Total Unusual Items Excluding Goodwill": -17631000.0,
        "Net Income From Continuing Operation Net Minority Interest": -24042000.0,
        "Reconciled Depreciation": 181000.0,
        "Reconciled Cost Of Revenue": 51000.0,
        "EBITDA": -24721000.0,
        "EBIT": -24721000.0,
        "Net Interest Income": -22000.0,
        "Interest Expense": 36000.0,
        "Interest Income": 14000.0,
        "Normalized Income": -6920195.984974,
        "Net Income From Continuing And Discontinued Operation": -24042000.0,
        "Total Expenses": 8404000.0,
        "Total Operating Income As Reported": -24767000.0,
        "Diluted Average Shares": 34447206.0,
        "Basic Average Shares": 34447206.0,
        "Diluted EPS": -0.7,
        "Basic EPS": -0.7,
        "Diluted NI Availto Com Stockholders": -24042000.0,
        "Net Income Common Stockholders": -24042000.0,
        "Otherunder Preferred Stock Dividend": 0.0,
        "Net Income": -24042000.0,
        "Net Income Including Noncontrolling Interests": -24042000.0,
        "Net Income Continuous Operations": -24042000.0,
        "Tax Provision": -715000.0,
        "Pretax Income": -24757000.0,
        "Other Income Expense": -17631000.0,
        "Special Income Charges": -17663000.0,
        "Other Special Charges": 17663000.0,
        "Gain On Sale Of Security": 32000.0,
        "Net Non Operating Interest Income Expense": -22000.0,
        "Interest Expense Non Operating": 36000.0,
        "Interest Income Non Operating": 14000.0,
        "Operating Income": -7104000.0,
        "Operating Expense": 8353000.0,
        "Research And Development": 4795000.0,
        "Selling General And Administration": 3558000.0,
        "General And Administrative Expense": 3558000.0,
        "Other Gand A": 3558000.0,
        "Gross Profit": 1249000.0,
        "Cost Of Revenue": 51000.0,
        "Total Revenue": 1300000.0,
        "Operating Revenue": 1300000.0
    },
    "2022-03-31": {
        "Diluted EPS": -0.05,
        "Total Revenue": 4,
        "Gross Profit": 4,
        "Operating Income": -2,
        "EBIT": -2,
        "Net Income": -2
    },
    "2021-12-31": {
        "Diluted EPS": 0.83,
        "Total Revenue": 3,
        "Gross Profit": 3,
        "Operating Income": -3,
        "EBIT": -3,
        "Net Income": -3
    },
    "2021-09-30": {
        "Diluted EPS": -0.05,
        "Total Revenue": 2,
        "Gross Profit": 2,
        "Operating Income": -2,
        "EBIT": -2,
        "Net Income": -2
    },
    "2021-06-30": {
        "Diluted EPS": -0.4,
        "Total Revenue": 12,
        "Gross Profit": 11,
        "Operating Income": 6,
        "EBIT": 6,
        "Net Income": -11
    },
    "2021-03-31": {
        "Diluted EPS": -2.49,
        "Total Revenue": 12,
        "Gross Profit": 11,
        "Operating Income": 7,
        "EBIT": 7,
        "Net Income": -48
    },
    "2020-12-31": {
        "Diluted EPS": -0.82,
        "Total Revenue": 2,
        "Gross Profit": 2,
        "Operating Income": -3,
        "EBIT": -3,
        "Net Income": -5
    },
    "2020-09-30": {
        "Diluted EPS": -0.68,
        "Total Revenue": 2,
        "Gross Profit": 2,
        "Operating Income": -1,
        "EBIT": -1,
        "Net Income": -3
    },
    "2020-06-30": {
        "Diluted EPS": 0.21,
        "Total Revenue": 7,
        "Gross Profit": 6,
        "Operating Income": 3,
        "EBIT": 3,
        "Net Income": 1
    },
    "2020-03-31": {
        "Diluted EPS": -1.92,
        "Total Revenue": 2,
        "Gross Profit": 1,
        "Operating Income": -4,
        "EBIT": -3,
        "Net Income": -6
    },
    "2019-12-31": {
        "Diluted EPS": -1.55,
        "Total Revenue": 1,
        "Gross Profit": -1,
        "Operating Income": -4,
        "EBIT": -4,
        "Net Income": -6
    },
    "2019-09-30": {
        "Diluted EPS": 0.96,
        "Total Revenue": 11,
        "Gross Profit": 10,
        "Operating Income": 3,
        "EBIT": 4,
        "Net Income": 3
    },
    "2019-06-30": {
        "Diluted EPS": -5.28,
        "Total Revenue": NaN,
        "Gross Profit": NaN,
        "Operating Income": -8,
        "EBIT": -7,
        "Net Income": -9
    },
    "2019-03-31": {
        "Diluted EPS": -7.36,
        "Total Revenue": NaN,
        "Gross Profit": NaN,
        "Operating Income": -11,
        "EBIT": -11,
        "Net Income": -12
    },
    "2018-12-31": {
        "Diluted EPS": 7.52,
        "Total Revenue": NaN,
        "Gross Profit": NaN,
        "Operating Income": -9,
        "EBIT": -9,
        "Net Income": -5
    },
    "2018-09-30": {
        "Diluted EPS": -15.04,
        "Total Revenue": NaN,
        "Gross Profit": NaN,
        "Operating Income": -18,
        "EBIT": -18,
        "Net Income": -15
    },
    "2018-06-30": {
        "Diluted EPS": -14.56,
        "Total Revenue": NaN,
        "Gross Profit": NaN,
        "Operating Income": -14,
        "EBIT": -13,
        "Net Income": -10
    },
    "2018-03-31": {
        "Diluted EPS": -28.32,
        "Total Revenue": NaN,
        "Gross Profit": NaN,
        "Operating Income": -15,
        "EBIT": -14,
        "Net Income": -26
    },
    "2017-12-31": {
        "Diluted EPS": -11.68,
        "Total Revenue": NaN,
        "Gross Profit": NaN,
        "Operating Income": -8,
        "EBIT": -8,
        "Net Income": -11
    },
    "2017-09-30": {
        "Diluted EPS": -10.88,
        "Total Revenue": NaN,
        "Gross Profit": NaN,
        "Operating Income": -10,
        "EBIT": -9,
        "Net Income": -10
    },
    "2017-06-30": {
        "Diluted EPS": -7.04,
        "Total Revenue": NaN,
        "Gross Profit": NaN,
        "Operating Income": -8,
        "EBIT": -8,
        "Net Income": -7
    },
    "2017-03-31": {
        "Diluted EPS": -17.76,
        "Total Revenue": NaN,
        "Gross Profit": NaN,
        "Operating Income": -7,
        "EBIT": -7,
        "Net Income": -16
    },
    "2016-12-31": {
        "Diluted EPS": 9.12,
        "Total Revenue": NaN,
        "Gross Profit": NaN,
        "Operating Income": -11,
        "EBIT": -10,
        "Net Income": -9
    },
    "2016-09-30": {
        "Diluted EPS": -14.72,
        "Total Revenue": NaN,
        "Gross Profit": NaN,
        "Operating Income": -10,
        "EBIT": -10,
        "Net Income": -13
    },
    "2016-06-30": {
        "Diluted EPS": -9.28,
        "Total Revenue": NaN,
        "Gross Profit": NaN,
        "Operating Income": -9,
        "EBIT": -9,
        "Net Income": 9
    },
    "2016-03-31": {
        "Diluted EPS": -3.2,
        "Total Revenue": NaN,
        "Gross Profit": NaN,
        "Operating Income": -7,
        "EBIT": -7,
        "Net Income": -3
    },
    "2015-12-31": {
        "Diluted EPS": -28.64,
        "Total Revenue": NaN,
        "Gross Profit": NaN,
        "Operating Income": -7,
        "EBIT": -7,
        "Net Income": -9
    },
    "2015-09-30": {
        "Diluted EPS": -10.88,
        "Total Revenue": NaN,
        "Gross Profit": NaN,
        "Operating Income": -6,
        "EBIT": -6,
        "Net Income": -10
    },
    "2015-06-30": {
        "Diluted EPS": -39.2,
        "Total Revenue": NaN,
        "Gross Profit": NaN,
        "Operating Income": -6,
        "EBIT": -5,
        "Net Income": -30
    },
    "2015-03-31": {
        "Diluted EPS": -40.0,
        "Total Revenue": NaN,
        "Gross Profit": NaN,
        "Operating Income": -3,
        "EBIT": -3,
        "Net Income": -6
    },
    "2014-12-31": {
        "Diluted EPS": -79.52,
        "Total Revenue": NaN,
        "Gross Profit": NaN,
        "Operating Income": -8,
        "EBIT": -7,
        "Net Income": -12
    },
    "2014-09-30": {
        "Diluted EPS": -48.0,
        "Total Revenue": NaN,
        "Gross Profit": NaN,
        "Operating Income": -4,
        "EBIT": -4,
        "Net Income": -7
    },
    "2014-06-30": {
        "Diluted EPS": -24.0,
        "Total Revenue": NaN,
        "Gross Profit": NaN,
        "Operating Income": -3,
        "EBIT": -3,
        "Net Income": -4
    },
    "2014-03-31": {
        "Diluted EPS": -12.8,
        "Total Revenue": NaN,
        "Gross Profit": NaN,
        "Operating Income": -2,
        "EBIT": -2,
        "Net Income": -2
    },
    "2013-12-31": {
        "Diluted EPS": 0.0,
        "Total Revenue": NaN,
        "Gross Profit": NaN,
        "Operating Income": NaN,
        "EBIT": NaN,
        "Net Income": NaN
    },
    "2023-06-30": {
        "Tax Effect Of Unusual Items": NaN,
        "Tax Rate For Calcs": NaN,
        "Normalized EBITDA": NaN,
        "Total Unusual Items": NaN,
        "Total Unusual Items Excluding Goodwill": NaN,
        "Net Income From Continuing Operation Net Minority Interest": NaN,
        "Reconciled Depreciation": NaN,
        "Reconciled Cost Of Revenue": NaN,
        "EBITDA": NaN,
        "EBIT": NaN,
        "Net Interest Income": NaN,
        "Interest Expense": NaN,
        "Interest Income": NaN,
        "Normalized Income": NaN,
        "Net Income From Continuing And Discontinued Operation": NaN,
        "Total Expenses": NaN,
        "Total Operating Income As Reported": NaN,
        "Diluted Average Shares": 33898233.0,
        "Basic Average Shares": 33898233.0,
        "Diluted EPS": -0.15,
        "Basic EPS": -0.15,
        "Diluted NI Availto Com Stockholders": NaN,
        "Net Income Common Stockholders": NaN,
        "Net Income": NaN,
        "Net Income Including Noncontrolling Interests": NaN,
        "Net Income Continuous Operations": NaN,
        "Tax Provision": NaN,
        "Pretax Income": NaN,
        "Other Income Expense": NaN,
        "Special Income Charges": NaN,
        "Gain On Sale Of Security": NaN,
        "Net Non Operating Interest Income Expense": NaN,
        "Interest Expense Non Operating": NaN,
        "Interest Income Non Operating": NaN,
        "Operating Income": NaN,
        "Operating Expense": NaN,
        "Depreciation Amortization Depletion Income Statement": NaN,
        "Depreciation And Amortization In Income Statement": NaN,
        "Amortization": NaN,
        "Amortization Of Intangibles Income Statement": NaN,
        "Research And Development": NaN,
        "Selling General And Administration": NaN,
        "Gross Profit": NaN,
        "Cost Of Revenue": NaN,
        "Total Revenue": NaN,
        "Operating Revenue": NaN
    },
    "2023-09-30": {
        "Tax Effect Of Unusual Items": NaN,
        "Tax Rate For Calcs": NaN,
        "Normalized EBITDA": NaN,
        "Total Unusual Items": NaN,
        "Total Unusual Items Excluding Goodwill": NaN,
        "Net Income From Continuing Operation Net Minority Interest": NaN,
        "Reconciled Depreciation": NaN,
        "Reconciled Cost Of Revenue": NaN,
        "EBITDA": NaN,
        "EBIT": NaN,
        "Net Interest Income": NaN,
        "Interest Expense": NaN,
        "Interest Income": NaN,
        "Normalized Income": NaN,
        "Net Income From Continuing And Discontinued Operation": NaN,
        "Total Expenses": NaN,
        "Total Operating Income As Reported": NaN,
        "Diluted Average Shares": 34724614.0,
        "Basic Average Shares": 34724614.0,
        "Diluted EPS": -0.4,
        "Basic EPS": -0.4,
        "Diluted NI Availto Com Stockholders": NaN,
        "Net Income Common Stockholders": NaN,
        "Net Income": NaN,
        "Net Income Including Noncontrolling Interests": NaN,
        "Net Income Continuous Operations": NaN,
        "Tax Provision": NaN,
        "Pretax Income": NaN,
        "Other Income Expense": NaN,
        "Special Income Charges": 0.0,
        "Gain On Sale Of Security": NaN,
        "Net Non Operating Interest Income Expense": NaN,
        "Interest Expense Non Operating": NaN,
        "Interest Income Non Operating": NaN,
        "Operating Income": NaN,
        "Operating Expense": NaN,
        "Depreciation Amortization Depletion Income Statement": NaN,
        "Depreciation And Amortization In Income Statement": NaN,
        "Amortization": NaN,
        "Amortization Of Intangibles Income Statement": NaN,
        "Research And Development": NaN,
        "Selling General And Administration": NaN,
        "Gross Profit": NaN,
        "Cost Of Revenue": NaN,
        "Total Revenue": NaN,
        "Operating Revenue": NaN
    },
    "2024-03-31": {
        "Tax Effect Of Unusual Items": NaN,
        "Tax Rate For Calcs": NaN,
        "Normalized EBITDA": NaN,
        "Total Unusual Items": NaN,
        "Total Unusual Items Excluding Goodwill": NaN,
        "Net Income From Continuing Operation Net Minority Interest": NaN,
        "Reconciled Depreciation": NaN,
        "Reconciled Cost Of Revenue": NaN,
        "EBITDA": NaN,
        "EBIT": NaN,
        "Net Interest Income": NaN,
        "Interest Expense": NaN,
        "Interest Income": NaN,
        "Normalized Income": NaN,
        "Net Income From Continuing And Discontinued Operation": NaN,
        "Total Expenses": NaN,
        "Total Operating Income As Reported": NaN,
        "Diluted Average Shares": 41778774.0,
        "Basic Average Shares": 41778774.0,
        "Diluted EPS": -0.4,
        "Basic EPS": -0.4,
        "Diluted NI Availto Com Stockholders": NaN,
        "Net Income Common Stockholders": NaN,
        "Net Income": NaN,
        "Net Income Including Noncontrolling Interests": NaN,
        "Net Income Continuous Operations": NaN,
        "Tax Provision": NaN,
        "Pretax Income": NaN,
        "Other Income Expense": NaN,
        "Special Income Charges": NaN,
        "Gain On Sale Of Ppe": NaN,
        "Impairment Of Capital Assets": NaN,
        "Gain On Sale Of Security": NaN,
        "Net Non Operating Interest Income Expense": NaN,
        "Interest Expense Non Operating": NaN,
        "Interest Income Non Operating": NaN,
        "Operating Income": NaN,
        "Operating Expense": NaN,
        "Depreciation Amortization Depletion Income Statement": NaN,
        "Depreciation And Amortization In Income Statement": NaN,
        "Amortization": NaN,
        "Amortization Of Intangibles Income Statement": NaN,
        "Research And Development": NaN,
        "Selling General And Administration": NaN,
        "Gross Profit": NaN,
        "Cost Of Revenue": NaN,
        "Total Revenue": NaN,
        "Operating Revenue": NaN
    },
    "2024-06-30": {
        "Tax Effect Of Unusual Items": 1213800.0,
        "Tax Rate For Calcs": 0.21,
        "Normalized EBITDA": -21963000.0,
        "Total Unusual Items": 5780000.0,
        "Total Unusual Items Excluding Goodwill": 5780000.0,
        "Net Income From Continuing Operation Net Minority Interest": -19925000.0,
        "Reconciled Depreciation": 1562000.0,
        "Reconciled Cost Of Revenue": 3557000.0,
        "EBITDA": -16183000.0,
        "EBIT": -17745000.0,
        "Net Interest Income": -1840000.0,
        "Interest Expense": 2110000.0,
        "Interest Income": 270000.0,
        "Normalized Income": -24491200.0,
        "Net Income From Continuing And Discontinued Operation": -19925000.0,
        "Total Expenses": 28244000.0,
        "Total Operating Income As Reported": -23795000.0,
        "Diluted Average Shares": 41899087.0,
        "Basic Average Shares": 41899087.0,
        "Diluted EPS": -0.48,
        "Basic EPS": -0.48,
        "Diluted NI Availto Com Stockholders": -19925000.0,
        "Net Income Common Stockholders": -19925000.0,
        "Net Income": -19925000.0,
        "Net Income Including Noncontrolling Interests": -19925000.0,
        "Net Income Continuous Operations": -19925000.0,
        "Tax Provision": 70000.0,
        "Pretax Income": -19855000.0,
        "Other Income Expense": 5780000.0,
        "Special Income Charges": 0.0,
        "Gain On Sale Of Ppe": 0.0,
        "Impairment Of Capital Assets": 0.0,
        "Gain On Sale Of Security": 5780000.0,
        "Net Non Operating Interest Income Expense": -1840000.0,
        "Interest Expense Non Operating": 2110000.0,
        "Interest Income Non Operating": 270000.0,
        "Operating Income": -23795000.0,
        "Operating Expense": 24671000.0,
        "Depreciation Amortization Depletion Income Statement": 1546000.0,
        "Depreciation And Amortization In Income Statement": 1546000.0,
        "Amortization": 1546000.0,
        "Amortization Of Intangibles Income Statement": 1546000.0,
        "Research And Development": 10521000.0,
        "Selling General And Administration": 12604000.0,
        "Gross Profit": 876000.0,
        "Cost Of Revenue": 3573000.0,
        "Total Revenue": 4449000.0,
        "Operating Revenue": 4449000.0
    },
    "2024-09-30": {
        "Tax Effect Of Unusual Items": 0.0,
        "Tax Rate For Calcs": 0.0,
        "Normalized EBITDA": -24640000.0,
        "Total Unusual Items": -4656000.0,
        "Total Unusual Items Excluding Goodwill": -4656000.0,
        "Net Income From Continuing Operation Net Minority Interest": -33225000.0,
        "Reconciled Depreciation": 1617000.0,
        "Reconciled Cost Of Revenue": 2231000.0,
        "EBITDA": -29296000.0,
        "EBIT": -30913000.0,
        "Net Interest Income": -1263000.0,
        "Interest Expense": 2312000.0,
        "Interest Income": 1049000.0,
        "Normalized Income": -28569000.0,
        "Net Income From Continuing And Discontinued Operation": -33225000.0,
        "Total Expenses": 31001000.0,
        "Total Operating Income As Reported": -27306000.0,
        "Diluted Average Shares": 47808817.0,
        "Basic Average Shares": 47808817.0,
        "Diluted EPS": -0.69,
        "Basic EPS": -0.69,
        "Diluted NI Availto Com Stockholders": -33225000.0,
        "Net Income Common Stockholders": -33225000.0,
        "Net Income": -33225000.0,
        "Net Income Including Noncontrolling Interests": -33225000.0,
        "Net Income Continuous Operations": -33225000.0,
        "Tax Provision": 0.0,
        "Pretax Income": -33225000.0,
        "Other Income Expense": -4656000.0,
        "Special Income Charges": NaN,
        "Gain On Sale Of Ppe": NaN,
        "Impairment Of Capital Assets": NaN,
        "Gain On Sale Of Security": -4656000.0,
        "Net Non Operating Interest Income Expense": -1263000.0,
        "Interest Expense Non Operating": 2312000.0,
        "Interest Income Non Operating": 1049000.0,
        "Operating Income": -27306000.0,
        "Operating Expense": 28698000.0,
        "Depreciation Amortization Depletion Income Statement": 1545000.0,
        "Depreciation And Amortization In Income Statement": 1545000.0,
        "Amortization": 1545000.0,
        "Amortization Of Intangibles Income Statement": 1545000.0,
        "Research And Development": 10945000.0,
        "Selling General And Administration": 16208000.0,
        "Gross Profit": 1392000.0,
        "Cost Of Revenue": 2303000.0,
        "Total Revenue": 3695000.0,
        "Operating Revenue": 3695000.0
    },
    "2024-12-31": {
        "Tax Effect Of Unusual Items": -563850.0,
        "Tax Rate For Calcs": 0.21,
        "Normalized EBITDA": -13841000.0,
        "Total Unusual Items": -2685000.0,
        "Total Unusual Items Excluding Goodwill": -2685000.0,
        "Net Income From Continuing Operation Net Minority Interest": -35739000.0,
        "Reconciled Depreciation": 1648000.0,
        "Reconciled Cost Of Revenue": 1334000.0,
        "EBITDA": -16526000.0,
        "EBIT": -18174000.0,
        "Net Interest Income": -2267000.0,
        "Interest Expense": 2194000.0,
        "Interest Income": -73000.0,
        "Normalized Income": -33617850.0,
        "Net Income From Continuing And Discontinued Operation": -35739000.0,
        "Total Expenses": 27459000.0,
        "Total Operating Income As Reported": -15416000.0,
        "Diluted Average Shares": NaN,
        "Basic Average Shares": NaN,
        "Diluted EPS": NaN,
        "Basic EPS": NaN,
        "Diluted NI Availto Com Stockholders": -35739000.0,
        "Net Income Common Stockholders": -35739000.0,
        "Net Income": -35739000.0,
        "Net Income Including Noncontrolling Interests": -35739000.0,
        "Net Income Continuous Operations": -35739000.0,
        "Tax Provision": 15371000.0,
        "Pretax Income": -20368000.0,
        "Other Income Expense": -2685000.0,
        "Special Income Charges": NaN,
        "Gain On Sale Of Ppe": NaN,
        "Impairment Of Capital Assets": NaN,
        "Gain On Sale Of Security": -2685000.0,
        "Net Non Operating Interest Income Expense": -2267000.0,
        "Interest Expense Non Operating": 2194000.0,
        "Interest Income Non Operating": -73000.0,
        "Operating Income": -15416000.0,
        "Operating Expense": 26093000.0,
        "Depreciation Amortization Depletion Income Statement": 1616000.0,
        "Depreciation And Amortization In Income Statement": 1616000.0,
        "Amortization": 1616000.0,
        "Amortization Of Intangibles Income Statement": 1616000.0,
        "Research And Development": 8352000.0,
        "Selling General And Administration": 16125000.0,
        "Gross Profit": 10677000.0,
        "Cost Of Revenue": 1366000.0,
        "Total Revenue": 12043000.0,
        "Operating Revenue": 12043000.0
    },
    "2023-12-31": {
        "Tax Effect Of Unusual Items": NaN,
        "Tax Rate For Calcs": NaN,
        "Normalized EBITDA": NaN,
        "Total Unusual Items": NaN,
        "Total Unusual Items Excluding Goodwill": NaN,
        "Net Income From Continuing Operation Net Minority Interest": NaN,
        "Reconciled Depreciation": NaN,
        "Reconciled Cost Of Revenue": NaN,
        "EBITDA": NaN,
        "EBIT": NaN,
        "Net Interest Income": NaN,
        "Interest Expense": NaN,
        "Interest Income": NaN,
        "Normalized Income": NaN,
        "Net Income From Continuing And Discontinued Operation": NaN,
        "Total Expenses": NaN,
        "Total Operating Income As Reported": NaN,
        "Diluted Average Shares": NaN,
        "Basic Average Shares": NaN,
        "Diluted EPS": NaN,
        "Basic EPS": NaN,
        "Diluted NI Availto Com Stockholders": NaN,
        "Net Income Common Stockholders": NaN,
        "Net Income": NaN,
        "Net Income Including Noncontrolling Interests": NaN,
        "Net Income Continuous Operations": NaN,
        "Tax Provision": NaN,
        "Pretax Income": NaN,
        "Other Income Expense": NaN,
        "Special Income Charges": 0.0,
        "Gain On Sale Of Ppe": NaN,
        "Impairment Of Capital Assets": NaN,
        "Gain On Sale Of Security": NaN,
        "Net Non Operating Interest Income Expense": NaN,
        "Interest Expense Non Operating": NaN,
        "Interest Income Non Operating": NaN,
        "Operating Income": NaN,
        "Operating Expense": NaN,
        "Depreciation Amortization Depletion Income Statement": NaN,
        "Depreciation And Amortization In Income Statement": NaN,
        "Amortization": NaN,
        "Amortization Of Intangibles Income Statement": NaN,
        "Research And Development": NaN,
        "Selling General And Administration": NaN,
        "Gross Profit": NaN,
        "Cost Of Revenue": NaN,
        "Total Revenue": NaN,
        "Operating Revenue": NaN
    },
    "2025-03-31": {
        "Tax Effect Of Unusual Items": 1022910.0,
        "Tax Rate For Calcs": 0.21,
        "Normalized EBITDA": -3170000.0,
        "Total Unusual Items": 4871000.0,
        "Total Unusual Items Excluding Goodwill": 4871000.0,
        "Net Income From Continuing Operation Net Minority Interest": -3099000.0,
        "Reconciled Depreciation": 1649000.0,
        "Reconciled Cost Of Revenue": 1311000.0,
        "EBITDA": 1701000.0,
        "EBIT": 52000.0,
        "Net Interest Income": -1426000.0,
        "Interest Expense": 1969000.0,
        "Interest Income": 543000.0,
        "Normalized Income": -6947090.0,
        "Net Income From Continuing And Discontinued Operation": -3099000.0,
        "Total Expenses": 25763000.0,
        "Total Operating Income As Reported": -5362000.0,
        "Diluted Average Shares": 54095543.0,
        "Basic Average Shares": 54095543.0,
        "Diluted EPS": -0.06,
        "Basic EPS": -0.06,
        "Diluted NI Availto Com Stockholders": -3099000.0,
        "Net Income Common Stockholders": -3099000.0,
        "Net Income": -3099000.0,
        "Net Income Including Noncontrolling Interests": -3099000.0,
        "Net Income Continuous Operations": -3099000.0,
        "Tax Provision": 1182000.0,
        "Pretax Income": -1917000.0,
        "Other Income Expense": 4871000.0,
        "Special Income Charges": NaN,
        "Gain On Sale Of Ppe": NaN,
        "Impairment Of Capital Assets": NaN,
        "Gain On Sale Of Security": 4871000.0,
        "Net Non Operating Interest Income Expense": -1426000.0,
        "Interest Expense Non Operating": 1969000.0,
        "Interest Income Non Operating": 543000.0,
        "Operating Income": -5362000.0,
        "Operating Expense": 24418000.0,
        "Depreciation Amortization Depletion Income Statement": 1615000.0,
        "Depreciation And Amortization In Income Statement": 1615000.0,
        "Amortization": 1615000.0,
        "Amortization Of Intangibles Income Statement": 1615000.0,
        "Research And Development": 3258000.0,
        "Selling General And Administration": 19545000.0,
        "Gross Profit": 19056000.0,
        "Cost Of Revenue": 1345000.0,
        "Total Revenue": 20401000.0,
        "Operating Revenue": 20401000.0
    },
    "2025-06-30": {
        "Tax Effect Of Unusual Items": 2540976.438769,
        "Tax Rate For Calcs": 0.028593,
        "Normalized EBITDA": -8300000.0,
        "Total Unusual Items": 88866000.0,
        "Total Unusual Items Excluding Goodwill": 88866000.0,
        "Net Income From Continuing Operation Net Minority Interest": 74707000.0,
        "Reconciled Depreciation": 1651000.0,
        "Reconciled Cost Of Revenue": 12344000.0,
        "EBITDA": 80566000.0,
        "EBIT": 78915000.0,
        "Net Interest Income": 369000.0,
        "Interest Expense": 2009000.0,
        "Interest Income": 2378000.0,
        "Normalized Income": -11618023.561231,
        "Net Income From Continuing And Discontinued Operation": 74707000.0,
        "Total Expenses": 38210000.0,
        "Total Operating Income As Reported": -71039000.0,
        "Diluted Average Shares": 56324903.0,
        "Basic Average Shares": 54780938.0,
        "Diluted EPS": 1.21,
        "Basic EPS": 1.24,
        "Diluted NI Availto Com Stockholders": 74707000.0,
        "Net Income Common Stockholders": 74707000.0,
        "Net Income": 74707000.0,
        "Net Income Including Noncontrolling Interests": 74707000.0,
        "Net Income Continuous Operations": 74707000.0,
        "Tax Provision": 2199000.0,
        "Pretax Income": 76906000.0,
        "Other Income Expense": 88866000.0,
        "Special Income Charges": 89615000.0,
        "Gain On Sale Of Ppe": 148325000.0,
        "Impairment Of Capital Assets": 58710000.0,
        "Gain On Sale Of Security": -749000.0,
        "Net Non Operating Interest Income Expense": 369000.0,
        "Interest Expense Non Operating": 2009000.0,
        "Interest Income Non Operating": 2378000.0,
        "Operating Income": -12329000.0,
        "Operating Expense": 25831000.0,
        "Depreciation Amortization Depletion Income Statement": 1616000.0,
        "Depreciation And Amortization In Income Statement": 1616000.0,
        "Amortization": 1616000.0,
        "Amortization Of Intangibles Income Statement": 1616000.0,
        "Research And Development": 3433000.0,
        "Selling General And Administration": 20782000.0,
        "Gross Profit": 13502000.0,
        "Cost Of Revenue": 12379000.0,
        "Total Revenue": 25881000.0,
        "Operating Revenue": 25881000.0
    }
}