{
    "2023-03-31": {
        "Tax Effect Of Unusual Items": NaN,
        "Tax Rate For Calcs": NaN,
        "Normalized EBITDA": NaN,
        "Total Unusual Items": NaN,
        "Total Unusual Items Excluding Goodwill": NaN,
        "Net Income From Continuing Operation Net Minority Interest": NaN,
        "Reconciled Depreciation": NaN,
        "EBITDA": NaN,
        "EBIT": NaN,
        "Net Interest Income": NaN,
        "Interest Income": NaN,
        "Normalized Income": NaN,
        "Net Income From Continuing And Discontinued Operation": NaN,
        "Total Expenses": NaN,
        "Total Operating Income As Reported": NaN,
        "Diluted Average Shares": 66742080.0,
        "Basic Average Shares": 66739308.0,
        "Diluted EPS": -0.37,
        "Basic EPS": -0.36,
        "Diluted NI Availto Com Stockholders": NaN,
        "Average Dilution Earnings": NaN,
        "Net Income Common Stockholders": NaN,
        "Net Income": NaN,
        "Net Income Including Noncontrolling Interests": NaN,
        "Net Income Continuous Operations": NaN,
        "Tax Provision": NaN,
        "Pretax Income": NaN,
        "Other Income Expense": NaN,
        "Other Non Operating Income Expenses": NaN,
        "Special Income Charges": NaN,
        "Impairment Of Capital Assets": NaN,
        "Gain On Sale Of Security": NaN,
        "Net Non Operating Interest Income Expense": NaN,
        "Interest Income Non Operating": NaN,
        "Operating Income": NaN,
        "Operating Expense": NaN,
        "Research And Development": NaN,
        "Selling General And Administration": NaN,
        "General And Administrative Expense": NaN,
        "Other Gand A": NaN,
        "Salaries And Wages": NaN,
        "Total Revenue": NaN,
        "Operating Revenue": NaN
    },
    "2022-12-31": {
        "Tax Effect Of Unusual Items": NaN,
        "Tax Rate For Calcs": NaN,
        "Normalized EBITDA": NaN,
        "Total Unusual Items": NaN,
        "Total Unusual Items Excluding Goodwill": NaN,
        "Net Income From Continuing Operation Net Minority Interest": NaN,
        "Reconciled Depreciation": NaN,
        "EBITDA": NaN,
        "EBIT": NaN,
        "Net Interest Income": NaN,
        "Interest Income": NaN,
        "Normalized Income": NaN,
        "Net Income From Continuing And Discontinued Operation": NaN,
        "Total Expenses": NaN,
        "Total Operating Income As Reported": NaN,
        "Diluted Average Shares": 66565937.0,
        "Basic Average Shares": 66510825.0,
        "Diluted EPS": 4.65,
        "Basic EPS": 4.65,
        "Diluted NI Availto Com Stockholders": NaN,
        "Average Dilution Earnings": NaN,
        "Net Income Common Stockholders": NaN,
        "Net Income": NaN,
        "Net Income Including Noncontrolling Interests": NaN,
        "Net Income Continuous Operations": NaN,
        "Tax Provision": NaN,
        "Pretax Income": NaN,
        "Other Income Expense": NaN,
        "Other Non Operating Income Expenses": NaN,
        "Gain On Sale Of Security": NaN,
        "Net Non Operating Interest Income Expense": NaN,
        "Interest Income Non Operating": NaN,
        "Operating Income": NaN,
        "Operating Expense": NaN,
        "Research And Development": NaN,
        "Selling General And Administration": NaN,
        "General And Administrative Expense": NaN,
        "Other Gand A": NaN,
        "Total Revenue": NaN,
        "Operating Revenue": NaN
    },
    "2022-09-30": {
        "Tax Effect Of Unusual Items": 881.963446,
        "Tax Rate For Calcs": 0.000606,
        "Normalized EBITDA": -49621000.0,
        "Total Unusual Items": 1456000.0,
        "Total Unusual Items Excluding Goodwill": 1456000.0,
        "Net Income From Continuing Operation Net Minority Interest": -47846000.0,
        "Reconciled Depreciation": 2193000.0,
        "EBITDA": -48165000.0,
        "EBIT": -50358000.0,
        "Net Interest Income": 1125000.0,
        "Interest Income": 1125000.0,
        "Normalized Income": -49301118.036554,
        "Net Income From Continuing And Discontinued Operation": -47846000.0,
        "Total Expenses": 52989000.0,
        "Total Operating Income As Reported": -50358000.0,
        "Diluted Average Shares": 66478157.0,
        "Basic Average Shares": 66477016.0,
        "Diluted EPS": -0.72,
        "Basic EPS": -0.72,
        "Diluted NI Availto Com Stockholders": -47846000.0,
        "Average Dilution Earnings": NaN,
        "Net Income Common Stockholders": -47846000.0,
        "Net Income": -47846000.0,
        "Net Income Including Noncontrolling Interests": -47846000.0,
        "Net Income Continuous Operations": -47846000.0,
        "Tax Provision": -29000.0,
        "Pretax Income": -47875000.0,
        "Other Income Expense": 1358000.0,
        "Other Non Operating Income Expenses": -98000.0,
        "Gain On Sale Of Security": 1456000.0,
        "Net Non Operating Interest Income Expense": 1125000.0,
        "Interest Income Non Operating": 1125000.0,
        "Operating Income": -50358000.0,
        "Operating Expense": 52989000.0,
        "Research And Development": 37097000.0,
        "Selling General And Administration": 15892000.0,
        "General And Administrative Expense": 15892000.0,
        "Other Gand A": 15892000.0,
        "Total Revenue": 2631000.0,
        "Operating Revenue": 2631000.0
    },
    "2022-06-30": {
        "Tax Effect Of Unusual Items": 0.0,
        "Tax Rate For Calcs": 0.000139,
        "Normalized EBITDA": -63651000.0,
        "Total Unusual Items": NaN,
        "Total Unusual Items Excluding Goodwill": NaN,
        "Net Income From Continuing Operation Net Minority Interest": -64619000.0,
        "Reconciled Depreciation": 2172000.0,
        "EBITDA": -63651000.0,
        "EBIT": -65823000.0,
        "Net Interest Income": 436000.0,
        "Interest Income": 436000.0,
        "Normalized Income": -64619000.0,
        "Net Income From Continuing And Discontinued Operation": -64619000.0,
        "Total Expenses": 71265000.0,
        "Total Operating Income As Reported": -65823000.0,
        "Diluted Average Shares": 66354784.0,
        "Basic Average Shares": 66353279.0,
        "Diluted EPS": -0.97,
        "Basic EPS": -0.97,
        "Diluted NI Availto Com Stockholders": -64619000.0,
        "Average Dilution Earnings": NaN,
        "Net Income Common Stockholders": -64619000.0,
        "Net Income": -64619000.0,
        "Net Income Including Noncontrolling Interests": -64619000.0,
        "Net Income Continuous Operations": -64619000.0,
        "Tax Provision": -9000.0,
        "Pretax Income": -64628000.0,
        "Other Income Expense": 759000.0,
        "Other Non Operating Income Expenses": 759000.0,
        "Gain On Sale Of Security": NaN,
        "Net Non Operating Interest Income Expense": 436000.0,
        "Interest Income Non Operating": 436000.0,
        "Operating Income": -65823000.0,
        "Operating Expense": 71265000.0,
        "Research And Development": 56022000.0,
        "Selling General And Administration": 15243000.0,
        "General And Administrative Expense": 15243000.0,
        "Other Gand A": 15243000.0,
        "Total Revenue": 5442000.0,
        "Operating Revenue": 5442000.0
    },
    "2022-03-31": {
        "Diluted EPS": -1.19,
        "Total Revenue": 2,
        "Gross Profit": -61,
        "Operating Income": -73,
        "EBIT": -67,
        "Net Income": -73
    },
    "2021-12-31": {
        "Diluted EPS": -1.18,
        "Total Revenue": 20,
        "Gross Profit": -35,
        "Operating Income": -41,
        "EBIT": -39,
        "Net Income": -39
    },
    "2021-09-30": {
        "Diluted EPS": -1.25,
        "Total Revenue": 4,
        "Gross Profit": -45,
        "Operating Income": -61,
        "EBIT": -58,
        "Net Income": -61
    },
    "2021-06-30": {
        "Diluted EPS": -1.31,
        "Total Revenue": 2,
        "Gross Profit": -49,
        "Operating Income": -69,
        "EBIT": -66,
        "Net Income": -68
    },
    "2021-03-31": {
        "Diluted EPS": -0.87,
        "Total Revenue": 1,
        "Gross Profit": -44,
        "Operating Income": -45,
        "EBIT": -42,
        "Net Income": -45
    },
    "2020-12-31": {
        "Diluted EPS": -0.74,
        "Total Revenue": 16,
        "Gross Profit": -24,
        "Operating Income": -38,
        "EBIT": -35,
        "Net Income": -38
    },
    "2020-09-30": {
        "Diluted EPS": -1.43,
        "Total Revenue": 3,
        "Gross Profit": -52,
        "Operating Income": -74,
        "EBIT": -69,
        "Net Income": -73
    },
    "2020-06-30": {
        "Diluted EPS": -0.77,
        "Total Revenue": 12,
        "Gross Profit": -27,
        "Operating Income": -40,
        "EBIT": -40,
        "Net Income": -39
    },
    "2020-03-31": {
        "Diluted EPS": -0.64,
        "Total Revenue": 8,
        "Gross Profit": -29,
        "Operating Income": -36,
        "EBIT": -33,
        "Net Income": -31
    },
    "2019-12-31": {
        "Diluted EPS": -1.81,
        "Total Revenue": 2,
        "Gross Profit": -44,
        "Operating Income": -74,
        "EBIT": -71,
        "Net Income": -72
    },
    "2019-09-30": {
        "Diluted EPS": -0.7,
        "Total Revenue": 8,
        "Gross Profit": -21,
        "Operating Income": -34,
        "EBIT": -32,
        "Net Income": -30
    },
    "2019-06-30": {
        "Diluted EPS": -0.89,
        "Total Revenue": 8,
        "Gross Profit": -16,
        "Operating Income": -29,
        "EBIT": -28,
        "Net Income": -29
    },
    "2019-03-31": {
        "Diluted EPS": -0.43,
        "Total Revenue": 12,
        "Gross Profit": -6,
        "Operating Income": -15,
        "EBIT": -13,
        "Net Income": -14
    },
    "2018-12-31": {
        "Diluted EPS": 0.38,
        "Total Revenue": 29,
        "Gross Profit": 15,
        "Operating Income": 8,
        "EBIT": 9,
        "Net Income": 9
    },
    "2018-09-30": {
        "Diluted EPS": -0.59,
        "Total Revenue": 2,
        "Gross Profit": -12,
        "Operating Income": -20,
        "EBIT": -19,
        "Net Income": -19
    },
    "2018-06-30": {
        "Diluted EPS": -0.22,
        "Total Revenue": 22,
        "Gross Profit": 7,
        "Operating Income": -2,
        "EBIT": -1,
        "Net Income": -6
    },
    "2018-03-31": {
        "Diluted EPS": -0.83,
        "Total Revenue": 0,
        "Gross Profit": -13,
        "Operating Income": -20,
        "EBIT": -19,
        "Net Income": -21
    },
    "2017-12-31": {
        "Diluted EPS": 1.89,
        "Total Revenue": 50,
        "Gross Profit": 37,
        "Operating Income": 33,
        "EBIT": 34,
        "Net Income": 33
    },
    "2017-09-30": {
        "Diluted EPS": -0.65,
        "Total Revenue": 0,
        "Gross Profit": -11,
        "Operating Income": -17,
        "EBIT": -16,
        "Net Income": -16
    },
    "2017-06-30": {
        "Diluted EPS": -0.63,
        "Total Revenue": 1,
        "Gross Profit": -7,
        "Operating Income": -9,
        "EBIT": -9,
        "Net Income": -11
    },
    "2017-03-31": {
        "Diluted EPS": -1.25,
        "Total Revenue": 0,
        "Gross Profit": -9,
        "Operating Income": -16,
        "EBIT": -16,
        "Net Income": -16
    },
    "2016-12-31": {
        "Diluted EPS": -0.89,
        "Total Revenue": 2,
        "Gross Profit": -7,
        "Operating Income": -11,
        "EBIT": -10,
        "Net Income": -11
    },
    "2016-09-30": {
        "Diluted EPS": -0.94,
        "Total Revenue": 2,
        "Gross Profit": -8,
        "Operating Income": -11,
        "EBIT": -11,
        "Net Income": -12
    },
    "2016-06-30": {
        "Diluted EPS": -0.58,
        "Total Revenue": 6,
        "Gross Profit": -4,
        "Operating Income": -7,
        "EBIT": -6,
        "Net Income": -7
    },
    "2016-03-31": {
        "Diluted EPS": -0.24,
        "Total Revenue": 0,
        "Gross Profit": -8,
        "Operating Income": -10,
        "EBIT": -10,
        "Net Income": -3
    },
    "2015-12-31": {
        "Diluted EPS": 0.0,
        "Total Revenue": NaN,
        "Gross Profit": NaN,
        "Operating Income": NaN,
        "EBIT": NaN,
        "Net Income": NaN
    },
    "2023-06-30": {
        "Tax Effect Of Unusual Items": NaN,
        "Tax Rate For Calcs": NaN,
        "Normalized EBITDA": NaN,
        "Total Unusual Items": NaN,
        "Total Unusual Items Excluding Goodwill": NaN,
        "Net Income From Continuing Operation Net Minority Interest": NaN,
        "Reconciled Depreciation": NaN,
        "EBITDA": NaN,
        "EBIT": NaN,
        "Net Interest Income": NaN,
        "Interest Income": NaN,
        "Normalized Income": NaN,
        "Net Income From Continuing And Discontinued Operation": NaN,
        "Total Expenses": NaN,
        "Total Operating Income As Reported": NaN,
        "Diluted Average Shares": 67284511.0,
        "Basic Average Shares": 67281028.0,
        "Diluted EPS": -0.76,
        "Basic EPS": -0.76,
        "Diluted NI Availto Com Stockholders": NaN,
        "Average Dilution Earnings": NaN,
        "Net Income Common Stockholders": NaN,
        "Net Income": NaN,
        "Net Income Including Noncontrolling Interests": NaN,
        "Net Income Continuous Operations": NaN,
        "Tax Provision": NaN,
        "Pretax Income": NaN,
        "Other Income Expense": NaN,
        "Other Non Operating Income Expenses": NaN,
        "Special Income Charges": 0.0,
        "Impairment Of Capital Assets": 0.0,
        "Gain On Sale Of Security": NaN,
        "Net Non Operating Interest Income Expense": NaN,
        "Interest Income Non Operating": NaN,
        "Operating Income": NaN,
        "Operating Expense": NaN,
        "Research And Development": NaN,
        "Selling General And Administration": NaN,
        "General And Administrative Expense": NaN,
        "Other Gand A": NaN,
        "Salaries And Wages": 5500000.0,
        "Total Revenue": NaN,
        "Operating Revenue": NaN
    },
    "2023-09-30": {
        "Tax Effect Of Unusual Items": NaN,
        "Tax Rate For Calcs": NaN,
        "Normalized EBITDA": NaN,
        "Total Unusual Items": NaN,
        "Total Unusual Items Excluding Goodwill": NaN,
        "Net Income From Continuing Operation Net Minority Interest": NaN,
        "Reconciled Depreciation": NaN,
        "EBITDA": NaN,
        "EBIT": NaN,
        "Net Interest Income": NaN,
        "Interest Income": NaN,
        "Normalized Income": NaN,
        "Net Income From Continuing And Discontinued Operation": NaN,
        "Total Expenses": NaN,
        "Total Operating Income As Reported": NaN,
        "Diluted Average Shares": 70575773.0,
        "Basic Average Shares": 70575773.0,
        "Diluted EPS": -0.41,
        "Basic EPS": -0.41,
        "Diluted NI Availto Com Stockholders": NaN,
        "Average Dilution Earnings": NaN,
        "Net Income Common Stockholders": NaN,
        "Net Income": NaN,
        "Net Income Including Noncontrolling Interests": NaN,
        "Net Income Continuous Operations": NaN,
        "Tax Provision": NaN,
        "Pretax Income": NaN,
        "Other Income Expense": NaN,
        "Other Non Operating Income Expenses": NaN,
        "Special Income Charges": 0.0,
        "Impairment Of Capital Assets": 0.0,
        "Gain On Sale Of Security": NaN,
        "Net Non Operating Interest Income Expense": NaN,
        "Interest Income Non Operating": NaN,
        "Operating Income": NaN,
        "Operating Expense": NaN,
        "Research And Development": NaN,
        "Selling General And Administration": NaN,
        "General And Administrative Expense": NaN,
        "Other Gand A": NaN,
        "Salaries And Wages": 4500000.0,
        "Total Revenue": NaN,
        "Operating Revenue": NaN
    },
    "2023-12-31": {
        "Tax Effect Of Unusual Items": -136220.995626,
        "Tax Rate For Calcs": 0.245886,
        "Normalized EBITDA": -19473000.0,
        "Total Unusual Items": -554000.0,
        "Total Unusual Items Excluding Goodwill": -554000.0,
        "Net Income From Continuing Operation Net Minority Interest": -14482000.0,
        "Reconciled Depreciation": 3348000.0,
        "EBITDA": -20027000.0,
        "EBIT": -23375000.0,
        "Net Interest Income": 5049000.0,
        "Interest Income": 5049000.0,
        "Normalized Income": -14064220.995626,
        "Net Income From Continuing And Discontinued Operation": -14482000.0,
        "Total Expenses": 40301000.0,
        "Total Operating Income As Reported": -23421000.0,
        "Diluted Average Shares": NaN,
        "Basic Average Shares": NaN,
        "Diluted EPS": NaN,
        "Basic EPS": NaN,
        "Diluted NI Availto Com Stockholders": -14470000.0,
        "Average Dilution Earnings": 12000.0,
        "Net Income Common Stockholders": -14482000.0,
        "Net Income": -14482000.0,
        "Net Income Including Noncontrolling Interests": -14482000.0,
        "Net Income Continuous Operations": -14482000.0,
        "Tax Provision": -4722000.0,
        "Pretax Income": -19204000.0,
        "Other Income Expense": -832000.0,
        "Other Non Operating Income Expenses": -278000.0,
        "Special Income Charges": NaN,
        "Impairment Of Capital Assets": NaN,
        "Gain On Sale Of Security": -554000.0,
        "Net Non Operating Interest Income Expense": 5049000.0,
        "Interest Income Non Operating": 5049000.0,
        "Operating Income": -23375000.0,
        "Operating Expense": 40301000.0,
        "Research And Development": 25524000.0,
        "Selling General And Administration": 14777000.0,
        "General And Administrative Expense": 14777000.0,
        "Other Gand A": -7523000.0,
        "Salaries And Wages": NaN,
        "Total Revenue": 16926000.0,
        "Operating Revenue": 16926000.0
    },
    "2024-03-31": {
        "Tax Effect Of Unusual Items": 59850.0,
        "Tax Rate For Calcs": 0.21,
        "Normalized EBITDA": -35775000.0,
        "Total Unusual Items": 285000.0,
        "Total Unusual Items Excluding Goodwill": 285000.0,
        "Net Income From Continuing Operation Net Minority Interest": -31653000.0,
        "Reconciled Depreciation": 2312000.0,
        "EBITDA": -35490000.0,
        "EBIT": -37802000.0,
        "Net Interest Income": 5920000.0,
        "Interest Income": 5920000.0,
        "Normalized Income": -31878150.0,
        "Net Income From Continuing And Discontinued Operation": -31653000.0,
        "Total Expenses": 47832000.0,
        "Total Operating Income As Reported": -37802000.0,
        "Diluted Average Shares": 76248158.0,
        "Basic Average Shares": 76214833.0,
        "Diluted EPS": -0.42,
        "Basic EPS": -0.42,
        "Diluted NI Availto Com Stockholders": -31862000.0,
        "Average Dilution Earnings": -209000.0,
        "Net Income Common Stockholders": -31653000.0,
        "Net Income": -31653000.0,
        "Net Income Including Noncontrolling Interests": -31653000.0,
        "Net Income Continuous Operations": -31653000.0,
        "Tax Provision": 75000.0,
        "Pretax Income": -31578000.0,
        "Other Income Expense": 304000.0,
        "Other Non Operating Income Expenses": 19000.0,
        "Special Income Charges": NaN,
        "Impairment Of Capital Assets": NaN,
        "Gain On Sale Of Security": 285000.0,
        "Net Non Operating Interest Income Expense": 5920000.0,
        "Interest Income Non Operating": 5920000.0,
        "Operating Income": -37802000.0,
        "Operating Expense": 47832000.0,
        "Research And Development": 32042000.0,
        "Selling General And Administration": 15790000.0,
        "General And Administrative Expense": 15790000.0,
        "Other Gand A": 15790000.0,
        "Salaries And Wages": NaN,
        "Total Revenue": 10030000.0,
        "Operating Revenue": 10030000.0
    },
    "2024-06-30": {
        "Tax Effect Of Unusual Items": -3617460.0,
        "Tax Rate For Calcs": 0.21,
        "Normalized EBITDA": -5865000.0,
        "Total Unusual Items": -17226000.0,
        "Total Unusual Items Excluding Goodwill": -17226000.0,
        "Net Income From Continuing Operation Net Minority Interest": -37686000.0,
        "Reconciled Depreciation": 2529000.0,
        "EBITDA": -23091000.0,
        "EBIT": -25620000.0,
        "Net Interest Income": 5154000.0,
        "Interest Income": 5154000.0,
        "Normalized Income": -24077460.0,
        "Net Income From Continuing And Discontinued Operation": -37686000.0,
        "Total Expenses": 44863000.0,
        "Total Operating Income As Reported": -42886000.0,
        "Diluted Average Shares": 76396217.0,
        "Basic Average Shares": 76392593.0,
        "Diluted EPS": -0.49,
        "Basic EPS": -0.49,
        "Diluted NI Availto Com Stockholders": -37737000.0,
        "Average Dilution Earnings": -51000.0,
        "Net Income Common Stockholders": -37686000.0,
        "Net Income": -37686000.0,
        "Net Income Including Noncontrolling Interests": -37686000.0,
        "Net Income Continuous Operations": -37686000.0,
        "Tax Provision": 68000.0,
        "Pretax Income": -37618000.0,
        "Other Income Expense": -17173000.0,
        "Other Non Operating Income Expenses": 53000.0,
        "Special Income Charges": -17287000.0,
        "Impairment Of Capital Assets": 17287000.0,
        "Gain On Sale Of Security": 61000.0,
        "Net Non Operating Interest Income Expense": 5154000.0,
        "Interest Income Non Operating": 5154000.0,
        "Operating Income": -25620000.0,
        "Operating Expense": 44863000.0,
        "Research And Development": 29163000.0,
        "Selling General And Administration": 15700000.0,
        "General And Administrative Expense": 15700000.0,
        "Other Gand A": 9600000.0,
        "Salaries And Wages": 6100000.0,
        "Total Revenue": 19243000.0,
        "Operating Revenue": 19243000.0
    },
    "2024-09-30": {
        "Tax Effect Of Unusual Items": -35070.0,
        "Tax Rate For Calcs": 0.21,
        "Normalized EBITDA": -31423000.0,
        "Total Unusual Items": -167000.0,
        "Total Unusual Items Excluding Goodwill": -167000.0,
        "Net Income From Continuing Operation Net Minority Interest": -29850000.0,
        "Reconciled Depreciation": 2663000.0,
        "EBITDA": -31590000.0,
        "EBIT": -34253000.0,
        "Net Interest Income": 4785000.0,
        "Interest Income": 4785000.0,
        "Normalized Income": -29718070.0,
        "Net Income From Continuing And Discontinued Operation": -29850000.0,
        "Total Expenses": 50253000.0,
        "Total Operating Income As Reported": -34205000.0,
        "Diluted Average Shares": 76157101.0,
        "Basic Average Shares": 76128531.0,
        "Diluted EPS": -0.39,
        "Basic EPS": -0.39,
        "Diluted NI Availto Com Stockholders": -29906000.0,
        "Average Dilution Earnings": -56000.0,
        "Net Income Common Stockholders": -29850000.0,
        "Net Income": -29850000.0,
        "Net Income Including Noncontrolling Interests": -29850000.0,
        "Net Income Continuous Operations": -29850000.0,
        "Tax Provision": 226000.0,
        "Pretax Income": -29624000.0,
        "Other Income Expense": -204000.0,
        "Other Non Operating Income Expenses": -37000.0,
        "Special Income Charges": 0.0,
        "Impairment Of Capital Assets": 0.0,
        "Gain On Sale Of Security": -167000.0,
        "Net Non Operating Interest Income Expense": 4785000.0,
        "Interest Income Non Operating": 4785000.0,
        "Operating Income": -34253000.0,
        "Operating Expense": 50253000.0,
        "Research And Development": 36353000.0,
        "Selling General And Administration": 13900000.0,
        "General And Administrative Expense": 13900000.0,
        "Other Gand A": 7800000.0,
        "Salaries And Wages": 6100000.0,
        "Total Revenue": 16000000.0,
        "Operating Revenue": 16000000.0
    },
    "2024-12-31": {
        "Tax Effect Of Unusual Items": 125370.0,
        "Tax Rate For Calcs": 0.21,
        "Normalized EBITDA": -19140000.0,
        "Total Unusual Items": 597000.0,
        "Total Unusual Items Excluding Goodwill": 597000.0,
        "Net Income From Continuing Operation Net Minority Interest": -23506000.0,
        "Reconciled Depreciation": 3689000.0,
        "EBITDA": -18543000.0,
        "EBIT": -22232000.0,
        "Net Interest Income": 4082000.0,
        "Interest Income": 4082000.0,
        "Normalized Income": -23977630.0,
        "Net Income From Continuing And Discontinued Operation": -23506000.0,
        "Total Expenses": 53263000.0,
        "Total Operating Income As Reported": -22217000.0,
        "Diluted Average Shares": NaN,
        "Basic Average Shares": NaN,
        "Diluted EPS": NaN,
        "Basic EPS": NaN,
        "Diluted NI Availto Com Stockholders": -23168000.0,
        "Average Dilution Earnings": 338000.0,
        "Net Income Common Stockholders": -23506000.0,
        "Net Income": -23506000.0,
        "Net Income Including Noncontrolling Interests": -23506000.0,
        "Net Income Continuous Operations": -23506000.0,
        "Tax Provision": 5715000.0,
        "Pretax Income": -17791000.0,
        "Other Income Expense": 344000.0,
        "Other Non Operating Income Expenses": -253000.0,
        "Special Income Charges": 0.0,
        "Impairment Of Capital Assets": 0.0,
        "Gain On Sale Of Security": 597000.0,
        "Net Non Operating Interest Income Expense": 4082000.0,
        "Interest Income Non Operating": 4082000.0,
        "Operating Income": -22232000.0,
        "Operating Expense": 53263000.0,
        "Research And Development": 37063000.0,
        "Selling General And Administration": 16200000.0,
        "General And Administrative Expense": 16200000.0,
        "Other Gand A": 8700000.0,
        "Salaries And Wages": 7500000.0,
        "Total Revenue": 31031000.0,
        "Operating Revenue": 31031000.0
    }
}