{
    "2023-03-31": {
        "Tax Effect Of Unusual Items": 0.0,
        "Tax Rate For Calcs": 0.0,
        "Normalized EBITDA": -10329554.0,
        "Total Unusual Items": -89983.0,
        "Total Unusual Items Excluding Goodwill": -89983.0,
        "Net Income From Continuing Operation Net Minority Interest": -10113843.0,
        "Reconciled Depreciation": 51638.0,
        "EBITDA": -10419537.0,
        "EBIT": -10471175.0,
        "Net Interest Income": 447315.0,
        "Interest Income": 447315.0,
        "Normalized Income": -10023860.0,
        "Net Income From Continuing And Discontinued Operation": -10113843.0,
        "Total Expenses": 10471175.0,
        "Total Operating Income As Reported": -10471175.0,
        "Diluted Average Shares": 48430567.0,
        "Basic Average Shares": 48430567.0,
        "Diluted EPS": -0.21,
        "Basic EPS": -0.21,
        "Diluted NI Availto Com Stockholders": -10113843.0,
        "Net Income Common Stockholders": -10113843.0,
        "Net Income": -10113843.0,
        "Net Income Including Noncontrolling Interests": -10113843.0,
        "Net Income Continuous Operations": -10113843.0,
        "Pretax Income": -10113843.0,
        "Other Income Expense": -89983.0,
        "Gain On Sale Of Security": -89983.0,
        "Net Non Operating Interest Income Expense": 447315.0,
        "Interest Income Non Operating": 447315.0,
        "Operating Income": -10471175.0,
        "Operating Expense": 10471175.0,
        "Research And Development": 7078081.0,
        "Selling General And Administration": 3393094.0,
        "General And Administrative Expense": 3393094.0,
        "Other Gand A": 3393094.0,
        "Total Revenue": 0.0,
        "Operating Revenue": 0.0
    },
    "2022-12-31": {
        "Tax Effect Of Unusual Items": 0.0,
        "Tax Rate For Calcs": 0.0,
        "Normalized EBITDA": -8948656.0,
        "Total Unusual Items": 262677.0,
        "Total Unusual Items Excluding Goodwill": 262677.0,
        "Net Income From Continuing Operation Net Minority Interest": -8016032.0,
        "Reconciled Depreciation": 53363.0,
        "EBITDA": -8685979.0,
        "EBIT": -8685979.0,
        "Net Interest Income": 407270.0,
        "Interest Income": 407270.0,
        "Normalized Income": -8278709.0,
        "Net Income From Continuing And Discontinued Operation": -8016032.0,
        "Total Expenses": 8685979.0,
        "Total Operating Income As Reported": -8685979.0,
        "Diluted Average Shares": 45127998.0,
        "Basic Average Shares": 45127998.0,
        "Diluted EPS": -0.18,
        "Basic EPS": -0.18,
        "Diluted NI Availto Com Stockholders": -8016032.0,
        "Net Income Common Stockholders": -8016032.0,
        "Net Income": -8016032.0,
        "Net Income Including Noncontrolling Interests": -8016032.0,
        "Net Income Continuous Operations": -8016032.0,
        "Pretax Income": -8016032.0,
        "Other Income Expense": 262677.0,
        "Gain On Sale Of Security": 262677.0,
        "Net Non Operating Interest Income Expense": 407270.0,
        "Interest Income Non Operating": 407270.0,
        "Operating Income": -8685979.0,
        "Operating Expense": 8685979.0,
        "Research And Development": 5467516.0,
        "Selling General And Administration": 3218463.0,
        "General And Administrative Expense": 3218463.0,
        "Other Gand A": 3218463.0,
        "Total Revenue": 0.0,
        "Operating Revenue": 0.0
    },
    "2022-09-30": {
        "Tax Effect Of Unusual Items": 0.0,
        "Tax Rate For Calcs": 0.0,
        "Normalized EBITDA": -8006555.0,
        "Total Unusual Items": -435128.0,
        "Total Unusual Items Excluding Goodwill": -435128.0,
        "Net Income From Continuing Operation Net Minority Interest": -8676149.0,
        "Reconciled Depreciation": 51193.0,
        "EBITDA": -8441683.0,
        "EBIT": -8492876.0,
        "Net Interest Income": 251855.0,
        "Interest Income": 251855.0,
        "Normalized Income": -8241021.0,
        "Net Income From Continuing And Discontinued Operation": -8676149.0,
        "Total Expenses": 8492876.0,
        "Total Operating Income As Reported": -8492876.0,
        "Diluted Average Shares": 43746878.0,
        "Basic Average Shares": 43746878.0,
        "Diluted EPS": -0.2,
        "Basic EPS": -0.2,
        "Diluted NI Availto Com Stockholders": -8676149.0,
        "Net Income Common Stockholders": -8676149.0,
        "Net Income": -8676149.0,
        "Net Income Including Noncontrolling Interests": -8676149.0,
        "Net Income Continuous Operations": -8676149.0,
        "Pretax Income": -8676149.0,
        "Other Income Expense": -435128.0,
        "Gain On Sale Of Security": -435128.0,
        "Net Non Operating Interest Income Expense": 251855.0,
        "Interest Income Non Operating": 251855.0,
        "Operating Income": -8492876.0,
        "Operating Expense": 8492876.0,
        "Research And Development": 5039228.0,
        "Selling General And Administration": 3453648.0,
        "General And Administrative Expense": 3453648.0,
        "Other Gand A": 3453648.0,
        "Total Revenue": 0.0,
        "Operating Revenue": 0.0
    },
    "2022-06-30": {
        "Tax Effect Of Unusual Items": 0.0,
        "Tax Rate For Calcs": 0.0,
        "Normalized EBITDA": -8338811.0,
        "Total Unusual Items": -775927.0,
        "Total Unusual Items Excluding Goodwill": -775927.0,
        "Net Income From Continuing Operation Net Minority Interest": -9853006.0,
        "Reconciled Depreciation": 54032.0,
        "EBITDA": -9114738.0,
        "EBIT": -9168770.0,
        "Net Interest Income": 91691.0,
        "Interest Income": 91691.0,
        "Normalized Income": -9077079.0,
        "Net Income From Continuing And Discontinued Operation": -9853006.0,
        "Total Expenses": 9168770.0,
        "Total Operating Income As Reported": -9168770.0,
        "Diluted Average Shares": 41406803.0,
        "Basic Average Shares": 41406803.0,
        "Diluted EPS": -0.24,
        "Basic EPS": -0.24,
        "Diluted NI Availto Com Stockholders": -9853006.0,
        "Net Income Common Stockholders": -9853006.0,
        "Net Income": -9853006.0,
        "Net Income Including Noncontrolling Interests": -9853006.0,
        "Net Income Continuous Operations": -9853006.0,
        "Pretax Income": -9853006.0,
        "Other Income Expense": -775927.0,
        "Gain On Sale Of Security": -775927.0,
        "Net Non Operating Interest Income Expense": 91691.0,
        "Interest Income Non Operating": 91691.0,
        "Operating Income": -9168770.0,
        "Operating Expense": 9168770.0,
        "Research And Development": 5446317.0,
        "Selling General And Administration": 3722453.0,
        "General And Administrative Expense": 3722453.0,
        "Other Gand A": 3722453.0,
        "Total Revenue": 0.0,
        "Operating Revenue": 0.0
    },
    "2022-03-31": {
        "Diluted EPS": -0.21,
        "Total Revenue": NaN,
        "Gross Profit": NaN,
        "Operating Income": -9,
        "EBIT": -9,
        "Net Income": -8
    },
    "2021-12-31": {
        "Diluted EPS": -0.24,
        "Total Revenue": NaN,
        "Gross Profit": NaN,
        "Operating Income": -9,
        "EBIT": -9,
        "Net Income": -9
    },
    "2021-09-30": {
        "Diluted EPS": -0.26,
        "Total Revenue": NaN,
        "Gross Profit": NaN,
        "Operating Income": -10,
        "EBIT": -10,
        "Net Income": -11
    },
    "2021-06-30": {
        "Diluted EPS": -0.25,
        "Total Revenue": NaN,
        "Gross Profit": NaN,
        "Operating Income": -10,
        "EBIT": -10,
        "Net Income": -10
    },
    "2021-03-31": {
        "Diluted EPS": -0.2,
        "Total Revenue": NaN,
        "Gross Profit": NaN,
        "Operating Income": -8,
        "EBIT": -8,
        "Net Income": -8
    },
    "2020-12-31": {
        "Diluted EPS": -0.28,
        "Total Revenue": NaN,
        "Gross Profit": NaN,
        "Operating Income": -10,
        "EBIT": -10,
        "Net Income": -10
    },
    "2020-09-30": {
        "Diluted EPS": -0.31,
        "Total Revenue": NaN,
        "Gross Profit": NaN,
        "Operating Income": -9,
        "EBIT": -9,
        "Net Income": -9
    },
    "2020-06-30": {
        "Diluted EPS": -0.78,
        "Total Revenue": NaN,
        "Gross Profit": NaN,
        "Operating Income": -22,
        "EBIT": -22,
        "Net Income": -20
    },
    "2020-03-31": {
        "Diluted EPS": -0.53,
        "Total Revenue": NaN,
        "Gross Profit": NaN,
        "Operating Income": -11,
        "EBIT": -11,
        "Net Income": -12
    },
    "2019-12-31": {
        "Diluted EPS": -0.45,
        "Total Revenue": NaN,
        "Gross Profit": NaN,
        "Operating Income": -11,
        "EBIT": -11,
        "Net Income": -11
    },
    "2019-09-30": {
        "Diluted EPS": -0.08,
        "Total Revenue": NaN,
        "Gross Profit": NaN,
        "Operating Income": -2,
        "EBIT": -2,
        "Net Income": -2
    },
    "2019-06-30": {
        "Diluted EPS": -0.5,
        "Total Revenue": NaN,
        "Gross Profit": NaN,
        "Operating Income": -12,
        "EBIT": -11,
        "Net Income": -11
    },
    "2019-03-31": {
        "Diluted EPS": -0.47,
        "Total Revenue": NaN,
        "Gross Profit": NaN,
        "Operating Income": -9,
        "EBIT": -9,
        "Net Income": -9
    },
    "2018-12-31": {
        "Diluted EPS": -0.34,
        "Total Revenue": NaN,
        "Gross Profit": NaN,
        "Operating Income": -8,
        "EBIT": -8,
        "Net Income": -8
    },
    "2018-09-30": {
        "Diluted EPS": -0.47,
        "Total Revenue": NaN,
        "Gross Profit": NaN,
        "Operating Income": -8,
        "EBIT": -8,
        "Net Income": -8
    },
    "2018-06-30": {
        "Diluted EPS": -0.89,
        "Total Revenue": NaN,
        "Gross Profit": NaN,
        "Operating Income": -12,
        "EBIT": -12,
        "Net Income": -12
    },
    "2018-03-31": {
        "Diluted EPS": -0.91,
        "Total Revenue": NaN,
        "Gross Profit": NaN,
        "Operating Income": -12,
        "EBIT": -12,
        "Net Income": -12
    },
    "2017-12-31": {
        "Diluted EPS": -0.61,
        "Total Revenue": NaN,
        "Gross Profit": NaN,
        "Operating Income": -8,
        "EBIT": -8,
        "Net Income": -8
    },
    "2017-09-30": {
        "Diluted EPS": -0.63,
        "Total Revenue": NaN,
        "Gross Profit": NaN,
        "Operating Income": -9,
        "EBIT": -9,
        "Net Income": -8
    },
    "2017-06-30": {
        "Diluted EPS": -0.64,
        "Total Revenue": NaN,
        "Gross Profit": NaN,
        "Operating Income": -8,
        "EBIT": -8,
        "Net Income": -8
    },
    "2017-03-31": {
        "Diluted EPS": -0.6,
        "Total Revenue": NaN,
        "Gross Profit": NaN,
        "Operating Income": -8,
        "EBIT": -8,
        "Net Income": -7
    },
    "2016-12-31": {
        "Diluted EPS": -0.72,
        "Total Revenue": NaN,
        "Gross Profit": NaN,
        "Operating Income": -7,
        "EBIT": -7,
        "Net Income": -7
    },
    "2016-09-30": {
        "Diluted EPS": -0.67,
        "Total Revenue": NaN,
        "Gross Profit": NaN,
        "Operating Income": -6,
        "EBIT": -6,
        "Net Income": -6
    },
    "2016-06-30": {
        "Diluted EPS": -0.7,
        "Total Revenue": NaN,
        "Gross Profit": NaN,
        "Operating Income": -6,
        "EBIT": -6,
        "Net Income": -6
    },
    "2016-03-31": {
        "Diluted EPS": -0.49,
        "Total Revenue": 0,
        "Gross Profit": 0,
        "Operating Income": -4,
        "EBIT": -4,
        "Net Income": -4
    },
    "2015-12-31": {
        "Diluted EPS": -0.01,
        "Total Revenue": 0,
        "Gross Profit": 0,
        "Operating Income": -5,
        "EBIT": -5,
        "Net Income": -5
    },
    "2015-09-30": {
        "Diluted EPS": -0.66,
        "Total Revenue": 0,
        "Gross Profit": 0,
        "Operating Income": -4,
        "EBIT": -4,
        "Net Income": -4
    },
    "2015-06-30": {
        "Diluted EPS": -1.12,
        "Total Revenue": 0,
        "Gross Profit": 0,
        "Operating Income": -2,
        "EBIT": -2,
        "Net Income": -2
    },
    "2015-03-31": {
        "Diluted EPS": -1.03,
        "Total Revenue": 0,
        "Gross Profit": 0,
        "Operating Income": -1,
        "EBIT": -1,
        "Net Income": -1
    },
    "2014-12-31": {
        "Diluted EPS": -0.84,
        "Total Revenue": 0,
        "Gross Profit": 0,
        "Operating Income": -1,
        "EBIT": -1,
        "Net Income": -1
    },
    "2014-09-30": {
        "Diluted EPS": -2.64,
        "Total Revenue": 1,
        "Gross Profit": 1,
        "Operating Income": -3,
        "EBIT": -3,
        "Net Income": -3
    },
    "2014-06-30": {
        "Diluted EPS": -2.29,
        "Total Revenue": 0,
        "Gross Profit": 0,
        "Operating Income": -2,
        "EBIT": -2,
        "Net Income": -2
    },
    "2014-03-31": {
        "Diluted EPS": -0.67,
        "Total Revenue": 0,
        "Gross Profit": 0,
        "Operating Income": 0,
        "EBIT": 0,
        "Net Income": 0
    },
    "2013-12-31": {
        "Diluted EPS": 0.0,
        "Total Revenue": NaN,
        "Gross Profit": NaN,
        "Operating Income": NaN,
        "EBIT": NaN,
        "Net Income": NaN
    },
    "2023-06-30": {
        "Tax Effect Of Unusual Items": 0.0,
        "Tax Rate For Calcs": 0.0,
        "Normalized EBITDA": -10995938.0,
        "Total Unusual Items": -74576.0,
        "Total Unusual Items Excluding Goodwill": -74576.0,
        "Net Income From Continuing Operation Net Minority Interest": -10776065.0,
        "Reconciled Depreciation": 65693.0,
        "EBITDA": -11070514.0,
        "EBIT": -11136207.0,
        "Net Interest Income": 434718.0,
        "Interest Income": 434718.0,
        "Normalized Income": -10701489.0,
        "Net Income From Continuing And Discontinued Operation": -10776065.0,
        "Total Expenses": 11136207.0,
        "Total Operating Income As Reported": -11136207.0,
        "Diluted Average Shares": 50150138.0,
        "Basic Average Shares": 50150138.0,
        "Diluted EPS": -0.21,
        "Basic EPS": -0.21,
        "Diluted NI Availto Com Stockholders": -10776065.0,
        "Net Income Common Stockholders": -10776065.0,
        "Net Income": -10776065.0,
        "Net Income Including Noncontrolling Interests": -10776065.0,
        "Net Income Continuous Operations": -10776065.0,
        "Pretax Income": -10776065.0,
        "Other Income Expense": -74576.0,
        "Gain On Sale Of Security": -74576.0,
        "Net Non Operating Interest Income Expense": 434718.0,
        "Interest Income Non Operating": 434718.0,
        "Operating Income": -11136207.0,
        "Operating Expense": 11136207.0,
        "Research And Development": 7166708.0,
        "Selling General And Administration": 3969499.0,
        "General And Administrative Expense": 3969499.0,
        "Other Gand A": 3969499.0,
        "Total Revenue": 0.0,
        "Operating Revenue": 0.0
    }
}